{"20MICRONS.BO": {"recommendationTrend": {"trend": [{"period": "0m", "strongBuy": 0, "buy": 0, "hold": 0, "sell": 0, "strongSell": 0}, {"period": "-1m", "strongBuy": 0, "buy": 0, "hold": 0, "sell": 0, "strongSell": 0}, {"period": "-2m", "strongBuy": 0, "buy": 0, "hold": 0, "sell": 0, "strongSell": 0}, {"period": "-3m", "strongBuy": 0, "buy": 0, "hold": 0, "sell": 0, "strongSell": 0}], "maxAge": 86400}, "cashflowStatementHistory": {"cashflowStatements": [{"maxAge": 1, "endDate": "2020-03-31", "netIncome": 241171000, "depreciation": 124001000, "changeToNetincome": 204325000, "changeToAccountReceivables": -120223000, "changeToLiabilities": 220779000, "changeToInventory": -140929000, "changeToOperatingActivities": -102015000, "totalCashFromOperatingActivities": 428215000, "capitalExpenditures": -165946000, "investments": 529000, "otherCashflowsFromInvestingActivities": 20687000, "totalCashflowsFromInvestingActivities": -140119000, "dividendsPaid": -21168000, "netBorrowings": -65581000, "otherCashflowsFromFinancingActivities": -215317000, "totalCashFromFinancingActivities": -302066000, "changeInCash": -13970000}, {"maxAge": 1, "endDate": "2019-03-31", "netIncome": 249811000, "depreciation": 104677000, "changeToNetincome": 266461000, "changeToAccountReceivables": -36613000, "changeToLiabilities": 53164000, "changeToInventory": -113968000, "changeToOperatingActivities": 9849000, "totalCashFromOperatingActivities": 533381000, "capitalExpenditures": -197544000, "investments": 2959000, "otherCashflowsFromInvestingActivities": -2019000, "totalCashflowsFromInvestingActivities": -187983000, "dividendsPaid": -15130000, "netBorrowings": -91921000, "otherCashflowsFromFinancingActivities": -220145000, "totalCashFromFinancingActivities": -327196000, "changeInCash": 18836000}, {"maxAge": 1, "endDate": "2018-03-31", "netIncome": 188351000, "depreciation": 103373000, "changeToNetincome": 253877000, "changeToAccountReceivables": -69070000, "changeToLiabilities": 87772000, "changeToInventory": -46699000, "changeToOperatingActivities": 88099000, "totalCashFromOperatingActivities": 605703000, "capitalExpenditures": -196528000, "investments": -600000, "otherCashflowsFromInvestingActivities": 15090000, "totalCashflowsFromInvestingActivities": -183089000, "dividendsPaid": -14294000, "netBorrowings": -192722000, "otherCashflowsFromFinancingActivities": -228739000, "totalCashFromFinancingActivities": -435755000, "changeInCash": -13141000}, {"maxAge": 1, "endDate": "2017-03-31", "netIncome": 158394000, "depreciation": 98319000, "changeToNetincome": 245646000, "changeToAccountReceivables": -48137000, "changeToLiabilities": -15597000, "changeToInventory": 26481000, "changeToOperatingActivities": -24438000, "totalCashFromOperatingActivities": 444676000, "capitalExpenditures": -112371000, "investments": -600000, "otherCashflowsFromInvestingActivities": 24531000, "totalCashflowsFromInvestingActivities": -86267000, "dividendsPaid": -14294000, "netBorrowings": -97233000, "otherCashflowsFromFinancingActivities": -238946000, "totalCashFromFinancingActivities": -336179000, "changeInCash": 22230000}], "maxAge": 86400}, "institutionOwnership": {"maxAge": 1, "ownershipList": []}, "balanceSheetHistoryQuarterly": {"balanceSheetStatements": [{"maxAge": 1, "endDate": "2020-06-30", "totalStockholderEquity": 1878032000, "netTangibleAssets": 1814150000}, {"maxAge": 1, "endDate": "2020-03-31", "cash": 61057000, "shortTermInvestments": 210000, "netReceivables": 863423000, "inventory": 977218000, "otherCurrentAssets": 261531000, "totalCurrentAssets": 2163439000, "longTermInvestments": 18287000, "propertyPlantEquipment": 2103288000, "goodWill": 216000, "intangibleAssets": 16925000, "otherAssets": 144619000, "deferredLongTermAssetCharges": 7309000, "totalAssets": 4446774000, "accountsPayable": 879710000, "shortLongTermDebt": 148869000, "otherCurrentLiab": 77331000, "longTermDebt": 389234000, "otherLiab": 312225000, "minorityInterest": 7498000, "totalCurrentLiabilities": 1821295000, "totalLiab": 2561244000, "commonStock": 176433000, "retainedEarnings": 1293719000, "treasuryStock": 11172000, "capitalSurplus": 396708000, "otherStockholderEquity": 11172000, "totalStockholderEquity": 1878032000, "netTangibleAssets": 1860891000}, {"maxAge": 1, "endDate": "2019-12-31", "totalStockholderEquity": 1815470000, "netTangibleAssets": 1766680000}, {"maxAge": 1, "endDate": "2019-09-30", "cash": 95996000, "shortTermInvestments": 30444000, "netReceivables": 612706000, "inventory": 905894000, "otherCurrentAssets": 158098000, "totalCurrentAssets": 1803138000, "longTermInvestments": 55172000, "propertyPlantEquipment": 2030993000, "intangibleAssets": 48790000, "otherAssets": 115320000, "totalAssets": 4053413000, "accountsPayable": 504990000, "otherCurrentLiab": 314809000, "longTermDebt": 390259000, "otherLiab": 333568000, "minorityInterest": 6695000, "totalCurrentLiabilities": 1507421000, "totalLiab": 2231248000, "commonStock": 176433000, "treasuryStock": 1639037000, "otherStockholderEquity": 1639037000, "totalStockholderEquity": 1815470000, "netTangibleAssets": 1766680000}], "maxAge": 86400}, "earningsHistory": {"history": [{"maxAge": 1, "epsActual": {}, "epsEstimate": {}, "epsDifference": {}, "surprisePercent": {}, "quarter": {}, "period": "-4q"}, {"maxAge": 1, "epsActual": {}, "epsEstimate": {}, "epsDifference": {}, "surprisePercent": {}, "quarter": {}, "period": "-3q"}, {"maxAge": 1, "epsActual": {}, "epsEstimate": {}, "epsDifference": {}, "surprisePercent": {}, "quarter": {}, "period": "-2q"}, {"maxAge": 1, "epsActual": 1.25, "epsEstimate": 0.84, "epsDifference": 0.41, "surprisePercent": 0.488, "quarter": "2017-09-30", "period": "-1q"}], "maxAge": 86400}, "indexTrend": {"maxAge": 1, "symbol": "SP5", "peRatio": 19.0279, "pegRatio": 1.5138, "estimates": [{"period": "0q", "growth": 0.72900003}, {"period": "+1q", "growth": 0.345}, {"period": "0y", "growth": 0.341}, {"period": "+1y", "growth": 0.105}, {"period": "+5y", "growth": 0.115702}, {"period": "-5y"}]}, "industryTrend": {"maxAge": 1, "symbol": null, "estimates": []}, "insiderTransactions": {"transactions": [{"maxAge": 1, "shares": 107174, "filerUrl": "", "transactionText": "", "filerName": "Eriez Finance & Investment Ltd", "filerRelation": "Promoter", "moneyText": "", "startDate": "2020-03-31", "ownership": "D"}, {"maxAge": 1, "shares": 3585, "filerUrl": "", "transactionText": "", "filerName": "Parikh (Chandresh S)", "filerRelation": "Executive Chairman", "moneyText": "", "startDate": "2020-03-31", "ownership": "D"}, {"maxAge": 1, "shares": 19250, "filerUrl": "", "transactionText": "", "filerName": "Parikh (Chandresh S)", "filerRelation": "Executive Chairman", "moneyText": "", "startDate": "2020-03-30", "ownership": "D"}, {"maxAge": 1, "shares": 15005, "filerUrl": "", "transactionText": "", "filerName": "Parikh (Chandresh S)", "filerRelation": "Executive Chairman", "moneyText": "", "startDate": "2020-03-27", "ownership": "D"}, {"maxAge": 1, "shares": 9000, "filerUrl": "", "transactionText": "", "filerName": "Parikh (Chandresh S)", "filerRelation": "Executive Chairman", "moneyText": "", "startDate": "2020-03-26", "ownership": "D"}, {"maxAge": 1, "shares": 16642, "filerUrl": "", "transactionText": "", "filerName": "Parikh (Chandresh S)", "filerRelation": "Executive Chairman", "moneyText": "", "startDate": "2020-03-25", "ownership": "D"}, {"maxAge": 1, "shares": 25846, "filerUrl": "", "transactionText": "", "filerName": "Parikh (Chandresh S)", "filerRelation": "Executive Chairman", "moneyText": "", "startDate": "2020-03-17", "ownership": "D"}, {"maxAge": 1, "shares": 45617, "filerUrl": "", "transactionText": "", "filerName": "Ranka (Ajay Ishwarlal)", "filerRelation": "Deceased", "moneyText": "", "startDate": "2019-09-30", "ownership": "D"}, {"maxAge": 1, "shares": 75000, "filerUrl": "", "transactionText": "", "filerName": "Ranka (Ajay Ishwarlal)", "filerRelation": "Additonal Director", "moneyText": "", "startDate": "2019-09-26", "ownership": "D"}, {"maxAge": 1, "shares": 627, "filerUrl": "", "transactionText": "", "filerName": "Ranka (Ajay Ishwarlal)", "filerRelation": "Additonal Director", "moneyText": "", "startDate": "2019-09-25", "ownership": "D"}, {"maxAge": 1, "shares": 3500, "filerUrl": "", "transactionText": "", "filerName": "Ranka (Ajay Ishwarlal)", "filerRelation": "Additonal Director", "moneyText": "", "startDate": "2019-09-24", "ownership": "D"}, {"maxAge": 1, "shares": 6359, "filerUrl": "", "transactionText": "", "filerName": "Ranka (Ajay Ishwarlal)", "filerRelation": "Additonal Director", "moneyText": "", "startDate": "2019-09-23", "ownership": "D"}, {"maxAge": 1, "shares": 11864, "filerUrl": "", "transactionText": "", "filerName": "Ranka (Ajay Ishwarlal)", "filerRelation": "Additonal Director", "moneyText": "", "startDate": "2019-09-20", "ownership": "D"}, {"maxAge": 1, "shares": 5691, "filerUrl": "", "transactionText": "", "filerName": "Ranka (Ajay Ishwarlal)", "filerRelation": "Additonal Director", "moneyText": "", "startDate": "2019-09-13", "ownership": "D"}, {"maxAge": 1, "shares": 10000, "filerUrl": "", "transactionText": "", "filerName": "Ranka (Ajay Ishwarlal)", "filerRelation": "Additonal Director", "moneyText": "", "startDate": "2019-09-12", "ownership": "D"}, {"maxAge": 1, "shares": 10000, "filerUrl": "", "transactionText": "", "filerName": "Ranka (Ajay Ishwarlal)", "filerRelation": "Additonal Director", "moneyText": "", "startDate": "2019-09-09", "ownership": "D"}, {"maxAge": 1, "shares": 10000, "filerUrl": "", "transactionText": "", "filerName": "Ranka (Ajay Ishwarlal)", "filerRelation": "Additonal Director", "moneyText": "", "startDate": "2019-09-06", "ownership": "D"}, {"maxAge": 1, "shares": 10000, "filerUrl": "", "transactionText": "", "filerName": "Ranka (Ajay Ishwarlal)", "filerRelation": "Additonal Director", "moneyText": "", "startDate": "2019-09-05", "ownership": "D"}, {"maxAge": 1, "shares": 7206, "filerUrl": "", "transactionText": "", "filerName": "Eriez Finance & Investment Ltd", "filerRelation": "Promoter", "moneyText": "", "startDate": "2019-02-25", "ownership": "D"}, {"maxAge": 1, "shares": 3000, "filerUrl": "", "transactionText": "", "filerName": "Eriez Finance & Investment Ltd", "filerRelation": "Promoter", "moneyText": "", "startDate": "2019-02-22", "ownership": "D"}, {"maxAge": 1, "shares": 200, "filerUrl": "", "transactionText": "", "filerName": "Eriez Finance & Investment Ltd", "filerRelation": "Promoter", "moneyText": "", "startDate": "2019-02-22", "ownership": "D"}, {"maxAge": 1, "shares": 10025, "filerUrl": "", "transactionText": "", "filerName": "Eriez Finance & Investment Ltd", "filerRelation": "Promoter", "moneyText": "", "startDate": "2019-02-20", "ownership": "D"}, {"maxAge": 1, "shares": 35452, "filerUrl": "", "transactionText": "", "filerName": "Eriez Finance & Investment Ltd", "filerRelation": "Promoter", "moneyText": "", "startDate": "2019-02-19", "ownership": "D"}, {"maxAge": 1, "shares": 16572, "filerUrl": "", "transactionText": "", "filerName": "Eriez Finance & Investment Ltd", "filerRelation": "Promoter", "moneyText": "", "startDate": "2019-02-19", "ownership": "D"}, {"maxAge": 1, "shares": 1555, "filerUrl": "", "transactionText": "", "filerName": "Devidayal (Sumita)", "filerRelation": "UNREPORTED", "moneyText": "", "startDate": "2018-12-13", "ownership": "D"}, {"maxAge": 1, "shares": 3081, "filerUrl": "", "transactionText": "", "filerName": "Devidayal (Sumita)", "filerRelation": "UNREPORTED", "moneyText": "", "startDate": "2018-12-12", "ownership": "D"}, {"maxAge": 1, "shares": 1068, "filerUrl": "", "transactionText": "", "filerName": "Devidayal (Sumita)", "filerRelation": "UNREPORTED", "moneyText": "", "startDate": "2018-11-28", "ownership": "D"}, {"maxAge": 1, "shares": 900, "filerUrl": "", "transactionText": "", "filerName": "Devidayal (Sumita)", "filerRelation": "UNREPORTED", "moneyText": "", "startDate": "2018-11-27", "ownership": "D"}, {"maxAge": 1, "shares": 1000, "filerUrl": "", "transactionText": "", "filerName": "Devidayal (Sumita)", "filerRelation": "UNREPORTED", "moneyText": "", "startDate": "2018-11-27", "ownership": "D"}, {"maxAge": 1, "shares": 200, "filerUrl": "", "transactionText": "", "filerName": "Devidayal (Sumita)", "filerRelation": "UNREPORTED", "moneyText": "", "startDate": "2018-11-26", "ownership": "D"}, {"maxAge": 1, "shares": 2149, "filerUrl": "", "transactionText": "", "filerName": "Devidayal (Sumita)", "filerRelation": "UNREPORTED", "moneyText": "", "startDate": "2018-11-22", "ownership": "D"}, {"maxAge": 1, "shares": 1500, "filerUrl": "", "transactionText": "", "filerName": "Devidayal (Sumita)", "filerRelation": "UNREPORTED", "moneyText": "", "startDate": "2018-11-21", "ownership": "D"}, {"maxAge": 1, "shares": 18351, "filerUrl": "", "transactionText": "", "filerName": "Devidayal (Sumita)", "filerRelation": "UNREPORTED", "moneyText": "", "startDate": "2018-11-21", "ownership": "D"}, {"maxAge": 1, "shares": 10562, "filerUrl": "", "transactionText": "", "filerName": "Devidayal (Ritika)", "filerRelation": "UNREPORTED", "moneyText": "", "startDate": "2018-11-20", "ownership": "D"}, {"maxAge": 1, "shares": 2942, "filerUrl": "", "transactionText": "", "filerName": "Devidayal (Ritika)", "filerRelation": "UNREPORTED", "moneyText": "", "startDate": "2018-11-20", "ownership": "D"}, {"maxAge": 1, "shares": 745, "filerUrl": "", "transactionText": "", "filerName": "Devidayal (Ritika)", "filerRelation": "UNREPORTED", "moneyText": "", "startDate": "2018-11-19", "ownership": "D"}, {"maxAge": 1, "shares": 25212, "filerUrl": "", "transactionText": "", "filerName": "Devidayal (Ritika)", "filerRelation": "UNREPORTED", "moneyText": "", "startDate": "2018-11-19", "ownership": "D"}, {"maxAge": 1, "shares": 2000, "filerUrl": "", "transactionText": "", "filerName": "Devidayal (Ritika)", "filerRelation": "UNREPORTED", "moneyText": "", "startDate": "2018-11-16", "ownership": "D"}, {"maxAge": 1, "shares": 1985, "filerUrl": "", "transactionText": "", "filerName": "Devidayal (Ritika)", "filerRelation": "UNREPORTED", "moneyText": "", "startDate": "2018-11-15", "ownership": "D"}, {"maxAge": 1, "shares": 1000, "filerUrl": "", "transactionText": "", "filerName": "Devidayal (Ritika)", "filerRelation": "UNREPORTED", "moneyText": "", "startDate": "2018-11-14", "ownership": "D"}, {"maxAge": 1, "shares": 6454, "filerUrl": "", "transactionText": "", "filerName": "Devidayal (Ritika)", "filerRelation": "UNREPORTED", "moneyText": "", "startDate": "2018-11-13", "ownership": "D"}, {"maxAge": 1, "shares": 2000, "filerUrl": "", "transactionText": "", "filerName": "Devidayal (Ritika)", "filerRelation": "UNREPORTED", "moneyText": "", "startDate": "2018-11-12", "ownership": "D"}], "maxAge": 1}, "quoteType": {"exchange": "BSE", "quoteType": "EQUITY", "symbol": "20MICRONS.BO", "underlyingSymbol": "20MICRONS.BO", "shortName": "20 MICRONS LTD.", "longName": "20 Microns Limited", "firstTradeDateEpochUtc": "2008-10-06 09:15:00", "timeZoneFullName": "Asia/Kolkata", "timeZoneShortName": "IST", "uuid": "79178904-af09-3940-9ecf-50724a06fb71", "messageBoardId": null, "gmtOffSetMilliseconds": 19800000, "maxAge": 1}, "incomeStatementHistory": {"incomeStatementHistory": [{"maxAge": 1, "endDate": "2020-03-31", "totalRevenue": 5293229000, "costOfRevenue": 2797112000, "grossProfit": 2496117000, "researchDevelopment": {}, "sellingGeneralAdministrative": 509930000, "nonRecurring": {}, "otherOperatingExpenses": 1321766000, "totalOperatingExpenses": 4749658000, "operatingIncome": 543571000, "totalOtherIncomeExpenseNet": -198035000, "ebit": 543571000, "interestExpense": -172380000, "incomeBeforeTax": 345536000, "incomeTaxExpense": 103775000, "minorityInterest": 7498000, "netIncomeFromContinuingOps": 241761000, "discontinuedOperations": {}, "extraordinaryItems": {}, "effectOfAccountingCharges": {}, "otherItems": {}, "netIncome": 241171000, "netIncomeApplicableToCommonShares": 241171000}, {"maxAge": 1, "endDate": "2019-03-31", "totalRevenue": 4796821000, "costOfRevenue": 2281598000, "grossProfit": 2515223000, "researchDevelopment": {}, "sellingGeneralAdministrative": 497112000, "nonRecurring": {}, "otherOperatingExpenses": 1323533000, "totalOperatingExpenses": 4206949000, "operatingIncome": 589872000, "totalOtherIncomeExpenseNet": -205263000, "ebit": 589872000, "interestExpense": -198193000, "incomeBeforeTax": 384609000, "incomeTaxExpense": 134215000, "minorityInterest": 7934000, "netIncomeFromContinuingOps": 250394000, "discontinuedOperations": {}, "extraordinaryItems": {}, "effectOfAccountingCharges": {}, "otherItems": {}, "netIncome": 249811000, "netIncomeApplicableToCommonShares": 249811000}, {"maxAge": 1, "endDate": "2018-03-31", "totalRevenue": 4270948000, "costOfRevenue": 1948902000, "grossProfit": 2322046000, "researchDevelopment": {}, "sellingGeneralAdministrative": 432320000, "nonRecurring": {}, "otherOperatingExpenses": 1276868000, "totalOperatingExpenses": 3762186000, "operatingIncome": 508762000, "totalOtherIncomeExpenseNet": -228375000, "ebit": 508762000, "interestExpense": -209725000, "incomeBeforeTax": 280387000, "incomeTaxExpense": 91108000, "minorityInterest": 6275000, "netIncomeFromContinuingOps": 189279000, "discontinuedOperations": {}, "extraordinaryItems": {}, "effectOfAccountingCharges": {}, "otherItems": {}, "netIncome": 188351000, "netIncomeApplicableToCommonShares": 188351000}, {"maxAge": 1, "endDate": "2017-03-31", "totalRevenue": 3940886000, "costOfRevenue": 1693642000, "grossProfit": 2247244000, "researchDevelopment": {}, "sellingGeneralAdministrative": 383447000, "nonRecurring": {}, "otherOperatingExpenses": 1302575000, "totalOperatingExpenses": 3481991000, "operatingIncome": 458895000, "totalOtherIncomeExpenseNet": -227883000, "ebit": 458895000, "interestExpense": -227056000, "incomeBeforeTax": 231012000, "incomeTaxExpense": 71787000, "minorityInterest": 10619000, "netIncomeFromContinuingOps": 159225000, "discontinuedOperations": {}, "extraordinaryItems": {}, "effectOfAccountingCharges": {}, "otherItems": {}, "netIncome": 158394000, "netIncomeApplicableToCommonShares": 158394000}], "maxAge": 86400}, "fundOwnership": {"maxAge": 1, "ownershipList": []}, "summaryDetail": {"maxAge": 1, "priceHint": 2, "previousClose": 39.5, "open": 40.3, "dayLow": 38.5, "dayHigh": 40.3, "regularMarketPreviousClose": 39.5, "regularMarketOpen": 40.3, "regularMarketDayLow": 38.5, "regularMarketDayHigh": 40.3, "trailingPE": 8.503328, "volume": 9856, "regularMarketVolume": 9856, "averageVolume": 26869, "averageVolume10days": 19361, "averageDailyVolume10Day": 19361, "bid": 39.0, "ask": 39.85, "bidSize": 0, "askSize": 0, "marketCap": 1397345408, "fiftyTwoWeekLow": 19.2, "fiftyTwoWeekHigh": 43.7, "fiftyDayAverage": 38.12857, "twoHundredDayAverage": 33.081387, "trailingAnnualDividendRate": 0.6, "trailingAnnualDividendYield": 0.015189874, "currency": "INR", "fromCurrency": null, "toCurrency": null, "lastMarket": null, "algorithm": null, "tradeable": false}, "sectorTrend": {"maxAge": 1, "symbol": null, "estimates": []}, "incomeStatementHistoryQuarterly": {"incomeStatementHistory": [{"maxAge": 1, "endDate": "2020-06-30", "totalRevenue": 642130000, "costOfRevenue": 345765000, "grossProfit": 296365000, "researchDevelopment": {}, "sellingGeneralAdministrative": 72255000, "nonRecurring": {}, "otherOperatingExpenses": 234328000, "totalOperatingExpenses": 685754000, "operatingIncome": -43624000, "totalOtherIncomeExpenseNet": -38141000, "ebit": -43624000, "interestExpense": -42063000, "incomeBeforeTax": -81765000, "incomeTaxExpense": -88989000, "minorityInterest": {}, "netIncomeFromContinuingOps": 7224000, "discontinuedOperations": {}, "extraordinaryItems": {}, "effectOfAccountingCharges": {}, "otherItems": {}, "netIncome": 7271000, "netIncomeApplicableToCommonShares": 7271000}, {"maxAge": 1, "endDate": "2020-03-31", "totalRevenue": 1282617000, "costOfRevenue": 703650000, "grossProfit": 578967000, "researchDevelopment": {}, "sellingGeneralAdministrative": 137294000, "nonRecurring": {}, "otherOperatingExpenses": 316619000, "totalOperatingExpenses": 1185207000, "operatingIncome": 97410000, "totalOtherIncomeExpenseNet": -52702000, "ebit": 97410000, "interestExpense": -16167000, "incomeBeforeTax": 44708000, "incomeTaxExpense": 11421000, "minorityInterest": 7498000, "netIncomeFromContinuingOps": 33287000, "discontinuedOperations": {}, "extraordinaryItems": {}, "effectOfAccountingCharges": {}, "otherItems": {}, "netIncome": 31308000, "netIncomeApplicableToCommonShares": 31308000}, {"maxAge": 1, "endDate": "2019-12-31", "totalRevenue": 1271333000, "costOfRevenue": 675295000, "grossProfit": 596038000, "researchDevelopment": {}, "sellingGeneralAdministrative": 116092000, "nonRecurring": {}, "otherOperatingExpenses": 315432000, "totalOperatingExpenses": 1139375000, "operatingIncome": 131958000, "totalOtherIncomeExpenseNet": -50898000, "ebit": 131958000, "interestExpense": -51016000, "incomeBeforeTax": 81060000, "incomeTaxExpense": 27704000, "minorityInterest": 7498000, "netIncomeFromContinuingOps": 53356000, "discontinuedOperations": {}, "extraordinaryItems": {}, "effectOfAccountingCharges": {}, "otherItems": {}, "netIncome": 54061000, "netIncomeApplicableToCommonShares": 54061000}, {"maxAge": 1, "endDate": "2019-09-30", "totalRevenue": 1360892000, "costOfRevenue": 705600000, "grossProfit": 655292000, "researchDevelopment": {}, "sellingGeneralAdministrative": 130754000, "nonRecurring": {}, "otherOperatingExpenses": 347248000, "totalOperatingExpenses": 1216728000, "operatingIncome": 144164000, "totalOtherIncomeExpenseNet": -47555000, "ebit": 144164000, "interestExpense": -53655000, "incomeBeforeTax": 96609000, "incomeTaxExpense": 26081000, "minorityInterest": 6695000, "netIncomeFromContinuingOps": 70528000, "discontinuedOperations": {}, "extraordinaryItems": {}, "effectOfAccountingCharges": {}, "otherItems": {}, "netIncome": 70938000, "netIncomeApplicableToCommonShares": 70938000}], "maxAge": 86400}, "cashflowStatementHistoryQuarterly": {"cashflowStatements": [{"maxAge": 1, "endDate": "2020-06-30", "netIncome": 7271000, "changeToLiabilities": 0}, {"maxAge": 1, "endDate": "2020-03-31", "netIncome": 31308000, "changeToLiabilities": 0}, {"maxAge": 1, "endDate": "2019-12-31", "netIncome": 54061000, "changeToLiabilities": 0}, {"maxAge": 1, "endDate": "2019-09-30", "netIncome": 70938000, "changeToLiabilities": 0}], "maxAge": 86400}, "insiderHolders": {"holders": [{"maxAge": 1, "name": "Devidayal (Ritika)", "relation": "UNREPORTED", "url": "", "transactionDescription": "Sale", "latestTransDate": "2018-11-20", "positionDirect": 0, "positionDirectDate": "2018-11-20"}, {"maxAge": 1, "name": "Devidayal (Sumita)", "relation": "UNREPORTED", "url": "", "transactionDescription": "Sale", "latestTransDate": "2018-12-13", "positionDirect": 91996, "positionDirectDate": "2018-12-13"}, {"maxAge": 1, "name": "Eriez Finance & Investment Ltd", "relation": "Promoter", "url": "", "transactionDescription": "Acquisition", "latestTransDate": "2020-03-31", "positionDirect": 8591838, "positionDirectDate": "2020-03-31"}, {"maxAge": 1, "name": "Parikh (Chandresh S)", "relation": "Executive Chairman", "url": "", "transactionDescription": "Acquisition", "latestTransDate": "2020-03-31", "positionDirect": 3790728, "positionDirectDate": "2020-03-31"}, {"maxAge": 1, "name": "Ranka (Ajay Ishwarlal)", "relation": "Deceased", "url": "", "transactionDescription": "Acquisition", "latestTransDate": "2019-09-30", "positionDirect": 188658, "positionDirectDate": "2019-09-30"}], "maxAge": 1}, "earnings": {"maxAge": 86400, "earningsChart": {"quarterly": [{"date": "3Q2017", "actual": 1.25, "estimate": 0.84}], "currentQuarterEstimateDate": "4Q", "currentQuarterEstimateYear": 2017, "earningsDate": []}, "financialsChart": {"yearly": [{"date": 2017, "revenue": 3940886000, "earnings": 158394000}, {"date": 2018, "revenue": 4270948000, "earnings": 188351000}, {"date": 2019, "revenue": 4796821000, "earnings": 249811000}, {"date": 2020, "revenue": 5293229000, "earnings": 241171000}], "quarterly": [{"date": "3Q2019", "revenue": 1360892000, "earnings": 70938000}, {"date": "4Q2019", "revenue": 1271333000, "earnings": 54061000}, {"date": "1Q2020", "revenue": 1282617000, "earnings": 31308000}, {"date": "2Q2020", "revenue": 642130000, "earnings": 7271000}]}, "financialCurrency": "INR"}, "calendarEvents": {"maxAge": 1, "earnings": {"earningsDate": []}}, "price": {"maxAge": 1, "regularMarketChangePercent": 0.002531607, "regularMarketChange": 0.099998474, "regularMarketTime": "2021-05-07 15:29:35", "priceHint": 2, "regularMarketPrice": 39.6, "regularMarketDayHigh": 40.3, "regularMarketDayLow": 38.5, "regularMarketVolume": 9856, "averageDailyVolume10Day": 19361, "averageDailyVolume3Month": 26869, "regularMarketPreviousClose": 39.5, "regularMarketSource": "FREE_REALTIME", "regularMarketOpen": 40.3, "exchange": "BSE", "exchangeName": "BSE", "exchangeDataDelayedBy": 0, "marketState": "CLOSED", "quoteType": "EQUITY", "symbol": "20MICRONS.BO", "underlyingSymbol": null, "shortName": "20 MICRONS LTD.", "longName": "20 Microns Limited", "currency": "INR", "quoteSourceName": "Delayed Quote", "currencySymbol": "\u20b9", "fromCurrency": null, "toCurrency": null, "lastMarket": null, "marketCap": 1397345408}, "balanceSheetHistory": {"balanceSheetStatements": [{"maxAge": 1, "endDate": "2020-03-31", "cash": 61057000, "shortTermInvestments": 210000, "netReceivables": 863423000, "inventory": 977218000, "otherCurrentAssets": 261531000, "totalCurrentAssets": 2163439000, "longTermInvestments": 18287000, "propertyPlantEquipment": 2103288000, "goodWill": 216000, "intangibleAssets": 16925000, "otherAssets": 144619000, "deferredLongTermAssetCharges": 7309000, "totalAssets": 4446774000, "accountsPayable": 879710000, "shortLongTermDebt": 148869000, "otherCurrentLiab": 77331000, "longTermDebt": 389234000, "otherLiab": 312225000, "minorityInterest": 7498000, "totalCurrentLiabilities": 1821295000, "totalLiab": 2561244000, "commonStock": 176433000, "retainedEarnings": 1293719000, "treasuryStock": 11172000, "capitalSurplus": 396708000, "otherStockholderEquity": 11172000, "totalStockholderEquity": 1878032000, "netTangibleAssets": 1860891000}, {"maxAge": 1, "endDate": "2019-03-31", "cash": 70870000, "shortTermInvestments": 4517000, "netReceivables": 731683000, "inventory": 836288000, "otherCurrentAssets": 203671000, "totalCurrentAssets": 1858817000, "longTermInvestments": 38822000, "propertyPlantEquipment": 1972770000, "goodWill": 216000, "intangibleAssets": 16941000, "otherAssets": 148287000, "totalAssets": 4035853000, "accountsPayable": 665701000, "shortLongTermDebt": 149421000, "otherCurrentLiab": 112160000, "longTermDebt": 456609000, "otherLiab": 290517000, "minorityInterest": 7934000, "totalCurrentLiabilities": 1606215000, "totalLiab": 2353341000, "commonStock": 176433000, "retainedEarnings": 1077200000, "treasuryStock": 23975000, "capitalSurplus": 396970000, "otherStockholderEquity": 23975000, "totalStockholderEquity": 1674578000, "netTangibleAssets": 1657421000}, {"maxAge": 1, "endDate": "2018-03-31", "cash": 60543000, "netReceivables": 706498000, "inventory": 722320000, "otherCurrentAssets": 156315000, "totalCurrentAssets": 1654398000, "longTermInvestments": 33998000, "propertyPlantEquipment": 1918463000, "goodWill": 216000, "intangibleAssets": 10823000, "otherAssets": 137072000, "totalAssets": 3754970000, "accountsPayable": 614558000, "shortLongTermDebt": 144198000, "otherCurrentLiab": 87038000, "longTermDebt": 581445000, "otherLiab": 241609000, "minorityInterest": 6275000, "totalCurrentLiabilities": 1491131000, "totalLiab": 2314185000, "commonStock": 176433000, "retainedEarnings": 843247000, "treasuryStock": 16817000, "capitalSurplus": 398013000, "otherStockholderEquity": 16817000, "totalStockholderEquity": 1434510000, "netTangibleAssets": 1423471000}, {"maxAge": 1, "endDate": "2017-03-31", "cash": 67390000, "netReceivables": 641856000, "inventory": 675621000, "otherCurrentAssets": 188432000, "totalCurrentAssets": 1581252000, "longTermInvestments": 18336000, "propertyPlantEquipment": 1824572000, "intangibleAssets": 16145000, "otherAssets": 187619000, "totalAssets": 3627924000, "accountsPayable": 532973000, "shortLongTermDebt": 134815000, "otherCurrentLiab": 78143000, "longTermDebt": 640944000, "otherLiab": 210218000, "deferredLongTermLiab": 2099000, "minorityInterest": 10619000, "totalCurrentLiabilities": 1518333000, "totalLiab": 2369495000, "commonStock": 176433000, "retainedEarnings": 671218000, "treasuryStock": 26000, "capitalSurplus": 400133000, "otherStockholderEquity": 26000, "totalStockholderEquity": 1247810000, "netTangibleAssets": 1231665000}], "maxAge": 86400}, "earningsTrend": {"trend": [{"maxAge": 1, "period": "0q", "endDate": "2017-12-31", "growth": {}, "earningsEstimate": {"avg": 0.0, "low": 0.0, "high": 0.0, "yearAgoEps": {}, "numberOfAnalysts": 0, "growth": {}}, "revenueEstimate": {"avg": 0, "low": 0, "high": 0, "numberOfAnalysts": 0, "yearAgoRevenue": {}, "growth": {}}, "epsTrend": {"current": 0.0, "7daysAgo": 0.0, "30daysAgo": 0.0, "60daysAgo": 0.0, "90daysAgo": 0.0}, "epsRevisions": {"upLast7days": 0, "upLast30days": 0, "downLast30days": 0, "downLast90days": {}}}, {"maxAge": 1, "period": "+1q", "endDate": "2018-03-31", "growth": {}, "earningsEstimate": {"avg": 0.0, "low": 0.0, "high": 0.0, "yearAgoEps": {}, "numberOfAnalysts": 0, "growth": {}}, "revenueEstimate": {"avg": 0, "low": 0, "high": 0, "numberOfAnalysts": 0, "yearAgoRevenue": {}, "growth": {}}, "epsTrend": {"current": 0.0, "7daysAgo": 0.0, "30daysAgo": 0.0, "60daysAgo": 0.0, "90daysAgo": 0.0}, "epsRevisions": {"upLast7days": 0, "upLast30days": 0, "downLast30days": 0, "downLast90days": {}}}, {"maxAge": 1, "period": "0y", "endDate": "2018-03-31", "growth": {}, "earningsEstimate": {"avg": 0.0, "low": 0.0, "high": 0.0, "yearAgoEps": {}, "numberOfAnalysts": 0, "growth": {}}, "revenueEstimate": {"avg": 0, "low": 3955010000, "high": 3955010000, "numberOfAnalysts": 1, "yearAgoRevenue": {}, "growth": {}}, "epsTrend": {"current": 0.0, "7daysAgo": 4.09, "30daysAgo": 4.09, "60daysAgo": 4.09, "90daysAgo": 4.09}, "epsRevisions": {"upLast7days": 0, "upLast30days": 0, "downLast30days": 0, "downLast90days": {}}}, {"maxAge": 1, "period": "+1y", "endDate": "2020-03-31", "growth": {}, "earningsEstimate": {"avg": 0.0, "low": 0.0, "high": 0.0, "yearAgoEps": {}, "numberOfAnalysts": 0, "growth": {}}, "revenueEstimate": {"avg": 0, "low": 0, "high": 0, "numberOfAnalysts": 0, "yearAgoRevenue": {}, "growth": {}}, "epsTrend": {"current": 0.0, "7daysAgo": 0.0, "30daysAgo": 0.0, "60daysAgo": 0.0, "90daysAgo": 0.0}, "epsRevisions": {"upLast7days": 0, "upLast30days": 0, "downLast30days": 0, "downLast90days": {}}}, {"maxAge": 1, "period": "+5y", "endDate": null, "growth": {}, "earningsEstimate": {"avg": {}, "low": {}, "high": {}, "yearAgoEps": {}, "numberOfAnalysts": {}, "growth": {}}, "revenueEstimate": {"avg": {}, "low": {}, "high": {}, "numberOfAnalysts": {}, "yearAgoRevenue": {}, "growth": {}}, "epsTrend": {"current": {}, "7daysAgo": {}, "30daysAgo": {}, "60daysAgo": {}, "90daysAgo": {}}, "epsRevisions": {"upLast7days": {}, "upLast30days": {}, "downLast30days": {}, "downLast90days": {}}}, {"maxAge": 1, "period": "-5y", "endDate": null, "growth": {}, "earningsEstimate": {"avg": {}, "low": {}, "high": {}, "yearAgoEps": {}, "numberOfAnalysts": {}, "growth": {}}, "revenueEstimate": {"avg": {}, "low": {}, "high": {}, "numberOfAnalysts": {}, "yearAgoRevenue": {}, "growth": {}}, "epsTrend": {"current": {}, "7daysAgo": {}, "30daysAgo": {}, "60daysAgo": {}, "90daysAgo": {}}, "epsRevisions": {"upLast7days": {}, "upLast30days": {}, "downLast30days": {}, "downLast90days": {}}}], "maxAge": 1}, "financialData": {"maxAge": 86400, "currentPrice": 39.6, "targetHighPrice": 110.0, "targetLowPrice": 110.0, "targetMeanPrice": 110.0, "targetMedianPrice": 110.0, "recommendationKey": "none", "numberOfAnalystOpinions": 1, "grossProfits": 2496117000, "financialCurrency": "INR"}}}