{"21STCENMGM.BO": {"cashflowStatementHistory": {"cashflowStatements": [{"maxAge": 1, "endDate": "2020-03-31", "netIncome": -320820000, "depreciation": 1070000, "changeToNetincome": 100635000, "changeToAccountReceivables": 52973000, "changeToLiabilities": 4477000, "changeToOperatingActivities": 145000, "totalCashFromOperatingActivities": -161520000, "capitalExpenditures": -1313000, "investments": 36388000, "otherCashflowsFromInvestingActivities": 388000, "totalCashflowsFromInvestingActivities": 35463000, "netBorrowings": 80000000, "totalCashFromFinancingActivities": 80000000, "changeInCash": -46057000}, {"maxAge": 1, "endDate": "2019-03-31", "netIncome": -59452000, "depreciation": 1437000, "changeToNetincome": -64737000, "changeToAccountReceivables": -23190000, "changeToLiabilities": -3739000, "changeToOperatingActivities": -88197000, "totalCashFromOperatingActivities": -237878000, "capitalExpenditures": -1313000, "investments": 347911000, "otherCashflowsFromInvestingActivities": 848000, "totalCashflowsFromInvestingActivities": 348759000, "dividendsPaid": -31594000, "netBorrowings": 67091000, "totalCashFromFinancingActivities": 35497000, "changeInCash": 146378000}, {"maxAge": 1, "endDate": "2018-03-31", "netIncome": 59823000, "depreciation": 4294000, "changeToNetincome": 177875000, "changeToAccountReceivables": 8490000, "changeToLiabilities": -77343000, "changeToOperatingActivities": -1841000, "totalCashFromOperatingActivities": 171298000, "capitalExpenditures": -1313000, "investments": -244357000, "otherCashflowsFromInvestingActivities": 2925000, "totalCashflowsFromInvestingActivities": -241432000, "dividendsPaid": -31594000, "netBorrowings": 21098000, "totalCashFromFinancingActivities": 21098000, "changeInCash": -49036000}, {"maxAge": 1, "endDate": "2017-03-31", "netIncome": 56357000, "depreciation": 3772000, "changeToNetincome": -12629000, "changeToAccountReceivables": -1069000, "changeToLiabilities": -2166000, "changeToOperatingActivities": 51974000, "totalCashFromOperatingActivities": 96239000, "capitalExpenditures": -1313000, "investments": -135027000, "otherCashflowsFromInvestingActivities": 2526000, "totalCashflowsFromInvestingActivities": -129701000, "dividendsPaid": -31594000, "netBorrowings": -49597000, "totalCashFromFinancingActivities": -49597000, "changeInCash": -83059000}], "maxAge": 86400}, "institutionOwnership": {"maxAge": 1, "ownershipList": []}, "balanceSheetHistoryQuarterly": {"balanceSheetStatements": [{"maxAge": 1, "endDate": "2020-06-30", "totalStockholderEquity": 183033000, "netTangibleAssets": 177033000}, {"maxAge": 1, "endDate": "2020-03-31", "cash": 112584000, "netReceivables": 152826000, "totalCurrentAssets": 265410000, "longTermInvestments": 676000, "propertyPlantEquipment": 3383000, "goodWill": 6000000, "otherAssets": 8391000, "deferredLongTermAssetCharges": 2570000, "totalAssets": 283860000, "accountsPayable": 3000, "otherCurrentLiab": 15922000, "otherLiab": 944000, "totalCurrentLiabilities": 99883000, "totalLiab": 100827000, "commonStock": 105000000, "retainedEarnings": -259031000, "treasuryStock": 64000, "capitalSurplus": 337000000, "otherStockholderEquity": 64000, "totalStockholderEquity": 183033000, "netTangibleAssets": 177033000}, {"maxAge": 1, "endDate": "2019-12-31", "totalStockholderEquity": 448937000, "netTangibleAssets": 442937000}, {"maxAge": 1, "endDate": "2019-09-30", "cash": 37007000, "netReceivables": 198293000, "otherCurrentAssets": 91162000, "totalCurrentAssets": 326462000, "longTermInvestments": 130181000, "propertyPlantEquipment": 2647000, "goodWill": 6000000, "otherAssets": 71479000, "deferredLongTermAssetCharges": 2585000, "totalAssets": 536769000, "accountsPayable": 42117000, "otherCurrentLiab": 17215000, "totalCurrentLiabilities": 87832000, "totalLiab": 87832000, "commonStock": 105000000, "treasuryStock": 343937000, "otherStockholderEquity": 343937000, "totalStockholderEquity": 448937000, "netTangibleAssets": 442937000}], "maxAge": 86400}, "indexTrend": {"maxAge": 1, "symbol": "SP5", "peRatio": 19.0279, "pegRatio": 1.5138, "estimates": [{"period": "0q", "growth": 0.72900003}, {"period": "+1q", "growth": 0.345}, {"period": "0y", "growth": 0.341}, {"period": "+1y", "growth": 0.105}, {"period": "+5y", "growth": 0.115702}, {"period": "-5y"}]}, "insiderTransactions": {"transactions": [{"maxAge": 1, "shares": 57116, "value": 8030, "filerUrl": "", "transactionText": "Acquisition at price 0.14 per share.", "filerName": "Iyer (Sundar)", "filerRelation": "Promoter", "moneyText": "", "startDate": "2020-09-17", "ownership": "D"}, {"maxAge": 1, "shares": 99850, "value": 13969, "filerUrl": "", "transactionText": "Acquisition at price 0.14 per share.", "filerName": "Iyer (Sundar)", "filerRelation": "Promoter", "moneyText": "", "startDate": "2020-09-16", "ownership": "D"}, {"maxAge": 1, "shares": 130000, "filerUrl": "", "transactionText": "", "filerName": "Iyer (Karthik Ramkrishnan)", "filerRelation": "UNREPORTED", "moneyText": "", "startDate": "2020-03-02", "ownership": "D"}, {"maxAge": 1, "shares": 228895, "filerUrl": "", "transactionText": "", "filerName": "Iyer (Sidharth)", "filerRelation": "Promoter", "moneyText": "", "startDate": "2020-03-02", "ownership": "D"}, {"maxAge": 1, "shares": 100000, "filerUrl": "", "transactionText": "", "filerName": "Iyer (Sundar)", "filerRelation": "Executive Chairman", "moneyText": "", "startDate": "2020-02-28", "ownership": "D"}, {"maxAge": 1, "shares": 48895, "filerUrl": "", "transactionText": "", "filerName": "Iyer (Karthik Ramkrishnan)", "filerRelation": "Officer", "moneyText": "", "startDate": "2019-12-31", "ownership": "D"}, {"maxAge": 1, "shares": 293704, "filerUrl": "", "transactionText": "", "filerName": "Iyer (Karthik Ramkrishnan)", "filerRelation": "UNREPORTED", "moneyText": "", "startDate": "2019-12-30", "ownership": "D"}, {"maxAge": 1, "shares": 296006, "filerUrl": "", "transactionText": "", "filerName": "Iyer (Sidharth)", "filerRelation": "Promoter", "moneyText": "", "startDate": "2019-12-30", "ownership": "D"}, {"maxAge": 1, "shares": 17676, "filerUrl": "", "transactionText": "", "filerName": "Iyer (Karthik Ramkrishnan)", "filerRelation": "UNREPORTED", "moneyText": "", "startDate": "2019-12-24", "ownership": "D"}], "maxAge": 1}, "quoteType": {"exchange": "BSE", "quoteType": "EQUITY", "symbol": "21STCENMGM.BO", "underlyingSymbol": "21STCENMGM.BO", "shortName": "TWENTYFIRST CENTURY MANAGEMENT", "longName": "Twentyfirst Century Management Services Limited", "firstTradeDateEpochUtc": "2002-01-29 09:15:00", "timeZoneFullName": "Asia/Kolkata", "timeZoneShortName": "IST", "uuid": "5c80970d-01d0-375c-8202-d740ae51d8bc", "messageBoardId": null, "gmtOffSetMilliseconds": 19800000, "maxAge": 1}, "incomeStatementHistory": {"incomeStatementHistory": [{"maxAge": 1, "endDate": "2020-03-31", "totalRevenue": -297175000, "costOfRevenue": 258000, "grossProfit": -297433000, "researchDevelopment": {}, "sellingGeneralAdministrative": 13537000, "nonRecurring": {}, "otherOperatingExpenses": 7622000, "totalOperatingExpenses": 22487000, "operatingIncome": -319662000, "totalOtherIncomeExpenseNet": 0, "ebit": -319662000, "interestExpense": {}, "incomeBeforeTax": -319662000, "incomeTaxExpense": 1158000, "minorityInterest": {}, "netIncomeFromContinuingOps": -320820000, "discontinuedOperations": {}, "extraordinaryItems": {}, "effectOfAccountingCharges": {}, "otherItems": {}, "netIncome": -320820000, "netIncomeApplicableToCommonShares": -320820000}, {"maxAge": 1, "endDate": "2019-03-31", "totalRevenue": -24521000, "costOfRevenue": 222000, "grossProfit": -24743000, "researchDevelopment": {}, "sellingGeneralAdministrative": 6020000, "nonRecurring": {}, "otherOperatingExpenses": 13311000, "totalOperatingExpenses": 20990000, "operatingIncome": -45511000, "totalOtherIncomeExpenseNet": 0, "ebit": -45511000, "interestExpense": {}, "incomeBeforeTax": -45511000, "incomeTaxExpense": 13941000, "minorityInterest": {}, "netIncomeFromContinuingOps": -59452000, "discontinuedOperations": {}, "extraordinaryItems": {}, "effectOfAccountingCharges": {}, "otherItems": {}, "netIncome": -59452000, "netIncomeApplicableToCommonShares": -59452000}, {"maxAge": 1, "endDate": "2018-03-31", "totalRevenue": 283083000, "costOfRevenue": 141000, "grossProfit": 282942000, "researchDevelopment": {}, "sellingGeneralAdministrative": 10494000, "nonRecurring": {}, "otherOperatingExpenses": 12802000, "totalOperatingExpenses": 200129000, "operatingIncome": 82954000, "totalOtherIncomeExpenseNet": 0, "ebit": 82954000, "interestExpense": {}, "incomeBeforeTax": 82954000, "incomeTaxExpense": 23131000, "minorityInterest": {}, "netIncomeFromContinuingOps": 59823000, "discontinuedOperations": {}, "extraordinaryItems": {}, "effectOfAccountingCharges": {}, "otherItems": {}, "netIncome": 59823000, "netIncomeApplicableToCommonShares": 59823000}, {"maxAge": 1, "endDate": "2017-03-31", "totalRevenue": 95386000, "costOfRevenue": 296000, "grossProfit": 95090000, "researchDevelopment": {}, "sellingGeneralAdministrative": 8344000, "nonRecurring": {}, "otherOperatingExpenses": 13536000, "totalOperatingExpenses": 25948000, "operatingIncome": 69438000, "totalOtherIncomeExpenseNet": 899000, "ebit": 69438000, "interestExpense": {}, "incomeBeforeTax": 70337000, "incomeTaxExpense": 13980000, "minorityInterest": {}, "netIncomeFromContinuingOps": 56357000, "discontinuedOperations": {}, "extraordinaryItems": {}, "effectOfAccountingCharges": {}, "otherItems": {}, "netIncome": 56357000, "netIncomeApplicableToCommonShares": 56357000}], "maxAge": 86400}, "fundOwnership": {"maxAge": 1, "ownershipList": []}, "summaryDetail": {"maxAge": 1, "priceHint": 2, "previousClose": 12.19, "open": 12.19, "dayLow": 12.19, "dayHigh": 12.19, "regularMarketPreviousClose": 12.19, "regularMarketOpen": 12.19, "regularMarketDayLow": 12.19, "regularMarketDayHigh": 12.19, "volume": 505, "regularMarketVolume": 505, "averageVolume": 1506, "averageVolume10days": 2452, "averageDailyVolume10Day": 2452, "bid": 12.19, "ask": 12.2, "bidSize": 0, "askSize": 0, "marketCap": 127994992, "fiftyTwoWeekLow": 9.51, "fiftyTwoWeekHigh": 13.05, "fiftyDayAverage": 11.063143, "twoHundredDayAverage": 10.425839, "trailingAnnualDividendRate": 2.5, "trailingAnnualDividendYield": 0.20508614, "currency": "INR", "fromCurrency": null, "toCurrency": null, "lastMarket": null, "algorithm": null, "tradeable": false}, "incomeStatementHistoryQuarterly": {"incomeStatementHistory": [{"maxAge": 1, "endDate": "2020-06-30", "totalRevenue": 3314000, "costOfRevenue": 0, "grossProfit": 3314000, "researchDevelopment": {}, "sellingGeneralAdministrative": 3033000, "nonRecurring": {}, "otherOperatingExpenses": 473000, "totalOperatingExpenses": 3753000, "operatingIncome": -439000, "totalOtherIncomeExpenseNet": 0, "ebit": -439000, "interestExpense": {}, "incomeBeforeTax": -439000, "incomeTaxExpense": 227000, "minorityInterest": {}, "netIncomeFromContinuingOps": -666000, "discontinuedOperations": {}, "extraordinaryItems": {}, "effectOfAccountingCharges": {}, "otherItems": {}, "netIncome": -666000, "netIncomeApplicableToCommonShares": -666000}, {"maxAge": 1, "endDate": "2020-03-31", "totalRevenue": -242435000, "costOfRevenue": 258000, "grossProfit": -242693000, "researchDevelopment": {}, "sellingGeneralAdministrative": 3301000, "nonRecurring": {}, "otherOperatingExpenses": 2694000, "totalOperatingExpenses": 6582000, "operatingIncome": -249017000, "totalOtherIncomeExpenseNet": 0, "ebit": -249017000, "interestExpense": {}, "incomeBeforeTax": -249017000, "incomeTaxExpense": 1158000, "minorityInterest": {}, "netIncomeFromContinuingOps": -250175000, "discontinuedOperations": {}, "extraordinaryItems": {}, "effectOfAccountingCharges": {}, "otherItems": {}, "netIncome": -250175000, "netIncomeApplicableToCommonShares": -250175000}, {"maxAge": 1, "endDate": "2019-12-31", "totalRevenue": -16947000, "costOfRevenue": 0, "grossProfit": -16947000, "researchDevelopment": {}, "sellingGeneralAdministrative": 4108000, "nonRecurring": {}, "otherOperatingExpenses": 848000, "totalOperatingExpenses": 5204000, "operatingIncome": -22151000, "totalOtherIncomeExpenseNet": 0, "ebit": -22151000, "interestExpense": {}, "incomeBeforeTax": -22151000, "incomeTaxExpense": 0, "minorityInterest": {}, "netIncomeFromContinuingOps": -22151000, "discontinuedOperations": {}, "extraordinaryItems": {}, "effectOfAccountingCharges": {}, "otherItems": {}, "netIncome": -22151000, "netIncomeApplicableToCommonShares": -22151000}, {"maxAge": 1, "endDate": "2019-09-30", "totalRevenue": 13470000, "costOfRevenue": 0, "grossProfit": 13470000, "researchDevelopment": {}, "sellingGeneralAdministrative": 4527000, "nonRecurring": {}, "otherOperatingExpenses": 1197000, "totalOperatingExpenses": 5972000, "operatingIncome": 7498000, "totalOtherIncomeExpenseNet": 0, "ebit": 7498000, "interestExpense": {}, "incomeBeforeTax": 7498000, "incomeTaxExpense": 0, "minorityInterest": {}, "netIncomeFromContinuingOps": 7498000, "discontinuedOperations": {}, "extraordinaryItems": {}, "effectOfAccountingCharges": {}, "otherItems": {}, "netIncome": 7498000, "netIncomeApplicableToCommonShares": 7498000}], "maxAge": 86400}, "cashflowStatementHistoryQuarterly": {"cashflowStatements": [{"maxAge": 1, "endDate": "2020-06-30", "netIncome": -666000, "changeToLiabilities": 0}, {"maxAge": 1, "endDate": "2020-03-31", "netIncome": -250175000, "changeToLiabilities": 0}, {"maxAge": 1, "endDate": "2019-12-31", "netIncome": -22151000, "changeToLiabilities": 0}, {"maxAge": 1, "endDate": "2019-09-30", "netIncome": 7498000, "changeToLiabilities": 0}], "maxAge": 86400}, "insiderHolders": {"holders": [{"maxAge": 1, "name": "Iyer (Karthik Ramkrishnan)", "relation": "UNREPORTED", "url": "", "transactionDescription": "Acquisition", "latestTransDate": "2020-03-02", "positionDirect": 490275, "positionDirectDate": "2020-03-02"}, {"maxAge": 1, "name": "Iyer (Sidharth)", "relation": "Promoter", "url": "", "transactionDescription": "Sale", "latestTransDate": "2020-03-02", "positionDirect": 0, "positionDirectDate": "2020-03-02"}, {"maxAge": 1, "name": "Iyer (Sundar)", "relation": "Promoter", "url": "", "transactionDescription": "Acquisition", "latestTransDate": "2020-09-17", "positionDirect": 4469696, "positionDirectDate": "2020-09-17"}], "maxAge": 1}, "calendarEvents": {"maxAge": 1, "earnings": {"earningsDate": []}}, "price": {"maxAge": 1, "regularMarketChangePercent": 0.0, "regularMarketChange": 0.0, "regularMarketTime": "2021-05-06 10:57:18", "priceHint": 2, "regularMarketPrice": 12.19, "regularMarketDayHigh": 12.19, "regularMarketDayLow": 12.19, "regularMarketVolume": 505, "averageDailyVolume10Day": 2452, "averageDailyVolume3Month": 1506, "regularMarketPreviousClose": 12.19, "regularMarketSource": "FREE_REALTIME", "regularMarketOpen": 12.19, "exchange": "BSE", "exchangeName": "BSE", "exchangeDataDelayedBy": 0, "marketState": "CLOSED", "quoteType": "EQUITY", "symbol": "21STCENMGM.BO", "underlyingSymbol": null, "shortName": "TWENTYFIRST CENTURY MANAGEMENT", "longName": "Twentyfirst Century Management Services Limited", "currency": "INR", "quoteSourceName": "Delayed Quote", "currencySymbol": "\u20b9", "fromCurrency": null, "toCurrency": null, "lastMarket": null, "marketCap": 127994992}, "balanceSheetHistory": {"balanceSheetStatements": [{"maxAge": 1, "endDate": "2020-03-31", "cash": 112584000, "netReceivables": 152826000, "totalCurrentAssets": 265410000, "longTermInvestments": 676000, "propertyPlantEquipment": 3383000, "goodWill": 6000000, "otherAssets": 8391000, "deferredLongTermAssetCharges": 2570000, "totalAssets": 283860000, "accountsPayable": 3000, "otherCurrentLiab": 15922000, "otherLiab": 944000, "totalCurrentLiabilities": 99883000, "totalLiab": 100827000, "commonStock": 105000000, "retainedEarnings": -259031000, "treasuryStock": 64000, "capitalSurplus": 337000000, "otherStockholderEquity": 64000, "totalStockholderEquity": 183033000, "netTangibleAssets": 177033000}, {"maxAge": 1, "endDate": "2019-03-31", "cash": 158640000, "netReceivables": 154551000, "otherCurrentAssets": 51393000, "totalCurrentAssets": 364584000, "longTermInvestments": 100612000, "propertyPlantEquipment": 3140000, "goodWill": 6000000, "otherAssets": 71449000, "deferredLongTermAssetCharges": 2585000, "totalAssets": 545785000, "otherCurrentLiab": 15376000, "totalCurrentLiabilities": 44850000, "totalLiab": 44850000, "commonStock": 105000000, "retainedEarnings": 61650000, "treasuryStock": -2715000, "capitalSurplus": 337000000, "otherStockholderEquity": -2715000, "totalStockholderEquity": 500935000, "netTangibleAssets": 494935000}, {"maxAge": 1, "endDate": "2018-03-31", "cash": 12262000, "netReceivables": 155713000, "otherCurrentAssets": 29533000, "totalCurrentAssets": 197508000, "longTermInvestments": 448523000, "propertyPlantEquipment": 4577000, "goodWill": 6000000, "otherAssets": 154457000, "deferredLongTermAssetCharges": 2526000, "totalAssets": 811065000, "accountsPayable": 5319000, "otherCurrentLiab": 44177000, "totalCurrentLiabilities": 203281000, "totalLiab": 203281000, "commonStock": 105000000, "retainedEarnings": 119082000, "treasuryStock": 46702000, "capitalSurplus": 337000000, "otherStockholderEquity": 46702000, "totalStockholderEquity": 607784000, "netTangibleAssets": 601784000}, {"maxAge": 1, "endDate": "2017-03-31", "cash": 79615000, "shortTermInvestments": 140105000, "netReceivables": 335151000, "otherCurrentAssets": 28533000, "totalCurrentAssets": 583540000, "longTermInvestments": 1214000, "propertyPlantEquipment": 8871000, "goodWill": 6000000, "otherAssets": 141558000, "deferredLongTermAssetCharges": 1657000, "totalAssets": 741183000, "accountsPayable": 79627000, "otherCurrentLiab": 16878000, "totalCurrentLiabilities": 204015000, "totalLiab": 204015000, "commonStock": 105000000, "retainedEarnings": 92996000, "treasuryStock": 2172000, "capitalSurplus": 337000000, "otherStockholderEquity": 2172000, "totalStockholderEquity": 537168000, "netTangibleAssets": 531168000}], "maxAge": 86400}, "financialData": {"maxAge": 86400, "currentPrice": 12.19, "recommendationKey": "none", "grossProfits": -297433000, "financialCurrency": "INR"}}}