{"3IINFOTECH.NS": {"assetProfile": {"address1": "Tower # 5", "address2": "3rd to 6th Floors International Infotech Park Vashi", "city": "Navi Mumbai", "zip": "400 703", "country": "India", "phone": "91 22 7123 8000", "fax": "91 22 6792 8098", "website": "http://www.3i-infotech.com", "industry": "Information Technology Services", "sector": "Technology", "longBusinessSummary": "3i Infotech Limited provides IP based software solutions and information technology services in India and internationally. The company offers Kastle Universal Lending System, a centralized database and browser based application to integrate and streamline the loan processing cycle; Kastle Treasury, a treasury management solution; Kastle Core Banking that provides banking operations for commercial and consumer banking; Kastle Transaction Banking that enables cash and securities movement; Factor/SQL, a factoring software solution; Kastle Integrated Risk Management solution; AMLOCK, an anti-money laundering, and financial crime detection and management solution; Kastle Digital Banking solutions suite to cater the trends of banking and lending practices; and Kastle Business Intelligence, an enterprise analytics platform. It also provides general, life, and health insurance products under the PREMIA brands; PREMIA Blogs; PREMIA Pension; MFund Plus WMS, a wealth management platform technology solution; MFund Plus Suite, an investment/fund management solution; MFund Investor Services System; and PREMIA e-portal, an insurance-specific web portal solution. In addition, the company offers enterprise resource planning solutions, including ORION enterprise suite, a solution that provides industry-specific solutions; ORION financial management solution, which streamlines and unifies financial management process; ORION HRMS and payroll to enhance employee productivity and organizational efficiency; and ORION Mobile ERP, a mobile application to integrate various business processes and modules. Further, it provides customer relationship management and B2C solutions under ORION brand. It serves customers in banking, insurance, capital markets, asset and wealth management, government, manufacturing, retail, distribution, telecom, and healthcare industry verticals. The company was founded in 1993 and is headquartered in Navi Mumbai, India.", "fullTimeEmployees": 5600, "companyOfficers": [{"maxAge": 1, "name": "Mr. Rajeev Madhav Limaye", "title": "Company Sec., Head of Legal & Compliance Officer", "fiscalYear": 2020, "totalPay": 3813988, "exercisedValue": 0, "unexercisedValue": 0}, {"maxAge": 1, "name": "Sudeep  Nadkarni", "title": "Chief Revenue Officer-ITServices-North America", "exercisedValue": 0, "unexercisedValue": 0}, {"maxAge": 1, "name": "Mr. Thompson P. Gnanam", "title": "MD, Global CEO & Additional Whole-Time Director", "exercisedValue": 0, "unexercisedValue": 0}, {"maxAge": 1, "name": "Mr. Mrinal  Ghosh", "age": 48, "title": "Sr. VP & CFO", "yearBorn": 1972, "exercisedValue": 0, "unexercisedValue": 0}, {"maxAge": 1, "name": "Ms. Sreerupa  Sengupta", "title": "Global Head of HR", "exercisedValue": 0, "unexercisedValue": 0}, {"maxAge": 1, "name": "Mr. Rakesh  Doshi", "title": "Pres & Global Head of Financial Services and Insurance Verticals", "fiscalYear": 2019, "exercisedValue": 0, "unexercisedValue": 0}, {"maxAge": 1, "name": "Mr. Krish  Narayanaswami", "title": "Pres & Global Head of Banking Vertical", "fiscalYear": 2019, "exercisedValue": 0, "unexercisedValue": 0}, {"maxAge": 1, "name": "Mr. Ram  Sankar", "title": "Chief Financial Controller of North America", "exercisedValue": 0, "unexercisedValue": 0}, {"maxAge": 1, "name": "Mr. Prasad  Bendre", "title": "Sr. VP of IT Consulting Services for North America", "exercisedValue": 0, "unexercisedValue": 0}, {"maxAge": 1, "name": "Mr. Suryanarayan  Kasichainula", "title": "Pres & Global Head of ERP and Global Head of IT Services Sales", "fiscalYear": 2019, "exercisedValue": 0, "unexercisedValue": 0}], "compensationAsOfEpochDate": "2020-12-31 05:30:00", "maxAge": 86400}, "recommendationTrend": {"trend": [{"period": "0m", "strongBuy": 0, "buy": 0, "hold": 0, "sell": 0, "strongSell": 0}, {"period": "-1m", "strongBuy": 0, "buy": 0, "hold": 0, "sell": 0, "strongSell": 0}, {"period": "-2m", "strongBuy": 0, "buy": 0, "hold": 0, "sell": 0, "strongSell": 0}, {"period": "-3m", "strongBuy": 0, "buy": 0, "hold": 0, "sell": 0, "strongSell": 0}], "maxAge": 86400}, "cashflowStatementHistory": {"cashflowStatements": [{"maxAge": 1, "endDate": "2020-03-31", "netIncome": 676100000, "depreciation": 185900000, "changeToNetincome": 553100000, "changeToAccountReceivables": 673200000, "changeToLiabilities": -296900000, "changeToInventory": 6000000, "changeToOperatingActivities": -116400000, "totalCashFromOperatingActivities": 1685900000, "capitalExpenditures": -70100000, "otherCashflowsFromInvestingActivities": 8100000, "totalCashflowsFromInvestingActivities": -58700000, "dividendsPaid": -6400000, "netBorrowings": -1310400000, "otherCashflowsFromFinancingActivities": -427000000, "totalCashFromFinancingActivities": -1743800000, "changeInCash": -116600000}, {"maxAge": 1, "endDate": "2019-03-31", "netIncome": 672500000, "depreciation": 75400000, "changeToNetincome": 862600000, "changeToAccountReceivables": -294300000, "changeToLiabilities": -79500000, "changeToInventory": 3900000, "changeToOperatingActivities": 121500000, "totalCashFromOperatingActivities": 1370300000, "capitalExpenditures": -108300000, "otherCashflowsFromInvestingActivities": 109700000, "totalCashflowsFromInvestingActivities": 55700000, "dividendsPaid": -6400000, "netBorrowings": -451100000, "otherCashflowsFromFinancingActivities": -445500000, "totalCashFromFinancingActivities": -903000000, "changeInCash": 522900000}, {"maxAge": 1, "endDate": "2018-03-31", "netIncome": 704000000, "depreciation": 80700000, "changeToNetincome": 687600000, "changeToAccountReceivables": -116000000, "changeToLiabilities": -72600000, "changeToInventory": -700000, "changeToOperatingActivities": -364300000, "totalCashFromOperatingActivities": 927400000, "capitalExpenditures": -53400000, "investments": 50000000, "otherCashflowsFromInvestingActivities": -19100000, "totalCashflowsFromInvestingActivities": -25000000, "dividendsPaid": -9700000, "netBorrowings": -1054100000, "otherCashflowsFromFinancingActivities": -540000000, "totalCashFromFinancingActivities": -1603800000, "changeInCash": -701500000}, {"maxAge": 1, "endDate": "2017-03-31", "netIncome": 947300000, "depreciation": 79300000, "changeToNetincome": 1031600000, "changeToAccountReceivables": -186100000, "changeToLiabilities": -496900000, "changeToInventory": -1000000, "changeToOperatingActivities": -135900000, "totalCashFromOperatingActivities": 1294000000, "capitalExpenditures": -56800000, "investments": 125000000, "otherCashflowsFromInvestingActivities": 87500000, "totalCashflowsFromInvestingActivities": 156100000, "dividendsPaid": -3200000, "netBorrowings": -146200000, "otherCashflowsFromFinancingActivities": -592500000, "totalCashFromFinancingActivities": -741900000, "changeInCash": 708200000}], "maxAge": 86400}, "indexTrend": {"maxAge": 1, "symbol": "SP5", "peRatio": 19.7411, "pegRatio": 1.34172, "estimates": [{"period": "0q", "growth": 0.549}, {"period": "+1q", "growth": 0.431}, {"period": "0y", "growth": 0.305}, {"period": "+1y", "growth": 0.109}, {"period": "+5y", "growth": 0.120865}, {"period": "-5y"}]}, "defaultKeyStatistics": {"maxAge": 1, "priceHint": 2, "enterpriseValue": 16730185728, "profitMargins": 0.069359995, "floatShares": 1102169893, "sharesOutstanding": 1616649984, "heldPercentInsiders": 0.37812, "heldPercentInstitutions": 0.03916, "beta": 1.808131, "category": null, "bookValue": 2.456, "priceToBook": 3.2369704, "fundFamily": null, "legalType": null, "lastFiscalYearEnd": "2020-03-31 05:30:00", "nextFiscalYearEnd": "2022-03-31 05:30:00", "mostRecentQuarter": "2020-12-31 05:30:00", "earningsQuarterlyGrowth": -0.204, "netIncomeToCommon": 724899968, "trailingEps": 0.449, "lastSplitFactor": "2:1", "lastSplitDate": "2007-08-27 05:30:00", "enterpriseToRevenue": 1.601, "enterpriseToEbitda": 9.523, "52WeekChange": 3.96875, "SandP52WeekChange": 0.48148263, "lastDividendValue": 1.5, "lastDividendDate": 1309996800}, "industryTrend": {"maxAge": 1, "symbol": null, "estimates": []}, "quoteType": {"exchange": "NSI", "quoteType": "EQUITY", "symbol": "3IINFOTECH.NS", "underlyingSymbol": "3IINFOTECH.NS", "shortName": "3I INFOTECH LTD", "longName": "3i Infotech Limited", "firstTradeDateEpochUtc": "2005-04-22 09:15:00", "timeZoneFullName": "Asia/Kolkata", "timeZoneShortName": "IST", "uuid": "5864d4dc-47c1-3761-905f-7c43a2f01582", "messageBoardId": "finmb_9376063", "gmtOffSetMilliseconds": 19800000, "maxAge": 1}, "incomeStatementHistory": {"incomeStatementHistory": [{"maxAge": 1, "endDate": "2020-03-31", "totalRevenue": 11526200000, "costOfRevenue": 8301600000, "grossProfit": 3224600000, "researchDevelopment": {}, "sellingGeneralAdministrative": 98300000, "nonRecurring": {}, "otherOperatingExpenses": 1228800000, "totalOperatingExpenses": 9819500000, "operatingIncome": 1706700000, "totalOtherIncomeExpenseNet": -892100000, "ebit": 1706700000, "interestExpense": -874900000, "incomeBeforeTax": 814600000, "incomeTaxExpense": 134300000, "minorityInterest": {}, "netIncomeFromContinuingOps": 680300000, "discontinuedOperations": {}, "extraordinaryItems": {}, "effectOfAccountingCharges": {}, "otherItems": {}, "netIncome": 676100000, "netIncomeApplicableToCommonShares": 676100000}, {"maxAge": 1, "endDate": "2019-03-31", "totalRevenue": 11280900000, "costOfRevenue": 8404100000, "grossProfit": 2876800000, "researchDevelopment": {}, "sellingGeneralAdministrative": 248100000, "nonRecurring": {}, "otherOperatingExpenses": 1069800000, "totalOperatingExpenses": 9805600000, "operatingIncome": 1475300000, "totalOtherIncomeExpenseNet": -684200000, "ebit": 1475300000, "interestExpense": -816600000, "incomeBeforeTax": 791100000, "incomeTaxExpense": 109600000, "minorityInterest": 44000000, "netIncomeFromContinuingOps": 681500000, "discontinuedOperations": {}, "extraordinaryItems": {}, "effectOfAccountingCharges": {}, "otherItems": {}, "netIncome": 672500000, "netIncomeApplicableToCommonShares": 672500000}, {"maxAge": 1, "endDate": "2018-03-31", "totalRevenue": 9911900000, "costOfRevenue": 7293000000, "grossProfit": 2618900000, "researchDevelopment": {}, "sellingGeneralAdministrative": 229700000, "nonRecurring": {}, "otherOperatingExpenses": 830900000, "totalOperatingExpenses": 8443000000, "operatingIncome": 1468900000, "totalOtherIncomeExpenseNet": -674100000, "ebit": 1468900000, "interestExpense": -840300000, "incomeBeforeTax": 794800000, "incomeTaxExpense": 83700000, "minorityInterest": 35000000, "netIncomeFromContinuingOps": 711100000, "discontinuedOperations": {}, "extraordinaryItems": {}, "effectOfAccountingCharges": {}, "otherItems": {}, "netIncome": 704000000, "netIncomeApplicableToCommonShares": 704000000}, {"maxAge": 1, "endDate": "2017-03-31", "totalRevenue": 10037900000, "costOfRevenue": 7376100000, "grossProfit": 2661800000, "researchDevelopment": {}, "sellingGeneralAdministrative": 263100000, "nonRecurring": {}, "otherOperatingExpenses": 829400000, "totalOperatingExpenses": 8603600000, "operatingIncome": 1434300000, "totalOtherIncomeExpenseNet": -408500000, "ebit": 1434300000, "interestExpense": -904400000, "incomeBeforeTax": 1025800000, "incomeTaxExpense": 85100000, "minorityInterest": 28100000, "netIncomeFromContinuingOps": 940700000, "discontinuedOperations": {}, "extraordinaryItems": {}, "effectOfAccountingCharges": {}, "otherItems": {}, "netIncome": 947300000, "netIncomeApplicableToCommonShares": 947300000}], "maxAge": 86400}, "fundOwnership": {"maxAge": 1, "ownershipList": []}, "summaryDetail": {"maxAge": 1, "priceHint": 2, "previousClose": 7.6, "open": 7.7, "dayLow": 7.35, "dayHigh": 7.95, "regularMarketPreviousClose": 7.6, "regularMarketOpen": 7.7, "regularMarketDayLow": 7.35, "regularMarketDayHigh": 7.95, "exDividendDate": "2011-07-07 05:30:00", "payoutRatio": 0.0, "beta": 1.808131, "trailingPE": 17.706013, "volume": 38771493, "regularMarketVolume": 38771493, "averageVolume": 14088167, "averageVolume10days": 19695045, "averageDailyVolume10Day": 19695045, "bid": 0.0, "ask": 0.0, "bidSize": 0, "askSize": 0, "marketCap": 12818579456, "fiftyTwoWeekLow": 1.35, "fiftyTwoWeekHigh": 9.3, "priceToSalesTrailing12Months": 1.2265997, "fiftyDayAverage": 7.6208334, "twoHundredDayAverage": 5.9468966, "currency": "INR", "fromCurrency": null, "toCurrency": null, "lastMarket": null, "algorithm": null, "tradeable": false}, "insiderHolders": {"holders": [{"maxAge": 1, "name": "Balakrishnan (Madhivanan)", "relation": "Chief Executive Officer", "url": "", "transactionDescription": "Acquisition", "latestTransDate": "2013-01-09", "positionDirect": 34588, "positionDirectDate": "2013-01-09"}, {"maxAge": 1, "name": "ICICI Bank Ltd", "relation": "Institution- Corporation", "url": "", "transactionDescription": "Sale", "latestTransDate": "2015-05-22", "positionDirect": 19915629, "positionDirectDate": "2015-05-22"}, {"maxAge": 1, "name": "IDBI Bank Ltd", "relation": "Institution- Corporation", "url": "", "transactionDescription": "Acquisition", "latestTransDate": "2012-07-31", "positionDirect": 31358047, "positionDirectDate": "2012-07-31"}, {"maxAge": 1, "name": "IDBI Trusteeship Services Ltd (India Advantage Fund)", "relation": "Promoter", "url": "", "transactionDescription": "Sale", "latestTransDate": "2017-03-24", "positionDirectDate": "2017-03-24"}, {"maxAge": 1, "name": "Life Insurance Corporation of India", "relation": "Institution- Corporation", "url": "", "transactionDescription": "Acquisition", "latestTransDate": "2009-12-12", "positionDirect": 18042406, "positionDirectDate": "2009-12-12"}, {"maxAge": 1, "name": "Reliance Capital Trustee Co Ltd Reliance Long term Equity Fu", "relation": "UNREPORTED", "url": "", "transactionDescription": "Sale", "latestTransDate": "2010-07-16", "positionDirect": 9129000, "positionDirectDate": "2010-07-16"}, {"maxAge": 1, "name": "Sheikh (Suheim)", "relation": "UNREPORTED", "url": "", "transactionDescription": "Sale", "latestTransDate": "2010-01-27", "positionDirect": 0, "positionDirectDate": "2010-01-27"}, {"maxAge": 1, "name": "Standard Chartered Bank", "relation": "Institution- Corporation", "url": "", "transactionDescription": "Acquisition", "latestTransDate": "2012-07-06", "positionDirect": 29418839, "positionDirectDate": "2012-07-06"}, {"maxAge": 1, "name": "Swiss Finance Corporation Mauritius Ltd", "relation": "UNREPORTED", "url": "", "transactionDescription": "Sale", "latestTransDate": "2009-11-20", "positionDirect": 7301537, "positionDirectDate": "2009-11-20"}], "maxAge": 1}, "calendarEvents": {"maxAge": 1, "earnings": {"earningsDate": []}, "exDividendDate": "2011-07-07 05:30:00"}, "price": {"maxAge": 1, "regularMarketChangePercent": 0.04605262, "regularMarketChange": 0.3499999, "regularMarketTime": "2021-04-30 15:29:55", "priceHint": 2, "regularMarketPrice": 7.95, "regularMarketDayHigh": 7.95, "regularMarketDayLow": 7.35, "regularMarketVolume": 38771493, "averageDailyVolume10Day": 19695045, "averageDailyVolume3Month": 14088167, "regularMarketPreviousClose": 7.6, "regularMarketSource": "FREE_REALTIME", "regularMarketOpen": 7.7, "exchange": "NSI", "exchangeName": "NSE", "exchangeDataDelayedBy": 15, "marketState": "CLOSED", "quoteType": "EQUITY", "symbol": "3IINFOTECH.NS", "underlyingSymbol": null, "shortName": "3I INFOTECH LTD", "longName": "3i Infotech Limited", "currency": "INR", "quoteSourceName": "Delayed Quote", "currencySymbol": "\u20b9", "fromCurrency": null, "toCurrency": null, "lastMarket": null, "marketCap": 12818579456}, "balanceSheetHistory": {"balanceSheetStatements": [{"maxAge": 1, "endDate": "2020-03-31", "cash": 895300000, "netReceivables": 3971800000, "otherCurrentAssets": 233400000, "totalCurrentAssets": 5188400000, "longTermInvestments": 1600000, "propertyPlantEquipment": 1851100000, "goodWill": 4350600000, "intangibleAssets": 2305800000, "otherAssets": 1589100000, "deferredLongTermAssetCharges": 38700000, "totalAssets": 15286600000, "accountsPayable": 511900000, "shortLongTermDebt": 870700000, "otherCurrentLiab": 689600000, "longTermDebt": 7659100000, "otherLiab": 196200000, "totalCurrentLiabilities": 3086500000, "totalLiab": 11371900000, "commonStock": 16166500000, "retainedEarnings": -22830800000, "treasuryStock": 1617200000, "capitalSurplus": 8961800000, "otherStockholderEquity": 1617200000, "totalStockholderEquity": 3914700000, "netTangibleAssets": -2741700000}, {"maxAge": 1, "endDate": "2019-03-31", "cash": 1011900000, "shortTermInvestments": 1544000000, "netReceivables": 3910900000, "inventory": 6000000, "otherCurrentAssets": 230400000, "totalCurrentAssets": 5283000000, "longTermInvestments": 1600000, "propertyPlantEquipment": 1409500000, "goodWill": 4350600000, "intangibleAssets": 2303200000, "otherAssets": 1568700000, "deferredLongTermAssetCharges": 36600000, "totalAssets": 14916600000, "accountsPayable": 809600000, "shortLongTermDebt": 486800000, "otherCurrentLiab": 885900000, "longTermDebt": 8137000000, "otherLiab": 202800000, "minorityInterest": 44000000, "totalCurrentLiabilities": 3300700000, "totalLiab": 11640500000, "commonStock": 16166400000, "retainedEarnings": -23507900000, "treasuryStock": 1611800000, "capitalSurplus": 8961800000, "otherStockholderEquity": 1611800000, "totalStockholderEquity": 3232100000, "netTangibleAssets": -3421700000}, {"maxAge": 1, "endDate": "2018-03-31", "cash": 489000000, "netReceivables": 3230400000, "inventory": 9900000, "otherCurrentAssets": 217700000, "totalCurrentAssets": 4029400000, "longTermInvestments": 1600000, "propertyPlantEquipment": 1425500000, "goodWill": 4350600000, "intangibleAssets": 2254200000, "otherAssets": 1642000000, "deferredLongTermAssetCharges": 32400000, "totalAssets": 13703300000, "accountsPayable": 1126000000, "shortLongTermDebt": 9600000, "otherCurrentLiab": 821700000, "longTermDebt": 8246800000, "otherLiab": 203900000, "minorityInterest": 35000000, "totalCurrentLiabilities": 2699900000, "totalLiab": 11150600000, "commonStock": 16153600000, "retainedEarnings": -24230600000, "treasuryStock": 1636900000, "capitalSurplus": 8957800000, "otherStockholderEquity": 1636900000, "totalStockholderEquity": 2517700000, "netTangibleAssets": -4087100000}, {"maxAge": 1, "endDate": "2017-03-31", "cash": 1190500000, "netReceivables": 2592200000, "inventory": 9200000, "otherCurrentAssets": 315400000, "totalCurrentAssets": 4171500000, "longTermInvestments": 1600000, "propertyPlantEquipment": 1437500000, "goodWill": 4350600000, "intangibleAssets": 2275800000, "otherAssets": 1590500000, "deferredLongTermAssetCharges": 30700000, "totalAssets": 13827500000, "accountsPayable": 1194900000, "shortLongTermDebt": 18800000, "otherCurrentLiab": 919400000, "longTermDebt": 9029400000, "otherLiab": 179300000, "minorityInterest": 28100000, "totalCurrentLiabilities": 2816200000, "totalLiab": 12024900000, "commonStock": 11836500000, "retainedEarnings": -24966700000, "treasuryStock": 5956200000, "capitalSurplus": 8948500000, "otherStockholderEquity": 5956200000, "totalStockholderEquity": 1774500000, "netTangibleAssets": -4851900000}], "maxAge": 86400}, "earningsTrend": {"trend": [{"maxAge": 1, "period": "0q", "endDate": null, "growth": {}, "earningsEstimate": {"avg": 0.0, "low": 0.0, "high": 0.0, "yearAgoEps": {}, "numberOfAnalysts": 0, "growth": {}}, "revenueEstimate": {"avg": 0, "low": 0, "high": 0, "numberOfAnalysts": 0, "yearAgoRevenue": {}, "growth": {}}, "epsTrend": {"current": 0.0, "7daysAgo": 0.0, "30daysAgo": 0.0, "60daysAgo": 0.0, "90daysAgo": 0.0}, "epsRevisions": {"upLast7days": 0, "upLast30days": 0, "downLast30days": 0, "downLast90days": {}}}, {"maxAge": 1, "period": "+1q", "endDate": null, "growth": {}, "earningsEstimate": {"avg": 0.0, "low": 0.0, "high": 0.0, "yearAgoEps": {}, "numberOfAnalysts": 0, "growth": {}}, "revenueEstimate": {"avg": 0, "low": 0, "high": 0, "numberOfAnalysts": 0, "yearAgoRevenue": {}, "growth": {}}, "epsTrend": {"current": 0.0, "7daysAgo": 0.0, "30daysAgo": 0.0, "60daysAgo": 0.0, "90daysAgo": 0.0}, "epsRevisions": {"upLast7days": 0, "upLast30days": 0, "downLast30days": 0, "downLast90days": {}}}, {"maxAge": 1, "period": "0y", "endDate": null, "growth": {}, "earningsEstimate": {"avg": 0.0, "low": 0.0, "high": 0.0, "yearAgoEps": {}, "numberOfAnalysts": 0, "growth": {}}, "revenueEstimate": {"avg": 0, "low": 0, "high": 0, "numberOfAnalysts": 0, "yearAgoRevenue": {}, "growth": {}}, "epsTrend": {"current": 0.0, "7daysAgo": 0.0, "30daysAgo": 0.0, "60daysAgo": 0.0, "90daysAgo": 0.0}, "epsRevisions": {"upLast7days": 0, "upLast30days": 0, "downLast30days": 0, "downLast90days": {}}}, {"maxAge": 1, "period": "+1y", "endDate": null, "growth": {}, "earningsEstimate": {"avg": 0.0, "low": 0.0, "high": 0.0, "yearAgoEps": {}, "numberOfAnalysts": 0, "growth": {}}, "revenueEstimate": {"avg": 0, "low": 0, "high": 0, "numberOfAnalysts": 0, "yearAgoRevenue": {}, "growth": {}}, "epsTrend": {"current": 0.0, "7daysAgo": 0.0, "30daysAgo": 0.0, "60daysAgo": 0.0, "90daysAgo": 0.0}, "epsRevisions": {"upLast7days": 0, "upLast30days": 0, "downLast30days": 0, "downLast90days": {}}}, {"maxAge": 1, "period": "+5y", "endDate": null, "growth": {}, "earningsEstimate": {"avg": {}, "low": {}, "high": {}, "yearAgoEps": {}, "numberOfAnalysts": {}, "growth": {}}, "revenueEstimate": {"avg": {}, "low": {}, "high": {}, "numberOfAnalysts": {}, "yearAgoRevenue": {}, "growth": {}}, "epsTrend": {"current": {}, "7daysAgo": {}, "30daysAgo": {}, "60daysAgo": {}, "90daysAgo": {}}, "epsRevisions": {"upLast7days": {}, "upLast30days": {}, "downLast30days": {}, "downLast90days": {}}}, {"maxAge": 1, "period": "-5y", "endDate": null, "growth": -0.23117, "earningsEstimate": {"avg": {}, "low": {}, "high": {}, "yearAgoEps": {}, "numberOfAnalysts": {}, "growth": {}}, "revenueEstimate": {"avg": {}, "low": {}, "high": {}, "numberOfAnalysts": {}, "yearAgoRevenue": {}, "growth": {}}, "epsTrend": {"current": {}, "7daysAgo": {}, "30daysAgo": {}, "60daysAgo": {}, "90daysAgo": {}}, "epsRevisions": {"upLast7days": {}, "upLast30days": {}, "downLast30days": {}, "downLast90days": {}}}], "maxAge": 1}, "institutionOwnership": {"maxAge": 1, "ownershipList": []}, "majorHoldersBreakdown": {"maxAge": 1, "insidersPercentHeld": 0.37812, "institutionsPercentHeld": 0.03916, "institutionsFloatPercentHeld": 0.06296, "institutionsCount": 2}, "balanceSheetHistoryQuarterly": {"balanceSheetStatements": [{"maxAge": 1, "endDate": "2020-12-31", "totalStockholderEquity": 4177200000, "netTangibleAssets": -2477500000}, {"maxAge": 1, "endDate": "2020-09-30", "cash": 1149700000, "shortTermInvestments": 2006300000, "netReceivables": 2120200000, "otherCurrentAssets": 326500000, "totalCurrentAssets": 5602700000, "longTermInvestments": 1600000, "propertyPlantEquipment": 1901500000, "goodWill": 4350600000, "intangibleAssets": 2304100000, "otherAssets": 1357300000, "deferredLongTermAssetCharges": 34700000, "totalAssets": 15517800000, "accountsPayable": 687800000, "otherCurrentLiab": 2383800000, "longTermDebt": 7417000000, "otherLiab": 224900000, "totalCurrentLiabilities": 3196300000, "totalLiab": 11340600000, "commonStock": 16166500000, "treasuryStock": -11989300000, "otherStockholderEquity": -11989300000, "totalStockholderEquity": 4177200000, "netTangibleAssets": -2477500000}, {"maxAge": 1, "endDate": "2020-06-30", "totalStockholderEquity": 3914700000, "netTangibleAssets": -2741700000}, {"maxAge": 1, "endDate": "2020-03-31", "cash": 895300000, "netReceivables": 3971800000, "otherCurrentAssets": 233400000, "totalCurrentAssets": 5188400000, "longTermInvestments": 1600000, "propertyPlantEquipment": 1851100000, "goodWill": 4350600000, "intangibleAssets": 2305800000, "otherAssets": 1589100000, "deferredLongTermAssetCharges": 38700000, "totalAssets": 15286600000, "accountsPayable": 511900000, "shortLongTermDebt": 870700000, "otherCurrentLiab": 689600000, "longTermDebt": 7659100000, "otherLiab": 196200000, "totalCurrentLiabilities": 3086500000, "totalLiab": 11371900000, "commonStock": 16166500000, "retainedEarnings": -22830800000, "treasuryStock": 1617200000, "capitalSurplus": 8961800000, "otherStockholderEquity": 1617200000, "totalStockholderEquity": 3914700000, "netTangibleAssets": -2741700000}], "maxAge": 86400}, "earningsHistory": {"history": [{"maxAge": 1, "epsActual": {}, "epsEstimate": {}, "epsDifference": {}, "surprisePercent": {}, "quarter": {}, "period": "-4q"}, {"maxAge": 1, "epsActual": {}, "epsEstimate": {}, "epsDifference": {}, "surprisePercent": {}, "quarter": {}, "period": "-3q"}, {"maxAge": 1, "epsActual": {}, "epsEstimate": {}, "epsDifference": {}, "surprisePercent": {}, "quarter": {}, "period": "-2q"}, {"maxAge": 1, "epsActual": {}, "epsEstimate": {}, "epsDifference": {}, "surprisePercent": {}, "quarter": {}, "period": "-1q"}], "maxAge": 86400}, "summaryProfile": {"address1": "Tower # 5", "address2": "3rd to 6th Floors International Infotech Park Vashi", "city": "Navi Mumbai", "zip": "400 703", "country": "India", "phone": "91 22 7123 8000", "fax": "91 22 6792 8098", "website": "http://www.3i-infotech.com", "industry": "Information Technology Services", "sector": "Technology", "longBusinessSummary": "3i Infotech Limited provides IP based software solutions and information technology services in India and internationally. The company offers Kastle Universal Lending System, a centralized database and browser based application to integrate and streamline the loan processing cycle; Kastle Treasury, a treasury management solution; Kastle Core Banking that provides banking operations for commercial and consumer banking; Kastle Transaction Banking that enables cash and securities movement; Factor/SQL, a factoring software solution; Kastle Integrated Risk Management solution; AMLOCK, an anti-money laundering, and financial crime detection and management solution; Kastle Digital Banking solutions suite to cater the trends of banking and lending practices; and Kastle Business Intelligence, an enterprise analytics platform. It also provides general, life, and health insurance products under the PREMIA brands; PREMIA Blogs; PREMIA Pension; MFund Plus WMS, a wealth management platform technology solution; MFund Plus Suite, an investment/fund management solution; MFund Investor Services System; and PREMIA e-portal, an insurance-specific web portal solution. In addition, the company offers enterprise resource planning solutions, including ORION enterprise suite, a solution that provides industry-specific solutions; ORION financial management solution, which streamlines and unifies financial management process; ORION HRMS and payroll to enhance employee productivity and organizational efficiency; and ORION Mobile ERP, a mobile application to integrate various business processes and modules. Further, it provides customer relationship management and B2C solutions under ORION brand. It serves customers in banking, insurance, capital markets, asset and wealth management, government, manufacturing, retail, distribution, telecom, and healthcare industry verticals. The company was founded in 1993 and is headquartered in Navi Mumbai, India.", "fullTimeEmployees": 5600, "companyOfficers": [], "maxAge": 86400}, "netSharePurchaseActivity": {"maxAge": 1, "period": "6m", "buyInfoCount": 0, "buyInfoShares": 0, "sellInfoCount": 0, "netInfoCount": 0, "netInfoShares": 0, "netPercentInsiderShares": 0.0, "totalInsiderShares": 590677440}, "insiderTransactions": {"transactions": [{"maxAge": 1, "shares": 550028, "filerUrl": "", "transactionText": "", "filerName": "IDBI Trusteeship Services Ltd (India Advantage Fund)", "filerRelation": "Promoter", "moneyText": "", "startDate": "2017-03-24", "ownership": "D"}, {"maxAge": 1, "shares": 3339355, "filerUrl": "", "transactionText": "", "filerName": "IDBI Trusteeship Services Ltd (India Advantage Fund)", "filerRelation": "Promoter", "moneyText": "", "startDate": "2017-03-23", "ownership": "D"}, {"maxAge": 1, "shares": 1110617, "filerUrl": "", "transactionText": "", "filerName": "IDBI Trusteeship Services Ltd (India Advantage Fund)", "filerRelation": "Promoter", "moneyText": "", "startDate": "2017-03-21", "ownership": "D"}, {"maxAge": 1, "shares": 1492676, "filerUrl": "", "transactionText": "", "filerName": "IDBI Trusteeship Services Ltd (India Advantage Fund)", "filerRelation": "Promoter", "moneyText": "", "startDate": "2017-03-17", "ownership": "D"}, {"maxAge": 1, "shares": 1286000, "filerUrl": "", "transactionText": "", "filerName": "IDBI Trusteeship Services Ltd (India Advantage Fund)", "filerRelation": "Promoter", "moneyText": "", "startDate": "2017-03-15", "ownership": "D"}, {"maxAge": 1, "shares": 1947500, "filerUrl": "", "transactionText": "", "filerName": "IDBI Trusteeship Services Ltd (India Advantage Fund)", "filerRelation": "Promoter", "moneyText": "", "startDate": "2017-03-10", "ownership": "D"}, {"maxAge": 1, "shares": 745000, "filerUrl": "", "transactionText": "", "filerName": "IDBI Trusteeship Services Ltd (India Advantage Fund)", "filerRelation": "Promoter", "moneyText": "", "startDate": "2017-03-08", "ownership": "D"}, {"maxAge": 1, "shares": 1725000, "filerUrl": "", "transactionText": "", "filerName": "IDBI Trusteeship Services Ltd (India Advantage Fund)", "filerRelation": "Promoter", "moneyText": "", "startDate": "2017-03-02", "ownership": "D"}, {"maxAge": 1, "shares": 1400000, "filerUrl": "", "transactionText": "", "filerName": "IDBI Trusteeship Services Ltd (India Advantage Fund)", "filerRelation": "Promoter", "moneyText": "", "startDate": "2017-02-27", "ownership": "D"}, {"maxAge": 1, "shares": 1073606, "filerUrl": "", "transactionText": "", "filerName": "IDBI Trusteeship Services Ltd (India Advantage Fund)", "filerRelation": "Promoter", "moneyText": "", "startDate": "2017-02-23", "ownership": "D"}, {"maxAge": 1, "shares": 1951321, "filerUrl": "", "transactionText": "", "filerName": "IDBI Trusteeship Services Ltd (India Advantage Fund)", "filerRelation": "Promoter", "moneyText": "", "startDate": "2017-02-21", "ownership": "D"}, {"maxAge": 1, "shares": 1740000, "filerUrl": "", "transactionText": "", "filerName": "IDBI Trusteeship Services Ltd (India Advantage Fund)", "filerRelation": "Promoter", "moneyText": "", "startDate": "2017-02-17", "ownership": "D"}, {"maxAge": 1, "shares": 450000, "filerUrl": "", "transactionText": "", "filerName": "IDBI Trusteeship Services Ltd (India Advantage Fund)", "filerRelation": "Promoter", "moneyText": "", "startDate": "2017-02-15", "ownership": "D"}, {"maxAge": 1, "shares": 600000, "filerUrl": "", "transactionText": "", "filerName": "IDBI Trusteeship Services Ltd (India Advantage Fund)", "filerRelation": "Promoter", "moneyText": "", "startDate": "2017-02-14", "ownership": "D"}, {"maxAge": 1, "shares": 17506413, "filerUrl": "", "transactionText": "", "filerName": "ICICI Bank Ltd", "filerRelation": "Institution- Corporation", "moneyText": "", "startDate": "2015-05-22", "ownership": "D"}, {"maxAge": 1, "shares": 24588092, "filerUrl": "", "transactionText": "", "filerName": "ICICI Bank Ltd", "filerRelation": "Institution- Corporation", "moneyText": "", "startDate": "2015-05-18", "ownership": "D"}, {"maxAge": 1, "shares": 20892044, "filerUrl": "", "transactionText": "", "filerName": "ICICI Bank Ltd", "filerRelation": "Institution- Corporation", "moneyText": "", "startDate": "2015-05-14", "ownership": "D"}, {"maxAge": 1, "shares": 17981305, "filerUrl": "", "transactionText": "", "filerName": "ICICI Bank Ltd", "filerRelation": "Institution- Corporation", "moneyText": "", "startDate": "2015-05-12", "ownership": "D"}, {"maxAge": 1, "shares": 12931462, "filerUrl": "", "transactionText": "", "filerName": "ICICI Bank Ltd", "filerRelation": "Institution- Corporation", "moneyText": "", "startDate": "2015-05-07", "ownership": "D"}, {"maxAge": 1, "shares": 8633380, "filerUrl": "", "transactionText": "", "filerName": "ICICI Bank Ltd", "filerRelation": "Institution- Corporation", "moneyText": "", "startDate": "2013-03-15", "ownership": "D"}, {"maxAge": 1, "shares": 34588, "filerUrl": "", "transactionText": "", "filerName": "Balakrishnan (Madhivanan)", "filerRelation": "Chief Executive Officer", "moneyText": "", "startDate": "2013-01-09", "ownership": "D"}, {"maxAge": 1, "shares": 16131763, "filerUrl": "", "transactionText": "", "filerName": "ICICI Bank Ltd", "filerRelation": "Institution- Corporation", "moneyText": "", "startDate": "2012-10-31", "ownership": "D"}, {"maxAge": 1, "shares": 31358047, "filerUrl": "", "transactionText": "", "filerName": "IDBI Bank Ltd", "filerRelation": "Institution- Corporation", "moneyText": "", "startDate": "2012-07-31", "ownership": "D"}, {"maxAge": 1, "shares": 29418839, "filerUrl": "", "transactionText": "", "filerName": "Standard Chartered Bank", "filerRelation": "Institution- Corporation", "moneyText": "", "startDate": "2012-07-06", "ownership": "D"}, {"maxAge": 1, "shares": 89049802, "filerUrl": "", "transactionText": "", "filerName": "ICICI Bank Ltd", "filerRelation": "Institution- Corporation", "moneyText": "", "startDate": "2012-07-03", "ownership": "D"}, {"maxAge": 1, "shares": 2899000, "filerUrl": "", "transactionText": "", "filerName": "Reliance Capital Trustee Co Ltd Reliance Long term Equity Fu", "filerRelation": "UNREPORTED", "moneyText": "", "startDate": "2010-07-16", "ownership": "D"}, {"maxAge": 1, "shares": 23000, "filerUrl": "", "transactionText": "", "filerName": "Sheikh (Suheim)", "filerRelation": "UNREPORTED", "moneyText": "", "startDate": "2010-01-27", "ownership": "D"}, {"maxAge": 1, "shares": 3610747, "filerUrl": "", "transactionText": "", "filerName": "Life Insurance Corporation of India", "filerRelation": "Institution- Corporation", "moneyText": "", "startDate": "2009-12-12", "ownership": "D"}, {"maxAge": 1, "shares": 3359813, "filerUrl": "", "transactionText": "", "filerName": "Swiss Finance Corporation Mauritius Ltd", "filerRelation": "UNREPORTED", "moneyText": "", "startDate": "2009-11-20", "ownership": "D"}, {"maxAge": 1, "shares": 4700000, "filerUrl": "", "transactionText": "", "filerName": "Swiss Finance Corporation Mauritius Ltd", "filerRelation": "UNREPORTED", "moneyText": "", "startDate": "2009-10-07", "ownership": "D"}, {"maxAge": 1, "shares": 4684237, "filerUrl": "", "transactionText": "", "filerName": "Life Insurance Corporation of India", "filerRelation": "UNREPORTED", "moneyText": "", "startDate": "2009-10-01", "ownership": "D"}, {"maxAge": 1, "shares": 11800000, "filerUrl": "", "transactionText": "", "filerName": "Reliance Capital Trustee Co Ltd Reliance Long term Equity Fu", "filerRelation": "UNREPORTED", "moneyText": "", "startDate": "2009-09-30", "ownership": "D"}, {"maxAge": 1, "shares": 15360000, "filerUrl": "", "transactionText": "", "filerName": "Swiss Finance Corporation Mauritius Ltd", "filerRelation": "UNREPORTED", "moneyText": "", "startDate": "2009-09-29", "ownership": "D"}], "maxAge": 1}, "sectorTrend": {"maxAge": 1, "symbol": null, "estimates": []}, "incomeStatementHistoryQuarterly": {"incomeStatementHistory": [{"maxAge": 1, "endDate": "2020-12-31", "totalRevenue": 2751900000, "costOfRevenue": 1973900000, "grossProfit": 778000000, "researchDevelopment": {}, "sellingGeneralAdministrative": {}, "nonRecurring": {}, "otherOperatingExpenses": 265900000, "totalOperatingExpenses": 2289600000, "operatingIncome": 462300000, "totalOtherIncomeExpenseNet": -194300000, "ebit": 462300000, "interestExpense": -92500000, "incomeBeforeTax": 268000000, "incomeTaxExpense": 49300000, "minorityInterest": {}, "netIncomeFromContinuingOps": 218700000, "discontinuedOperations": {}, "extraordinaryItems": {}, "effectOfAccountingCharges": {}, "otherItems": {}, "netIncome": 218700000, "netIncomeApplicableToCommonShares": 218700000}, {"maxAge": 1, "endDate": "2020-09-30", "totalRevenue": 2543600000, "costOfRevenue": 1798400000, "grossProfit": 745200000, "researchDevelopment": {}, "sellingGeneralAdministrative": {}, "nonRecurring": {}, "otherOperatingExpenses": 275000000, "totalOperatingExpenses": 2124000000, "operatingIncome": 419600000, "totalOtherIncomeExpenseNet": -229900000, "ebit": 419600000, "interestExpense": -99500000, "incomeBeforeTax": 189700000, "incomeTaxExpense": 36600000, "minorityInterest": {}, "netIncomeFromContinuingOps": 153100000, "discontinuedOperations": {}, "extraordinaryItems": {}, "effectOfAccountingCharges": {}, "otherItems": {}, "netIncome": 153100000, "netIncomeApplicableToCommonShares": 153100000}, {"maxAge": 1, "endDate": "2020-06-30", "totalRevenue": 2445400000, "costOfRevenue": 1879100000, "grossProfit": 566300000, "researchDevelopment": {}, "sellingGeneralAdministrative": {}, "nonRecurring": {}, "otherOperatingExpenses": 193600000, "totalOperatingExpenses": 2121400000, "operatingIncome": 324000000, "totalOtherIncomeExpenseNet": -203600000, "ebit": 324000000, "interestExpense": -99900000, "incomeBeforeTax": 120400000, "incomeTaxExpense": 15500000, "minorityInterest": {}, "netIncomeFromContinuingOps": 104900000, "discontinuedOperations": {}, "extraordinaryItems": {}, "effectOfAccountingCharges": {}, "otherItems": {}, "netIncome": 104900000, "netIncomeApplicableToCommonShares": 104900000}, {"maxAge": 1, "endDate": "2020-03-31", "totalRevenue": 2709600000, "costOfRevenue": 1903800000, "grossProfit": 805800000, "researchDevelopment": {}, "sellingGeneralAdministrative": 98300000, "nonRecurring": {}, "otherOperatingExpenses": 215300000, "totalOperatingExpenses": 2242900000, "operatingIncome": 466700000, "totalOtherIncomeExpenseNet": -193800000, "ebit": 466700000, "interestExpense": -515900000, "incomeBeforeTax": 272900000, "incomeTaxExpense": 24700000, "minorityInterest": {}, "netIncomeFromContinuingOps": 248200000, "discontinuedOperations": {}, "extraordinaryItems": {}, "effectOfAccountingCharges": {}, "otherItems": {}, "netIncome": 248200000, "netIncomeApplicableToCommonShares": 248200000}], "maxAge": 86400}, "cashflowStatementHistoryQuarterly": {"cashflowStatements": [{"maxAge": 1, "endDate": "2020-12-31", "netIncome": 218700000, "changeToLiabilities": 0}, {"maxAge": 1, "endDate": "2020-09-30", "netIncome": 153100000, "changeToLiabilities": 0}, {"maxAge": 1, "endDate": "2020-06-30", "netIncome": 104900000, "changeToLiabilities": 0}, {"maxAge": 1, "endDate": "2020-03-31", "netIncome": 248200000, "changeToLiabilities": 0}], "maxAge": 86400}, "earnings": {"maxAge": 86400, "earningsChart": {"quarterly": [], "earningsDate": []}, "financialsChart": {"yearly": [{"date": 2017, "revenue": 10037900000, "earnings": 947300000}, {"date": 2018, "revenue": 9911900000, "earnings": 704000000}, {"date": 2019, "revenue": 11280900000, "earnings": 672500000}, {"date": 2020, "revenue": 11526200000, "earnings": 676100000}], "quarterly": [{"date": "1Q2020", "revenue": 2709600000, "earnings": 248200000}, {"date": "2Q2020", "revenue": 2445400000, "earnings": 104900000}, {"date": "3Q2020", "revenue": 2543600000, "earnings": 153100000}, {"date": "4Q2020", "revenue": 2751900000, "earnings": 218700000}]}, "financialCurrency": "INR"}, "financialData": {"maxAge": 86400, "currentPrice": 7.95, "targetHighPrice": 16.0, "targetLowPrice": 16.0, "targetMeanPrice": 16.0, "targetMedianPrice": 16.0, "recommendationKey": "none", "numberOfAnalystOpinions": 1, "totalCash": 3156000000, "totalCashPerShare": 2.02, "ebitda": 1756850048, "totalDebt": 8013899776, "totalRevenue": 10450499584, "debtToEquity": 191.849, "revenuePerShare": 6.47, "grossProfits": 3224600000, "earningsGrowth": -0.176, "revenueGrowth": -0.086, "grossMargins": 0.27706, "ebitdaMargins": 0.16811001, "operatingMargins": 0.16006, "profitMargins": 0.069359995, "financialCurrency": "INR"}}}