{"3IINFOTECH.BO": {"recommendationTrend": {"trend": [{"period": "0m", "strongBuy": 0, "buy": 0, "hold": 0, "sell": 0, "strongSell": 0}, {"period": "-1m", "strongBuy": 0, "buy": 0, "hold": 0, "sell": 0, "strongSell": 0}, {"period": "-2m", "strongBuy": 0, "buy": 0, "hold": 0, "sell": 0, "strongSell": 0}, {"period": "-3m", "strongBuy": 0, "buy": 0, "hold": 0, "sell": 0, "strongSell": 0}], "maxAge": 86400}, "cashflowStatementHistory": {"cashflowStatements": [{"maxAge": 1, "endDate": "2020-03-31", "netIncome": 676100000, "depreciation": 190800000, "changeToNetincome": 552900000, "changeToAccountReceivables": 673200000, "changeToLiabilities": -296900000, "changeToInventory": 6000000, "changeToOperatingActivities": -116300000, "totalCashFromOperatingActivities": 1685800000, "capitalExpenditures": -70100000, "otherCashflowsFromInvestingActivities": 8100000, "totalCashflowsFromInvestingActivities": -58700000, "dividendsPaid": -6400000, "netBorrowings": -1310400000, "otherCashflowsFromFinancingActivities": -427000000, "totalCashFromFinancingActivities": -1743800000, "changeInCash": -116700000}, {"maxAge": 1, "endDate": "2019-03-31", "netIncome": 672500000, "depreciation": 75400000, "changeToNetincome": 862600000, "changeToAccountReceivables": -294300000, "changeToLiabilities": -79500000, "changeToInventory": 3900000, "changeToOperatingActivities": 121500000, "totalCashFromOperatingActivities": 1370300000, "capitalExpenditures": -108300000, "otherCashflowsFromInvestingActivities": 109700000, "totalCashflowsFromInvestingActivities": 55700000, "dividendsPaid": -6400000, "netBorrowings": -451100000, "otherCashflowsFromFinancingActivities": -445500000, "totalCashFromFinancingActivities": -903000000, "changeInCash": 522900000}, {"maxAge": 1, "endDate": "2018-03-31", "netIncome": 704000000, "depreciation": 80700000, "changeToNetincome": 687600000, "changeToAccountReceivables": -116000000, "changeToLiabilities": -72600000, "changeToInventory": -700000, "changeToOperatingActivities": -364300000, "totalCashFromOperatingActivities": 927400000, "capitalExpenditures": -53400000, "investments": 50000000, "otherCashflowsFromInvestingActivities": -19100000, "totalCashflowsFromInvestingActivities": -25000000, "dividendsPaid": -9700000, "netBorrowings": -1054100000, "otherCashflowsFromFinancingActivities": -540000000, "totalCashFromFinancingActivities": -1603800000, "changeInCash": -701500000}, {"maxAge": 1, "endDate": "2017-03-31", "netIncome": 947300000, "depreciation": 79300000, "changeToNetincome": 1031600000, "changeToAccountReceivables": -186100000, "changeToLiabilities": -496900000, "changeToInventory": -1000000, "changeToOperatingActivities": -135900000, "totalCashFromOperatingActivities": 1294000000, "capitalExpenditures": -56800000, "investments": 125000000, "otherCashflowsFromInvestingActivities": 87500000, "totalCashflowsFromInvestingActivities": 156100000, "dividendsPaid": -3200000, "netBorrowings": -146200000, "otherCashflowsFromFinancingActivities": -592500000, "totalCashFromFinancingActivities": -741900000, "changeInCash": 708200000}], "maxAge": 86400}, "institutionOwnership": {"maxAge": 1, "ownershipList": []}, "balanceSheetHistoryQuarterly": {"balanceSheetStatements": [{"maxAge": 1, "endDate": "2020-06-30", "totalStockholderEquity": 3914700000, "netTangibleAssets": -2741700000}, {"maxAge": 1, "endDate": "2020-03-31", "cash": 910000000, "shortTermInvestments": 2075400000, "netReceivables": 1917200000, "otherCurrentAssets": 285800000, "totalCurrentAssets": 5188400000, "longTermInvestments": 1600000, "propertyPlantEquipment": 1851100000, "goodWill": 4350600000, "intangibleAssets": 2305800000, "otherAssets": 1589100000, "deferredLongTermAssetCharges": 38700000, "totalAssets": 15286600000, "accountsPayable": 511900000, "otherCurrentLiab": 2485100000, "longTermDebt": 7659100000, "otherLiab": 196200000, "totalCurrentLiabilities": 3086500000, "totalLiab": 11371900000, "commonStock": 16166500000, "treasuryStock": -12251800000, "otherStockholderEquity": -12251800000, "totalStockholderEquity": 3914700000, "netTangibleAssets": -2741700000}, {"maxAge": 1, "endDate": "2019-12-31", "totalStockholderEquity": 3319300000, "netTangibleAssets": -3324900000}, {"maxAge": 1, "endDate": "2019-09-30", "cash": 1019300000, "shortTermInvestments": 1598700000, "netReceivables": 2311000000, "inventory": 4400000, "otherCurrentAssets": 429100000, "totalCurrentAssets": 5362500000, "longTermInvestments": 1600000, "propertyPlantEquipment": 1833100000, "goodWill": 4350500000, "intangibleAssets": 2293700000, "otherAssets": 1656800000, "deferredLongTermAssetCharges": 36800000, "totalAssets": 15498200000, "accountsPayable": 664200000, "otherCurrentLiab": 2479100000, "longTermDebt": 8660200000, "otherLiab": 216400000, "minorityInterest": 50800000, "totalCurrentLiabilities": 3251500000, "totalLiab": 12128100000, "commonStock": 16166400000, "treasuryStock": -12847100000, "otherStockholderEquity": -12847100000, "totalStockholderEquity": 3319300000, "netTangibleAssets": -3324900000}], "maxAge": 86400}, "earningsHistory": {"history": [{"maxAge": 1, "epsActual": {}, "epsEstimate": {}, "epsDifference": {}, "surprisePercent": {}, "quarter": {}, "period": "-4q"}, {"maxAge": 1, "epsActual": {}, "epsEstimate": {}, "epsDifference": {}, "surprisePercent": {}, "quarter": {}, "period": "-3q"}, {"maxAge": 1, "epsActual": {}, "epsEstimate": {}, "epsDifference": {}, "surprisePercent": {}, "quarter": {}, "period": "-2q"}, {"maxAge": 1, "epsActual": {}, "epsEstimate": {}, "epsDifference": {}, "surprisePercent": {}, "quarter": {}, "period": "-1q"}], "maxAge": 86400}, "indexTrend": {"maxAge": 1, "symbol": "SP5", "peRatio": 19.0279, "pegRatio": 1.5138, "estimates": [{"period": "0q", "growth": 0.72900003}, {"period": "+1q", "growth": 0.345}, {"period": "0y", "growth": 0.341}, {"period": "+1y", "growth": 0.105}, {"period": "+5y", "growth": 0.115702}, {"period": "-5y"}]}, "industryTrend": {"maxAge": 1, "symbol": null, "estimates": []}, "insiderTransactions": {"transactions": [{"maxAge": 1, "shares": 550028, "filerUrl": "", "transactionText": "", "filerName": "IDBI Trusteeship Services Ltd (India Advantage Fund)", "filerRelation": "Promoter", "moneyText": "", "startDate": "2017-03-24", "ownership": "D"}, {"maxAge": 1, "shares": 3339355, "filerUrl": "", "transactionText": "", "filerName": "IDBI Trusteeship Services Ltd (India Advantage Fund)", "filerRelation": "Promoter", "moneyText": "", "startDate": "2017-03-23", "ownership": "D"}, {"maxAge": 1, "shares": 1110617, "filerUrl": "", "transactionText": "", "filerName": "IDBI Trusteeship Services Ltd (India Advantage Fund)", "filerRelation": "Promoter", "moneyText": "", "startDate": "2017-03-21", "ownership": "D"}, {"maxAge": 1, "shares": 1492676, "filerUrl": "", "transactionText": "", "filerName": "IDBI Trusteeship Services Ltd (India Advantage Fund)", "filerRelation": "Promoter", "moneyText": "", "startDate": "2017-03-17", "ownership": "D"}, {"maxAge": 1, "shares": 1286000, "filerUrl": "", "transactionText": "", "filerName": "IDBI Trusteeship Services Ltd (India Advantage Fund)", "filerRelation": "Promoter", "moneyText": "", "startDate": "2017-03-15", "ownership": "D"}, {"maxAge": 1, "shares": 1947500, "filerUrl": "", "transactionText": "", "filerName": "IDBI Trusteeship Services Ltd (India Advantage Fund)", "filerRelation": "Promoter", "moneyText": "", "startDate": "2017-03-10", "ownership": "D"}, {"maxAge": 1, "shares": 745000, "filerUrl": "", "transactionText": "", "filerName": "IDBI Trusteeship Services Ltd (India Advantage Fund)", "filerRelation": "Promoter", "moneyText": "", "startDate": "2017-03-08", "ownership": "D"}, {"maxAge": 1, "shares": 1725000, "filerUrl": "", "transactionText": "", "filerName": "IDBI Trusteeship Services Ltd (India Advantage Fund)", "filerRelation": "Promoter", "moneyText": "", "startDate": "2017-03-02", "ownership": "D"}, {"maxAge": 1, "shares": 1400000, "filerUrl": "", "transactionText": "", "filerName": "IDBI Trusteeship Services Ltd (India Advantage Fund)", "filerRelation": "Promoter", "moneyText": "", "startDate": "2017-02-27", "ownership": "D"}, {"maxAge": 1, "shares": 1073606, "filerUrl": "", "transactionText": "", "filerName": "IDBI Trusteeship Services Ltd (India Advantage Fund)", "filerRelation": "Promoter", "moneyText": "", "startDate": "2017-02-23", "ownership": "D"}, {"maxAge": 1, "shares": 1951321, "filerUrl": "", "transactionText": "", "filerName": "IDBI Trusteeship Services Ltd (India Advantage Fund)", "filerRelation": "Promoter", "moneyText": "", "startDate": "2017-02-21", "ownership": "D"}, {"maxAge": 1, "shares": 1740000, "filerUrl": "", "transactionText": "", "filerName": "IDBI Trusteeship Services Ltd (India Advantage Fund)", "filerRelation": "Promoter", "moneyText": "", "startDate": "2017-02-17", "ownership": "D"}, {"maxAge": 1, "shares": 450000, "filerUrl": "", "transactionText": "", "filerName": "IDBI Trusteeship Services Ltd (India Advantage Fund)", "filerRelation": "Promoter", "moneyText": "", "startDate": "2017-02-15", "ownership": "D"}, {"maxAge": 1, "shares": 600000, "filerUrl": "", "transactionText": "", "filerName": "IDBI Trusteeship Services Ltd (India Advantage Fund)", "filerRelation": "Promoter", "moneyText": "", "startDate": "2017-02-14", "ownership": "D"}, {"maxAge": 1, "shares": 17506413, "filerUrl": "", "transactionText": "", "filerName": "ICICI Bank Ltd", "filerRelation": "Institution- Corporation", "moneyText": "", "startDate": "2015-05-22", "ownership": "D"}, {"maxAge": 1, "shares": 24588092, "filerUrl": "", "transactionText": "", "filerName": "ICICI Bank Ltd", "filerRelation": "Institution- Corporation", "moneyText": "", "startDate": "2015-05-18", "ownership": "D"}, {"maxAge": 1, "shares": 20892044, "filerUrl": "", "transactionText": "", "filerName": "ICICI Bank Ltd", "filerRelation": "Institution- Corporation", "moneyText": "", "startDate": "2015-05-14", "ownership": "D"}, {"maxAge": 1, "shares": 17981305, "filerUrl": "", "transactionText": "", "filerName": "ICICI Bank Ltd", "filerRelation": "Institution- Corporation", "moneyText": "", "startDate": "2015-05-12", "ownership": "D"}, {"maxAge": 1, "shares": 12931462, "filerUrl": "", "transactionText": "", "filerName": "ICICI Bank Ltd", "filerRelation": "Institution- Corporation", "moneyText": "", "startDate": "2015-05-07", "ownership": "D"}, {"maxAge": 1, "shares": 8633380, "filerUrl": "", "transactionText": "", "filerName": "ICICI Bank Ltd", "filerRelation": "Institution- Corporation", "moneyText": "", "startDate": "2013-03-15", "ownership": "D"}, {"maxAge": 1, "shares": 34588, "filerUrl": "", "transactionText": "", "filerName": "Balakrishnan (Madhivanan)", "filerRelation": "Chief Executive Officer", "moneyText": "", "startDate": "2013-01-09", "ownership": "D"}, {"maxAge": 1, "shares": 16131763, "filerUrl": "", "transactionText": "", "filerName": "ICICI Bank Ltd", "filerRelation": "Institution- Corporation", "moneyText": "", "startDate": "2012-10-31", "ownership": "D"}, {"maxAge": 1, "shares": 31358047, "filerUrl": "", "transactionText": "", "filerName": "IDBI Bank Ltd", "filerRelation": "Institution- Corporation", "moneyText": "", "startDate": "2012-07-31", "ownership": "D"}, {"maxAge": 1, "shares": 29418839, "filerUrl": "", "transactionText": "", "filerName": "Standard Chartered Bank", "filerRelation": "Institution- Corporation", "moneyText": "", "startDate": "2012-07-06", "ownership": "D"}, {"maxAge": 1, "shares": 89049802, "filerUrl": "", "transactionText": "", "filerName": "ICICI Bank Ltd", "filerRelation": "Institution- Corporation", "moneyText": "", "startDate": "2012-07-03", "ownership": "D"}, {"maxAge": 1, "shares": 2899000, "filerUrl": "", "transactionText": "", "filerName": "Reliance Capital Trustee Co Ltd Reliance Long term Equity Fu", "filerRelation": "UNREPORTED", "moneyText": "", "startDate": "2010-07-16", "ownership": "D"}, {"maxAge": 1, "shares": 23000, "filerUrl": "", "transactionText": "", "filerName": "Sheikh (Suheim)", "filerRelation": "UNREPORTED", "moneyText": "", "startDate": "2010-01-27", "ownership": "D"}, {"maxAge": 1, "shares": 3610747, "filerUrl": "", "transactionText": "", "filerName": "Life Insurance Corporation of India", "filerRelation": "Institution- Corporation", "moneyText": "", "startDate": "2009-12-12", "ownership": "D"}, {"maxAge": 1, "shares": 3359813, "filerUrl": "", "transactionText": "", "filerName": "Swiss Finance Corporation Mauritius Ltd", "filerRelation": "UNREPORTED", "moneyText": "", "startDate": "2009-11-20", "ownership": "D"}, {"maxAge": 1, "shares": 4700000, "filerUrl": "", "transactionText": "", "filerName": "Swiss Finance Corporation Mauritius Ltd", "filerRelation": "UNREPORTED", "moneyText": "", "startDate": "2009-10-07", "ownership": "D"}, {"maxAge": 1, "shares": 4684237, "filerUrl": "", "transactionText": "", "filerName": "Life Insurance Corporation of India", "filerRelation": "UNREPORTED", "moneyText": "", "startDate": "2009-10-01", "ownership": "D"}, {"maxAge": 1, "shares": 11800000, "filerUrl": "", "transactionText": "", "filerName": "Reliance Capital Trustee Co Ltd Reliance Long term Equity Fu", "filerRelation": "UNREPORTED", "moneyText": "", "startDate": "2009-09-30", "ownership": "D"}, {"maxAge": 1, "shares": 15360000, "filerUrl": "", "transactionText": "", "filerName": "Swiss Finance Corporation Mauritius Ltd", "filerRelation": "UNREPORTED", "moneyText": "", "startDate": "2009-09-29", "ownership": "D"}], "maxAge": 1}, "quoteType": {"exchange": "BSE", "quoteType": "EQUITY", "symbol": "3IINFOTECH.BO", "underlyingSymbol": "3IINFOTECH.BO", "shortName": "3I INFOTECH LTD.", "longName": "3i Infotech Limited", "firstTradeDateEpochUtc": "2005-04-22 09:15:00", "timeZoneFullName": "Asia/Kolkata", "timeZoneShortName": "IST", "uuid": "a4dfc6d8-c770-366f-871d-0edb1094adc0", "messageBoardId": null, "gmtOffSetMilliseconds": 19800000, "maxAge": 1}, "incomeStatementHistory": {"incomeStatementHistory": [{"maxAge": 1, "endDate": "2020-03-31", "totalRevenue": 11413200000, "costOfRevenue": 8301600000, "grossProfit": 3111600000, "researchDevelopment": {}, "sellingGeneralAdministrative": {}, "nonRecurring": {}, "otherOperatingExpenses": 1327000000, "totalOperatingExpenses": 9819400000, "operatingIncome": 1593800000, "totalOtherIncomeExpenseNet": -779200000, "ebit": 1593800000, "interestExpense": -470100000, "incomeBeforeTax": 814600000, "incomeTaxExpense": 134300000, "minorityInterest": {}, "netIncomeFromContinuingOps": 680300000, "discontinuedOperations": {}, "extraordinaryItems": {}, "effectOfAccountingCharges": {}, "otherItems": {}, "netIncome": 676100000, "netIncomeApplicableToCommonShares": 676100000}, {"maxAge": 1, "endDate": "2019-03-31", "totalRevenue": 11217500000, "costOfRevenue": 8434200000, "grossProfit": 2783300000, "researchDevelopment": {}, "sellingGeneralAdministrative": 248100000, "nonRecurring": {}, "otherOperatingExpenses": 1039700000, "totalOperatingExpenses": 9805600000, "operatingIncome": 1411900000, "totalOtherIncomeExpenseNet": -620800000, "ebit": 1411900000, "interestExpense": -816600000, "incomeBeforeTax": 791100000, "incomeTaxExpense": 109600000, "minorityInterest": 44000000, "netIncomeFromContinuingOps": 681500000, "discontinuedOperations": {}, "extraordinaryItems": {}, "effectOfAccountingCharges": {}, "otherItems": {}, "netIncome": 672500000, "netIncomeApplicableToCommonShares": 672500000}, {"maxAge": 1, "endDate": "2018-03-31", "totalRevenue": 9911900000, "costOfRevenue": 7293000000, "grossProfit": 2618900000, "researchDevelopment": {}, "sellingGeneralAdministrative": 229700000, "nonRecurring": {}, "otherOperatingExpenses": 830900000, "totalOperatingExpenses": 8443000000, "operatingIncome": 1468900000, "totalOtherIncomeExpenseNet": -674100000, "ebit": 1468900000, "interestExpense": -840300000, "incomeBeforeTax": 794800000, "incomeTaxExpense": 83700000, "minorityInterest": 35000000, "netIncomeFromContinuingOps": 711100000, "discontinuedOperations": {}, "extraordinaryItems": {}, "effectOfAccountingCharges": {}, "otherItems": {}, "netIncome": 704000000, "netIncomeApplicableToCommonShares": 704000000}, {"maxAge": 1, "endDate": "2017-03-31", "totalRevenue": 10037900000, "costOfRevenue": 7376100000, "grossProfit": 2661800000, "researchDevelopment": {}, "sellingGeneralAdministrative": 263100000, "nonRecurring": {}, "otherOperatingExpenses": 829400000, "totalOperatingExpenses": 8603600000, "operatingIncome": 1434300000, "totalOtherIncomeExpenseNet": -408500000, "ebit": 1434300000, "interestExpense": -904400000, "incomeBeforeTax": 1025800000, "incomeTaxExpense": 85100000, "minorityInterest": 28100000, "netIncomeFromContinuingOps": 940700000, "discontinuedOperations": {}, "extraordinaryItems": {}, "effectOfAccountingCharges": {}, "otherItems": {}, "netIncome": 947300000, "netIncomeApplicableToCommonShares": 947300000}], "maxAge": 86400}, "fundOwnership": {"maxAge": 1, "ownershipList": []}, "summaryDetail": {"maxAge": 1, "priceHint": 2, "previousClose": 7.75, "open": 7.89, "dayLow": 7.71, "dayHigh": 8.0, "regularMarketPreviousClose": 7.75, "regularMarketOpen": 7.89, "regularMarketDayLow": 7.71, "regularMarketDayHigh": 8.0, "trailingPE": 15.8044815, "volume": 3999843, "regularMarketVolume": 3999843, "averageVolume": 8797538, "averageVolume10days": 5352506, "averageDailyVolume10Day": 5352506, "bid": 7.72, "ask": 7.76, "bidSize": 0, "askSize": 0, "marketCap": 12545204224, "fiftyTwoWeekLow": 1.15, "fiftyTwoWeekHigh": 9.57, "fiftyDayAverage": 7.429143, "twoHundredDayAverage": 4.63292, "currency": "INR", "fromCurrency": null, "toCurrency": null, "lastMarket": null, "algorithm": null, "tradeable": false}, "sectorTrend": {"maxAge": 1, "symbol": null, "estimates": []}, "incomeStatementHistoryQuarterly": {"incomeStatementHistory": [{"maxAge": 1, "endDate": "2020-06-30", "totalRevenue": 2397300000, "costOfRevenue": 1879100000, "grossProfit": 518200000, "researchDevelopment": {}, "sellingGeneralAdministrative": {}, "nonRecurring": {}, "otherOperatingExpenses": 193600000, "totalOperatingExpenses": 2121400000, "operatingIncome": 275900000, "totalOtherIncomeExpenseNet": -155500000, "ebit": 275900000, "interestExpense": -99900000, "incomeBeforeTax": 120400000, "incomeTaxExpense": 15500000, "minorityInterest": {}, "netIncomeFromContinuingOps": 104900000, "discontinuedOperations": {}, "extraordinaryItems": {}, "effectOfAccountingCharges": {}, "otherItems": {}, "netIncome": 104900000, "netIncomeApplicableToCommonShares": 104900000}, {"maxAge": 1, "endDate": "2020-03-31", "totalRevenue": 2777100000, "costOfRevenue": 1903800000, "grossProfit": 873300000, "researchDevelopment": {}, "sellingGeneralAdministrative": {}, "nonRecurring": {}, "otherOperatingExpenses": 313600000, "totalOperatingExpenses": 2242900000, "operatingIncome": 534200000, "totalOtherIncomeExpenseNet": -261200000, "ebit": 534200000, "interestExpense": -111000000, "incomeBeforeTax": 273000000, "incomeTaxExpense": 24800000, "minorityInterest": {}, "netIncomeFromContinuingOps": 248200000, "discontinuedOperations": {}, "extraordinaryItems": {}, "effectOfAccountingCharges": {}, "otherItems": {}, "netIncome": 248200000, "netIncomeApplicableToCommonShares": 248200000}, {"maxAge": 1, "endDate": "2019-12-31", "totalRevenue": 2873400000, "costOfRevenue": 2044200000, "grossProfit": 829200000, "researchDevelopment": {}, "sellingGeneralAdministrative": {}, "nonRecurring": {}, "otherOperatingExpenses": 378500000, "totalOperatingExpenses": 2480100000, "operatingIncome": 393300000, "totalOtherIncomeExpenseNet": -81700000, "ebit": 393300000, "interestExpense": -114900000, "incomeBeforeTax": 311600000, "incomeTaxExpense": 39600000, "minorityInterest": {}, "netIncomeFromContinuingOps": 272000000, "discontinuedOperations": {}, "extraordinaryItems": {}, "effectOfAccountingCharges": {}, "otherItems": {}, "netIncome": 274600000, "netIncomeApplicableToCommonShares": 274600000}, {"maxAge": 1, "endDate": "2019-09-30", "totalRevenue": 2961500000, "costOfRevenue": 2204300000, "grossProfit": 757200000, "researchDevelopment": {}, "sellingGeneralAdministrative": {}, "nonRecurring": {}, "otherOperatingExpenses": 297300000, "totalOperatingExpenses": 2556600000, "operatingIncome": 404900000, "totalOtherIncomeExpenseNet": -212100000, "ebit": 404900000, "interestExpense": -120100000, "incomeBeforeTax": 192800000, "incomeTaxExpense": 46400000, "minorityInterest": 50800000, "netIncomeFromContinuingOps": 146400000, "discontinuedOperations": {}, "extraordinaryItems": {}, "effectOfAccountingCharges": {}, "otherItems": {}, "netIncome": 133500000, "netIncomeApplicableToCommonShares": 133500000}], "maxAge": 86400}, "cashflowStatementHistoryQuarterly": {"cashflowStatements": [{"maxAge": 1, "endDate": "2020-06-30", "netIncome": 104900000, "changeToLiabilities": 0}, {"maxAge": 1, "endDate": "2020-03-31", "netIncome": 248200000, "changeToLiabilities": 0}, {"maxAge": 1, "endDate": "2019-12-31", "netIncome": 274600000, "changeToLiabilities": 0}, {"maxAge": 1, "endDate": "2019-09-30", "netIncome": 133500000, "changeToLiabilities": 0}], "maxAge": 86400}, "insiderHolders": {"holders": [{"maxAge": 1, "name": "Balakrishnan (Madhivanan)", "relation": "Chief Executive Officer", "url": "", "transactionDescription": "Acquisition", "latestTransDate": "2013-01-09", "positionDirect": 34588, "positionDirectDate": "2013-01-09"}, {"maxAge": 1, "name": "ICICI Bank Ltd", "relation": "Institution- Corporation", "url": "", "transactionDescription": "Sale", "latestTransDate": "2015-05-22", "positionDirect": 19915629, "positionDirectDate": "2015-05-22"}, {"maxAge": 1, "name": "IDBI Bank Ltd", "relation": "Institution- Corporation", "url": "", "transactionDescription": "Acquisition", "latestTransDate": "2012-07-31", "positionDirect": 31358047, "positionDirectDate": "2012-07-31"}, {"maxAge": 1, "name": "IDBI Trusteeship Services Ltd (India Advantage Fund)", "relation": "Promoter", "url": "", "transactionDescription": "Sale", "latestTransDate": "2017-03-24", "positionDirectDate": "2017-03-24"}, {"maxAge": 1, "name": "Life Insurance Corporation of India", "relation": "Institution- Corporation", "url": "", "transactionDescription": "Acquisition", "latestTransDate": "2009-12-12", "positionDirect": 18042406, "positionDirectDate": "2009-12-12"}, {"maxAge": 1, "name": "Reliance Capital Trustee Co Ltd Reliance Long term Equity Fu", "relation": "UNREPORTED", "url": "", "transactionDescription": "Sale", "latestTransDate": "2010-07-16", "positionDirect": 9129000, "positionDirectDate": "2010-07-16"}, {"maxAge": 1, "name": "Sheikh (Suheim)", "relation": "UNREPORTED", "url": "", "transactionDescription": "Sale", "latestTransDate": "2010-01-27", "positionDirect": 0, "positionDirectDate": "2010-01-27"}, {"maxAge": 1, "name": "Standard Chartered Bank", "relation": "Institution- Corporation", "url": "", "transactionDescription": "Acquisition", "latestTransDate": "2012-07-06", "positionDirect": 29418839, "positionDirectDate": "2012-07-06"}, {"maxAge": 1, "name": "Swiss Finance Corporation Mauritius Ltd", "relation": "UNREPORTED", "url": "", "transactionDescription": "Sale", "latestTransDate": "2009-11-20", "positionDirect": 7301537, "positionDirectDate": "2009-11-20"}], "maxAge": 1}, "earnings": {"maxAge": 86400, "earningsChart": {"quarterly": [], "earningsDate": []}, "financialsChart": {"yearly": [{"date": 2017, "revenue": 10037900000, "earnings": 947300000}, {"date": 2018, "revenue": 9911900000, "earnings": 704000000}, {"date": 2019, "revenue": 11217500000, "earnings": 672500000}, {"date": 2020, "revenue": 11413200000, "earnings": 676100000}], "quarterly": [{"date": "3Q2019", "revenue": 2961500000, "earnings": 133500000}, {"date": "4Q2019", "revenue": 2873400000, "earnings": 274600000}, {"date": "1Q2020", "revenue": 2777100000, "earnings": 248200000}, {"date": "2Q2020", "revenue": 2397300000, "earnings": 104900000}]}, "financialCurrency": "INR"}, "calendarEvents": {"maxAge": 1, "earnings": {"earningsDate": []}}, "price": {"maxAge": 1, "regularMarketChangePercent": 0.0012903521, "regularMarketChange": 0.010000229, "regularMarketTime": "2021-05-07 15:50:05", "priceHint": 2, "regularMarketPrice": 7.76, "regularMarketDayHigh": 8.0, "regularMarketDayLow": 7.71, "regularMarketVolume": 3999843, "averageDailyVolume10Day": 5352506, "averageDailyVolume3Month": 8797538, "regularMarketPreviousClose": 7.75, "regularMarketSource": "FREE_REALTIME", "regularMarketOpen": 7.89, "exchange": "BSE", "exchangeName": "BSE", "exchangeDataDelayedBy": 0, "marketState": "CLOSED", "quoteType": "EQUITY", "symbol": "3IINFOTECH.BO", "underlyingSymbol": null, "shortName": "3I INFOTECH LTD.", "longName": "3i Infotech Limited", "currency": "INR", "quoteSourceName": "Delayed Quote", "currencySymbol": "\u20b9", "fromCurrency": null, "toCurrency": null, "lastMarket": null, "marketCap": 12545204224}, "balanceSheetHistory": {"balanceSheetStatements": [{"maxAge": 1, "endDate": "2020-03-31", "cash": 910000000, "shortTermInvestments": 2075400000, "netReceivables": 1917200000, "otherCurrentAssets": 285800000, "totalCurrentAssets": 5188400000, "longTermInvestments": 1600000, "propertyPlantEquipment": 1851100000, "goodWill": 4350600000, "intangibleAssets": 2305800000, "otherAssets": 1589100000, "deferredLongTermAssetCharges": 38700000, "totalAssets": 15286600000, "accountsPayable": 511900000, "otherCurrentLiab": 2485100000, "longTermDebt": 7659100000, "otherLiab": 196200000, "totalCurrentLiabilities": 3086500000, "totalLiab": 11371900000, "commonStock": 16166500000, "treasuryStock": -12251800000, "otherStockholderEquity": -12251800000, "totalStockholderEquity": 3914700000, "netTangibleAssets": -2741700000}, {"maxAge": 1, "endDate": "2019-03-31", "cash": 1011900000, "shortTermInvestments": 1544000000, "netReceivables": 3910900000, "inventory": 6000000, "otherCurrentAssets": 230400000, "totalCurrentAssets": 5283000000, "longTermInvestments": 1600000, "propertyPlantEquipment": 1409500000, "goodWill": 4350600000, "intangibleAssets": 2303200000, "otherAssets": 1568700000, "deferredLongTermAssetCharges": 36600000, "totalAssets": 14916600000, "accountsPayable": 1044900000, "shortLongTermDebt": 486800000, "otherCurrentLiab": 885900000, "longTermDebt": 8137000000, "otherLiab": 202800000, "minorityInterest": 44000000, "totalCurrentLiabilities": 3300700000, "totalLiab": 11640500000, "commonStock": 16166400000, "retainedEarnings": -23507900000, "treasuryStock": 1611800000, "capitalSurplus": 8961800000, "otherStockholderEquity": 1611800000, "totalStockholderEquity": 3232100000, "netTangibleAssets": -3421700000}, {"maxAge": 1, "endDate": "2018-03-31", "cash": 489000000, "netReceivables": 3230400000, "inventory": 9900000, "otherCurrentAssets": 217700000, "totalCurrentAssets": 4029400000, "longTermInvestments": 1600000, "propertyPlantEquipment": 1425500000, "goodWill": 4350600000, "intangibleAssets": 2254200000, "otherAssets": 1642000000, "deferredLongTermAssetCharges": 32400000, "totalAssets": 13703300000, "accountsPayable": 1126000000, "shortLongTermDebt": 9600000, "otherCurrentLiab": 821700000, "longTermDebt": 8246800000, "otherLiab": 203900000, "minorityInterest": 35000000, "totalCurrentLiabilities": 2699900000, "totalLiab": 11150600000, "commonStock": 16153600000, "retainedEarnings": -24230600000, "treasuryStock": 1636900000, "capitalSurplus": 8957800000, "otherStockholderEquity": 1636900000, "totalStockholderEquity": 2517700000, "netTangibleAssets": -4087100000}, {"maxAge": 1, "endDate": "2017-03-31", "cash": 1190500000, "netReceivables": 2592200000, "inventory": 9200000, "otherCurrentAssets": 315400000, "totalCurrentAssets": 4171500000, "longTermInvestments": 1600000, "propertyPlantEquipment": 1437500000, "goodWill": 4350600000, "intangibleAssets": 2275800000, "otherAssets": 1590500000, "deferredLongTermAssetCharges": 30700000, "totalAssets": 13827500000, "accountsPayable": 1194900000, "shortLongTermDebt": 18800000, "otherCurrentLiab": 919400000, "longTermDebt": 9029400000, "otherLiab": 179300000, "minorityInterest": 28100000, "totalCurrentLiabilities": 2816200000, "totalLiab": 12024900000, "commonStock": 11836500000, "retainedEarnings": -24966700000, "treasuryStock": 5956200000, "capitalSurplus": 8948500000, "otherStockholderEquity": 5956200000, "totalStockholderEquity": 1774500000, "netTangibleAssets": -4851900000}], "maxAge": 86400}, "earningsTrend": {"trend": [{"maxAge": 1, "period": "0q", "endDate": null, "growth": {}, "earningsEstimate": {"avg": 0.0, "low": 0.0, "high": 0.0, "yearAgoEps": {}, "numberOfAnalysts": 0, "growth": {}}, "revenueEstimate": {"avg": 0, "low": 0, "high": 0, "numberOfAnalysts": 0, "yearAgoRevenue": {}, "growth": {}}, "epsTrend": {"current": 0.0, "7daysAgo": 0.0, "30daysAgo": 0.0, "60daysAgo": 0.0, "90daysAgo": 0.0}, "epsRevisions": {"upLast7days": 0, "upLast30days": 0, "downLast30days": 0, "downLast90days": {}}}, {"maxAge": 1, "period": "+1q", "endDate": null, "growth": {}, "earningsEstimate": {"avg": 0.0, "low": 0.0, "high": 0.0, "yearAgoEps": {}, "numberOfAnalysts": 0, "growth": {}}, "revenueEstimate": {"avg": 0, "low": 0, "high": 0, "numberOfAnalysts": 0, "yearAgoRevenue": {}, "growth": {}}, "epsTrend": {"current": 0.0, "7daysAgo": 0.0, "30daysAgo": 0.0, "60daysAgo": 0.0, "90daysAgo": 0.0}, "epsRevisions": {"upLast7days": 0, "upLast30days": 0, "downLast30days": 0, "downLast90days": {}}}, {"maxAge": 1, "period": "0y", "endDate": null, "growth": {}, "earningsEstimate": {"avg": 0.0, "low": 0.0, "high": 0.0, "yearAgoEps": {}, "numberOfAnalysts": 0, "growth": {}}, "revenueEstimate": {"avg": 0, "low": 0, "high": 0, "numberOfAnalysts": 0, "yearAgoRevenue": {}, "growth": {}}, "epsTrend": {"current": 0.0, "7daysAgo": 0.0, "30daysAgo": 0.0, "60daysAgo": 0.0, "90daysAgo": 0.0}, "epsRevisions": {"upLast7days": 0, "upLast30days": 0, "downLast30days": 0, "downLast90days": {}}}, {"maxAge": 1, "period": "+1y", "endDate": null, "growth": {}, "earningsEstimate": {"avg": 0.0, "low": 0.0, "high": 0.0, "yearAgoEps": {}, "numberOfAnalysts": 0, "growth": {}}, "revenueEstimate": {"avg": 0, "low": 0, "high": 0, "numberOfAnalysts": 0, "yearAgoRevenue": {}, "growth": {}}, "epsTrend": {"current": 0.0, "7daysAgo": 0.0, "30daysAgo": 0.0, "60daysAgo": 0.0, "90daysAgo": 0.0}, "epsRevisions": {"upLast7days": 0, "upLast30days": 0, "downLast30days": 0, "downLast90days": {}}}, {"maxAge": 1, "period": "+5y", "endDate": null, "growth": {}, "earningsEstimate": {"avg": {}, "low": {}, "high": {}, "yearAgoEps": {}, "numberOfAnalysts": {}, "growth": {}}, "revenueEstimate": {"avg": {}, "low": {}, "high": {}, "numberOfAnalysts": {}, "yearAgoRevenue": {}, "growth": {}}, "epsTrend": {"current": {}, "7daysAgo": {}, "30daysAgo": {}, "60daysAgo": {}, "90daysAgo": {}}, "epsRevisions": {"upLast7days": {}, "upLast30days": {}, "downLast30days": {}, "downLast90days": {}}}, {"maxAge": 1, "period": "-5y", "endDate": null, "growth": {}, "earningsEstimate": {"avg": {}, "low": {}, "high": {}, "yearAgoEps": {}, "numberOfAnalysts": {}, "growth": {}}, "revenueEstimate": {"avg": {}, "low": {}, "high": {}, "numberOfAnalysts": {}, "yearAgoRevenue": {}, "growth": {}}, "epsTrend": {"current": {}, "7daysAgo": {}, "30daysAgo": {}, "60daysAgo": {}, "90daysAgo": {}}, "epsRevisions": {"upLast7days": {}, "upLast30days": {}, "downLast30days": {}, "downLast90days": {}}}], "maxAge": 1}, "financialData": {"maxAge": 86400, "currentPrice": 7.76, "targetHighPrice": 16.0, "targetLowPrice": 16.0, "targetMeanPrice": 16.0, "targetMedianPrice": 16.0, "recommendationKey": "none", "numberOfAnalystOpinions": 1, "grossProfits": 3111600000, "financialCurrency": "INR"}}}