{"3MINDIA.NS": {"assetProfile": {"address1": "Concorde Block", "address2": "UB City 24, Vittal Mallya Road", "city": "Bengaluru", "zip": "560001", "country": "India", "phone": "91 80 2223 1414", "fax": "91 80 2223 1450", "website": "http://www.3mindia.in", "industry": "Conglomerates", "sector": "Industrials", "longBusinessSummary": "3M India Limited engages in the manufacture and trade of various products for industrial, health care, consumer, safety and graphics, and electronics and energy markets in India. The company operates in four segments: Safety and Industrial, Transportation and Electronics, Health Care, and Consumer. The Safety and Industrial segment offers vinyl, polyester, foil and specialty industrial tapes, adhesives, and other specialty materials; functional and decorative graphics; masking tapes; and abrasion-resistant films. This segment serves original equipment manufacturer and automotive aftermarket, electronics, appliance, and roofing granules. Its Health Care segment provides medical and surgical supplies, medical devices, drug delivery systems, dental and orthodontic products, and food safety products, as well as skin and wound care, and infection prevention products and solutions. The company Transportation and Electronics segment offers personal protection products; asset protection solutions; border control products; passive fire protection for industries and commercial; track and trace products; cleaning and hygiene products for the hospitality industry; traffic safety systems; commercial graphics; architectural markets; and mobile interactive solutions. Its Consumer segment provides office supply, stationery, home care, and protective material products for consumer retail, modern trade, and other retail channels. The company also exports its products. It serves automotive, commercial solutions, consumer, design and construction, electronics, energy, health care, manufacturing, mining, oil and gas, safety, and transportation industries. 3M India Limited was incorporated in 1987 and is based in Bengaluru, India. 3M India Limited operates as a subsidiary of 3M Company.", "fullTimeEmployees": 1277, "companyOfficers": [{"maxAge": 1, "name": "Mr. Ramesh  Ramadurai", "age": 58, "title": "MD & Director", "yearBorn": 1962, "fiscalYear": 2020, "totalPay": 45410453, "exercisedValue": 0, "unexercisedValue": 0}, {"maxAge": 1, "name": "Ms. Mamta Janak Gore", "age": 55, "title": "CFO & Whole Time Director", "yearBorn": 1965, "exercisedValue": 0, "unexercisedValue": 0}, {"maxAge": 1, "name": "Mr. V.  Srinivasan", "title": "Compliance Officer, Company Sec. & Treasurer", "exercisedValue": 0, "unexercisedValue": 0}, {"maxAge": 1, "name": "Shobhana  Nikam", "age": 48, "title": "Gen. Counsel", "yearBorn": 1972, "exercisedValue": 0, "unexercisedValue": 0}, {"maxAge": 1, "name": "Mr. Jongho  Lee JH", "age": 57, "title": "Fin. Director of Asia & Non-Exec. Director", "yearBorn": 1963, "fiscalYear": 2020, "totalPay": 0, "exercisedValue": 0, "unexercisedValue": 0}, {"maxAge": 1, "name": "Kris  Sridhar", "age": 62, "title": "Head of Technical", "yearBorn": 1958, "exercisedValue": 0, "unexercisedValue": 0}, {"maxAge": 1, "name": "Ms. Shreya  Bhagwanth", "age": 44, "title": "Head of HR", "yearBorn": 1976, "exercisedValue": 0, "unexercisedValue": 0}, {"maxAge": 1, "name": "Dr. Raja  Krishnamurthy", "age": 52, "title": "Head of R&D", "yearBorn": 1968, "fiscalYear": 2017, "exercisedValue": 0, "unexercisedValue": 0}, {"maxAge": 1, "name": "Atul  Shukla", "age": 52, "title": "Head of Safety & Industrial Bus.", "yearBorn": 1968, "fiscalYear": 2017, "exercisedValue": 0, "unexercisedValue": 0}, {"maxAge": 1, "name": "Sanjit  Satapathy", "age": 52, "title": "Head of Consumer Bus.", "yearBorn": 1968, "fiscalYear": 2017, "exercisedValue": 0, "unexercisedValue": 0}], "compensationAsOfEpochDate": "2020-12-31 05:30:00", "maxAge": 86400}, "cashflowStatementHistory": {"cashflowStatements": [{"maxAge": 1, "endDate": "2020-03-31", "netIncome": 3221692000, "depreciation": 590912000, "changeToNetincome": -444565000, "changeToAccountReceivables": 378311000, "changeToLiabilities": -421247000, "changeToInventory": -273929000, "changeToOperatingActivities": -603120000, "totalCashFromOperatingActivities": 2450467000, "capitalExpenditures": -212298000, "otherCashflowsFromInvestingActivities": 238450000, "totalCashflowsFromInvestingActivities": 27041000, "netBorrowings": -246458000, "totalCashFromFinancingActivities": -246458000, "changeInCash": 2231050000}, {"maxAge": 1, "endDate": "2019-03-31", "netIncome": 3661799000, "depreciation": 434364000, "changeToNetincome": -857496000, "changeToAccountReceivables": -285497000, "changeToLiabilities": 89181000, "changeToInventory": -437886000, "changeToOperatingActivities": -77847000, "totalCashFromOperatingActivities": 2529817000, "capitalExpenditures": -419272000, "otherCashflowsFromInvestingActivities": 724527000, "totalCashflowsFromInvestingActivities": -5534125000, "netBorrowings": 37201000, "otherCashflowsFromFinancingActivities": -4752000, "totalCashFromFinancingActivities": 32449000, "changeInCash": -2971859000}, {"maxAge": 1, "endDate": "2018-03-31", "netIncome": 3333508000, "depreciation": 435060000, "changeToNetincome": -670368000, "changeToAccountReceivables": -1351511000, "changeToLiabilities": -766079000, "changeToInventory": -107330000, "changeToOperatingActivities": -511326000, "totalCashFromOperatingActivities": 361954000, "capitalExpenditures": -187106000, "otherCashflowsFromInvestingActivities": 426353000, "totalCashflowsFromInvestingActivities": 251023000, "netBorrowings": -310000, "otherCashflowsFromFinancingActivities": -20292000, "totalCashFromFinancingActivities": -20602000, "changeInCash": 592375000}, {"maxAge": 1, "endDate": "2017-03-31", "netIncome": 2407574000, "depreciation": 463435000, "changeToNetincome": -301119000, "changeToAccountReceivables": -820849000, "changeToLiabilities": 1801991000, "changeToInventory": -393992000, "changeToOperatingActivities": 488172000, "totalCashFromOperatingActivities": 3649251000, "capitalExpenditures": -140135000, "otherCashflowsFromInvestingActivities": 258818000, "totalCashflowsFromInvestingActivities": 120085000, "netBorrowings": -13777000, "otherCashflowsFromFinancingActivities": -22719000, "totalCashFromFinancingActivities": -36496000, "changeInCash": 3732840000}], "maxAge": 86400}, "institutionOwnership": {"maxAge": 1, "ownershipList": []}, "majorHoldersBreakdown": {"maxAge": 1, "insidersPercentHeld": 0.7648, "institutionsPercentHeld": 0.08668, "institutionsFloatPercentHeld": 0.36855, "institutionsCount": 46}, "balanceSheetHistoryQuarterly": {"balanceSheetStatements": [{"maxAge": 1, "endDate": "2020-12-31", "totalStockholderEquity": 17813265000, "netTangibleAssets": 17808971000}, {"maxAge": 1, "endDate": "2020-09-30", "cash": 9671078000, "shortTermInvestments": 439403000, "netReceivables": 4055732000, "inventory": 3726775000, "otherCurrentAssets": 625742000, "totalCurrentAssets": 18518730000, "propertyPlantEquipment": 2890403000, "intangibleAssets": 4294000, "otherAssets": 1999463000, "deferredLongTermAssetCharges": 243917000, "totalAssets": 23412890000, "accountsPayable": 2217713000, "otherCurrentLiab": 2690210000, "otherLiab": 380263000, "totalCurrentLiabilities": 5072068000, "totalLiab": 5599625000, "commonStock": 112651000, "treasuryStock": 17700614000, "otherStockholderEquity": 17700614000, "totalStockholderEquity": 17813265000, "netTangibleAssets": 17808971000}, {"maxAge": 1, "endDate": "2020-06-30", "totalStockholderEquity": 17508727000, "netTangibleAssets": 17505250000}, {"maxAge": 1, "endDate": "2020-03-31", "cash": 7805716000, "netReceivables": 5634095000, "inventory": 4459168000, "otherCurrentAssets": 664181000, "totalCurrentAssets": 18687401000, "propertyPlantEquipment": 3125437000, "intangibleAssets": 3477000, "otherAssets": 1897245000, "deferredLongTermAssetCharges": 223632000, "totalAssets": 23713560000, "accountsPayable": 3128703000, "otherCurrentLiab": 914407000, "otherLiab": 315524000, "totalCurrentLiabilities": 5712946000, "totalLiab": 6204833000, "commonStock": 112651000, "retainedEarnings": 17378463000, "treasuryStock": -77377000, "capitalSurplus": 94990000, "otherStockholderEquity": -77377000, "totalStockholderEquity": 17508727000, "netTangibleAssets": 17505250000}], "maxAge": 86400}, "indexTrend": {"maxAge": 1, "symbol": "SP5", "peRatio": 19.7411, "pegRatio": 1.34172, "estimates": [{"period": "0q", "growth": 0.549}, {"period": "+1q", "growth": 0.431}, {"period": "0y", "growth": 0.305}, {"period": "+1y", "growth": 0.109}, {"period": "+5y", "growth": 0.120865}, {"period": "-5y"}]}, "defaultKeyStatistics": {"maxAge": 1, "priceHint": 2, "enterpriseValue": 277385216000, "profitMargins": 0.062030002, "floatShares": 2584330, "sharesOutstanding": 11265100, "heldPercentInsiders": 0.7648, "heldPercentInstitutions": 0.08668, "beta": 0.5619, "category": null, "bookValue": 1581.269, "priceToBook": 16.150288, "fundFamily": null, "legalType": null, "lastFiscalYearEnd": "2020-03-31 05:30:00", "nextFiscalYearEnd": "2022-03-31 05:30:00", "mostRecentQuarter": "2020-12-31 05:30:00", "earningsQuarterlyGrowth": -0.174, "netIncomeToCommon": 1520206976, "trailingEps": 134.953, "lastSplitFactor": null, "enterpriseToRevenue": 11.318, "enterpriseToEbitda": 128.555, "52WeekChange": 0.35634542, "SandP52WeekChange": 0.48148263}, "summaryProfile": {"address1": "Concorde Block", "address2": "UB City 24, Vittal Mallya Road", "city": "Bengaluru", "zip": "560001", "country": "India", "phone": "91 80 2223 1414", "fax": "91 80 2223 1450", "website": "http://www.3mindia.in", "industry": "Conglomerates", "sector": "Industrials", "longBusinessSummary": "3M India Limited engages in the manufacture and trade of various products for industrial, health care, consumer, safety and graphics, and electronics and energy markets in India. The company operates in four segments: Safety and Industrial, Transportation and Electronics, Health Care, and Consumer. The Safety and Industrial segment offers vinyl, polyester, foil and specialty industrial tapes, adhesives, and other specialty materials; functional and decorative graphics; masking tapes; and abrasion-resistant films. This segment serves original equipment manufacturer and automotive aftermarket, electronics, appliance, and roofing granules. Its Health Care segment provides medical and surgical supplies, medical devices, drug delivery systems, dental and orthodontic products, and food safety products, as well as skin and wound care, and infection prevention products and solutions. The company Transportation and Electronics segment offers personal protection products; asset protection solutions; border control products; passive fire protection for industries and commercial; track and trace products; cleaning and hygiene products for the hospitality industry; traffic safety systems; commercial graphics; architectural markets; and mobile interactive solutions. Its Consumer segment provides office supply, stationery, home care, and protective material products for consumer retail, modern trade, and other retail channels. The company also exports its products. It serves automotive, commercial solutions, consumer, design and construction, electronics, energy, health care, manufacturing, mining, oil and gas, safety, and transportation industries. 3M India Limited was incorporated in 1987 and is based in Bengaluru, India. 3M India Limited operates as a subsidiary of 3M Company.", "fullTimeEmployees": 1277, "companyOfficers": [], "maxAge": 86400}, "netSharePurchaseActivity": {"maxAge": 1, "period": "6m", "buyInfoCount": 0, "buyInfoShares": 0, "sellInfoCount": 0, "netInfoCount": 0, "netInfoShares": 0, "netPercentInsiderShares": 0.0, "totalInsiderShares": 8615185}, "insiderTransactions": {"transactions": [{"maxAge": 1, "shares": 6, "filerUrl": "", "transactionText": "", "filerName": "Iyer (B S)", "filerRelation": "Non Executive Chairman", "moneyText": "", "startDate": "2015-11-02", "ownership": "D"}, {"maxAge": 1, "shares": 3, "filerUrl": "", "transactionText": "", "filerName": "Iyer (B S)", "filerRelation": "Non Executive Chairman", "moneyText": "", "startDate": "2015-06-05", "ownership": "D"}, {"maxAge": 1, "shares": 35, "filerUrl": "", "transactionText": "", "filerName": "Iyer (B S)", "filerRelation": "Non Executive Chairman", "moneyText": "", "startDate": "2015-06-03", "ownership": "D"}, {"maxAge": 1, "shares": 36, "filerUrl": "", "transactionText": "", "filerName": "Laroya (Amit)", "filerRelation": "Managing Director", "moneyText": "", "startDate": "2013-12-04", "ownership": "D"}, {"maxAge": 1, "shares": 113198, "filerUrl": "", "transactionText": "", "filerName": "3M Co", "filerRelation": "Promoter", "moneyText": "", "startDate": "2013-03-21", "ownership": "D"}, {"maxAge": 1, "shares": 500, "filerUrl": "", "transactionText": "", "filerName": "Shankaranarayana (B V)", "filerRelation": "Director", "moneyText": "", "startDate": "2011-08-19", "ownership": "D"}, {"maxAge": 1, "shares": 141964, "filerUrl": "", "transactionText": "", "filerName": "Acacia Partners LP", "filerRelation": "Investment Advisor", "moneyText": "", "startDate": "2011-08-19", "ownership": "D"}, {"maxAge": 1, "shares": 20233, "filerUrl": "", "transactionText": "", "filerName": "Acacia Partners LP", "filerRelation": "Investment Advisor", "moneyText": "", "startDate": "2011-08-19", "ownership": "D"}, {"maxAge": 1, "shares": 115951, "filerUrl": "", "transactionText": "", "filerName": "Acacia Partners LP", "filerRelation": "Investment Advisor", "moneyText": "", "startDate": "2011-08-19", "ownership": "D"}, {"maxAge": 1, "shares": 56000, "filerUrl": "", "transactionText": "", "filerName": "Acacia Partners LP", "filerRelation": "Investment Advisor", "moneyText": "", "startDate": "2011-08-19", "ownership": "D"}, {"maxAge": 1, "shares": 62408, "filerUrl": "", "transactionText": "", "filerName": "Acacia Partners LP", "filerRelation": "Investment Advisor", "moneyText": "", "startDate": "2011-08-19", "ownership": "D"}, {"maxAge": 1, "shares": 1951, "filerUrl": "", "transactionText": "", "filerName": "Acacia Partners LP", "filerRelation": "Investment Advisor", "moneyText": "", "startDate": "2011-08-19", "ownership": "D"}, {"maxAge": 1, "shares": 348024, "filerUrl": "", "transactionText": "", "filerName": "Acacia Partners LP", "filerRelation": "Investment Advisor", "moneyText": "", "startDate": "2011-08-19", "ownership": "D"}, {"maxAge": 1, "shares": 7, "filerUrl": "", "transactionText": "", "filerName": "Iyer (B S)", "filerRelation": "Director (Non-Executive)", "moneyText": "", "startDate": "2011-07-29", "ownership": "D"}, {"maxAge": 1, "shares": 17404, "filerUrl": "", "transactionText": "", "filerName": "Acacia Partners LP", "filerRelation": "Investment Advisor", "moneyText": "", "startDate": "2011-02-16", "ownership": "D"}, {"maxAge": 1, "shares": 8000, "filerUrl": "", "transactionText": "", "filerName": "Acacia Partners LP", "filerRelation": "Investment Advisor", "moneyText": "", "startDate": "2011-02-16", "ownership": "D"}, {"maxAge": 1, "shares": 20000, "filerUrl": "", "transactionText": "", "filerName": "Acacia Partners LP", "filerRelation": "Investment Advisor", "moneyText": "", "startDate": "2011-02-16", "ownership": "D"}], "maxAge": 1}, "quoteType": {"exchange": "NSI", "quoteType": "EQUITY", "symbol": "3MINDIA.NS", "underlyingSymbol": "3MINDIA.NS", "shortName": "3M INDIA LTD", "longName": "3M India Limited", "firstTradeDateEpochUtc": "2002-07-01 09:15:00", "timeZoneFullName": "Asia/Kolkata", "timeZoneShortName": "IST", "uuid": "5c0fa4db-c41d-337e-b22d-5a1c081005f0", "messageBoardId": "finmb_881351", "gmtOffSetMilliseconds": 19800000, "maxAge": 1}, "incomeStatementHistory": {"incomeStatementHistory": [{"maxAge": 1, "endDate": "2020-03-31", "totalRevenue": 29865509000, "costOfRevenue": 17491603000, "grossProfit": 12373906000, "researchDevelopment": {}, "sellingGeneralAdministrative": 3318183000, "nonRecurring": {}, "otherOperatingExpenses": 4404104000, "totalOperatingExpenses": 25807215000, "operatingIncome": 4058294000, "totalOtherIncomeExpenseNet": 267364000, "ebit": 4058294000, "interestExpense": -36621000, "incomeBeforeTax": 4325658000, "incomeTaxExpense": 1103966000, "minorityInterest": {}, "netIncomeFromContinuingOps": 3221692000, "discontinuedOperations": {}, "extraordinaryItems": {}, "effectOfAccountingCharges": {}, "otherItems": {}, "netIncome": 3221692000, "netIncomeApplicableToCommonShares": 3221692000}, {"maxAge": 1, "endDate": "2019-03-31", "totalRevenue": 30168224000, "costOfRevenue": 16144140000, "grossProfit": 14024084000, "researchDevelopment": {}, "sellingGeneralAdministrative": 3500960000, "nonRecurring": {}, "otherOperatingExpenses": 5009282000, "totalOperatingExpenses": 25091693000, "operatingIncome": 5076531000, "totalOtherIncomeExpenseNet": 198858000, "ebit": 5076531000, "interestExpense": -11226000, "incomeBeforeTax": 5275389000, "incomeTaxExpense": 1843939000, "minorityInterest": {}, "netIncomeFromContinuingOps": 3431450000, "discontinuedOperations": 230349000, "extraordinaryItems": {}, "effectOfAccountingCharges": {}, "otherItems": {}, "netIncome": 3661799000, "netIncomeApplicableToCommonShares": 3661799000}, {"maxAge": 1, "endDate": "2018-03-31", "totalRevenue": 27098269000, "costOfRevenue": 14170142000, "grossProfit": 12928127000, "researchDevelopment": {}, "sellingGeneralAdministrative": 3754725000, "nonRecurring": {}, "otherOperatingExpenses": 4186397000, "totalOperatingExpenses": 22546324000, "operatingIncome": 4551945000, "totalOtherIncomeExpenseNet": 426699000, "ebit": 4551945000, "interestExpense": -20292000, "incomeBeforeTax": 4978644000, "incomeTaxExpense": 1745634000, "minorityInterest": {}, "netIncomeFromContinuingOps": 3233010000, "discontinuedOperations": 100498000, "extraordinaryItems": {}, "effectOfAccountingCharges": {}, "otherItems": {}, "netIncome": 3333508000, "netIncomeApplicableToCommonShares": 3333508000}, {"maxAge": 1, "endDate": "2017-03-31", "totalRevenue": 23629765000, "costOfRevenue": 13299433000, "grossProfit": 10330332000, "researchDevelopment": {}, "sellingGeneralAdministrative": 2989129000, "nonRecurring": {}, "otherOperatingExpenses": 3579657000, "totalOperatingExpenses": 20335415000, "operatingIncome": 3294350000, "totalOtherIncomeExpenseNet": 397846000, "ebit": 3294350000, "interestExpense": -22719000, "incomeBeforeTax": 3692196000, "incomeTaxExpense": 1284622000, "minorityInterest": {}, "netIncomeFromContinuingOps": 2407574000, "discontinuedOperations": 100498000, "extraordinaryItems": {}, "effectOfAccountingCharges": {}, "otherItems": {}, "netIncome": 2407574000, "netIncomeApplicableToCommonShares": 2407574000}], "maxAge": 86400}, "fundOwnership": {"maxAge": 1, "ownershipList": [{"maxAge": 1, "reportDate": "2021-01-31", "organization": "Vanguard International Stock Index-Emerging Markets Stk", "pctHeld": 0.0027, "position": 30551, "value": 585402986}, {"maxAge": 1, "reportDate": "2021-03-31", "organization": "iShares Core MSCI Emerging Markets ETF", "pctHeld": 0.0023, "position": 26288, "value": 800118655}, {"maxAge": 1, "reportDate": "2020-12-31", "organization": "Wasatch Emerging India Fund", "pctHeld": 0.0021, "position": 24166, "value": 503391071}, {"maxAge": 1, "reportDate": "2021-01-31", "organization": "Vanguard International Stock Index-Total Intl Stock Indx", "pctHeld": 0.002, "position": 22945, "value": 439660617}, {"maxAge": 1, "reportDate": "2020-12-31", "organization": "Wasatch International Growth Fund", "pctHeld": 0.0019, "position": 21672, "value": 451439679}, {"maxAge": 1, "reportDate": "2020-12-31", "organization": "Wasatch Emerging Markets Small Cap Fund", "pctHeld": 0.0018000001, "position": 19784, "value": 412111601}, {"maxAge": 1, "reportDate": "2021-01-31", "organization": "DFA Emerging Markets Core Equity Portfolio", "pctHeld": 0.0007, "position": 7669, "value": 146949543}, {"maxAge": 1, "reportDate": "2021-03-31", "organization": "iShares MSCI India Small Cap ETF", "pctHeld": 0.0005, "position": 5256, "value": 159975032}, {"maxAge": 1, "reportDate": "2020-12-31", "organization": "Wasatch Global Opportunities Fund", "pctHeld": 0.00029999999, "position": 3832, "value": 79822667}, {"maxAge": 1, "reportDate": "2021-01-31", "organization": "Vanguard Intl Equity Index Fds-FTSE All World ex U.S. Index Fund", "pctHeld": 0.00029999999, "position": 3561, "value": 68234101}]}, "summaryDetail": {"maxAge": 1, "priceHint": 2, "previousClose": 25494.35, "open": 25499.0, "dayLow": 25104.75, "dayHigh": 25768.6, "regularMarketPreviousClose": 25494.35, "regularMarketOpen": 25499.0, "regularMarketDayLow": 25104.75, "regularMarketDayHigh": 25768.6, "payoutRatio": 0.0, "beta": 0.5619, "trailingPE": 189.23587, "volume": 8051, "regularMarketVolume": 8051, "averageVolume": 7992, "averageVolume10days": 4860, "averageDailyVolume10Day": 4860, "bid": 0.0, "ask": 0.0, "bidSize": 0, "askSize": 0, "marketCap": 287743737856, "fiftyTwoWeekLow": 16745.0, "fiftyTwoWeekHigh": 31000.0, "priceToSalesTrailing12Months": 11.740918, "fiftyDayAverage": 27330.992, "twoHundredDayAverage": 22765.377, "currency": "INR", "fromCurrency": null, "toCurrency": null, "lastMarket": null, "algorithm": null, "tradeable": false}, "incomeStatementHistoryQuarterly": {"incomeStatementHistory": [{"maxAge": 1, "endDate": "2020-12-31", "totalRevenue": 7414406000, "costOfRevenue": 4431816000, "grossProfit": 2982590000, "researchDevelopment": {}, "sellingGeneralAdministrative": 1024439000, "nonRecurring": {}, "otherOperatingExpenses": 1041610000, "totalOperatingExpenses": 6655298000, "operatingIncome": 759108000, "totalOtherIncomeExpenseNet": 48260000, "ebit": 759108000, "interestExpense": -8625000, "incomeBeforeTax": 807368000, "incomeTaxExpense": 213497000, "minorityInterest": {}, "netIncomeFromContinuingOps": 593871000, "discontinuedOperations": {}, "extraordinaryItems": {}, "effectOfAccountingCharges": {}, "otherItems": {}, "netIncome": 593871000, "netIncomeApplicableToCommonShares": 593871000}, {"maxAge": 1, "endDate": "2020-09-30", "totalRevenue": 6900048000, "costOfRevenue": 4182600000, "grossProfit": 2717448000, "researchDevelopment": {}, "sellingGeneralAdministrative": 802624000, "nonRecurring": {}, "otherOperatingExpenses": 780235000, "totalOperatingExpenses": 5932017000, "operatingIncome": 968031000, "totalOtherIncomeExpenseNet": 53392000, "ebit": 968031000, "interestExpense": -4590000, "incomeBeforeTax": 1021423000, "incomeTaxExpense": 271050000, "minorityInterest": {}, "netIncomeFromContinuingOps": 750373000, "discontinuedOperations": {}, "extraordinaryItems": {}, "effectOfAccountingCharges": {}, "otherItems": {}, "netIncome": 750373000, "netIncomeApplicableToCommonShares": 750373000}, {"maxAge": 1, "endDate": "2020-06-30", "totalRevenue": 3461794000, "costOfRevenue": 2166155000, "grossProfit": 1295639000, "researchDevelopment": {}, "sellingGeneralAdministrative": 917620000, "nonRecurring": {}, "otherOperatingExpenses": 861917000, "totalOperatingExpenses": 4095987000, "operatingIncome": -634193000, "totalOtherIncomeExpenseNet": 55783000, "ebit": -634193000, "interestExpense": -8304000, "incomeBeforeTax": -578410000, "incomeTaxExpense": -153235000, "minorityInterest": {}, "netIncomeFromContinuingOps": -425175000, "discontinuedOperations": {}, "extraordinaryItems": {}, "effectOfAccountingCharges": {}, "otherItems": {}, "netIncome": -425175000, "netIncomeApplicableToCommonShares": -425175000}, {"maxAge": 1, "endDate": "2020-03-31", "totalRevenue": 6731522000, "costOfRevenue": 4191795000, "grossProfit": 2539727000, "researchDevelopment": {}, "sellingGeneralAdministrative": 813187000, "nonRecurring": {}, "otherOperatingExpenses": 808301000, "totalOperatingExpenses": 5972263000, "operatingIncome": 759259000, "totalOtherIncomeExpenseNet": -39555000, "ebit": 759259000, "interestExpense": -8979000, "incomeBeforeTax": 719704000, "incomeTaxExpense": 118566000, "minorityInterest": {}, "netIncomeFromContinuingOps": 601138000, "discontinuedOperations": {}, "extraordinaryItems": {}, "effectOfAccountingCharges": {}, "otherItems": {}, "netIncome": 601138000, "netIncomeApplicableToCommonShares": 601138000}], "maxAge": 86400}, "cashflowStatementHistoryQuarterly": {"cashflowStatements": [{"maxAge": 1, "endDate": "2020-12-31", "netIncome": 593871000, "changeToLiabilities": 0}, {"maxAge": 1, "endDate": "2020-09-30", "netIncome": 750373000, "changeToLiabilities": 0}, {"maxAge": 1, "endDate": "2020-06-30", "netIncome": -425175000, "changeToLiabilities": 0}, {"maxAge": 1, "endDate": "2020-03-31", "netIncome": 601138000, "changeToLiabilities": 0}], "maxAge": 86400}, "insiderHolders": {"holders": [{"maxAge": 1, "name": "3M Co", "relation": "Promoter", "url": "", "transactionDescription": "Sale", "latestTransDate": "2013-03-21", "positionDirect": 8448802, "positionDirectDate": "2013-03-21"}, {"maxAge": 1, "name": "Acacia Partners LP", "relation": "Investment Advisor", "url": "", "transactionDescription": "Acquisition", "latestTransDate": "2011-08-19", "positionDirect": 764891, "positionDirectDate": "2011-08-19"}, {"maxAge": 1, "name": "Iyer (B S)", "relation": "Non Executive Chairman", "url": "", "transactionDescription": "Acquisition", "latestTransDate": "2015-11-02", "positionDirect": 51, "positionDirectDate": "2015-11-02"}, {"maxAge": 1, "name": "Laroya (Amit)", "relation": "Managing Director", "url": "", "transactionDescription": "Sale", "latestTransDate": "2013-12-04", "positionDirect": 0, "positionDirectDate": "2013-12-04"}, {"maxAge": 1, "name": "Shankaranarayana (B V)", "relation": "Director", "url": "", "transactionDescription": "Sale", "latestTransDate": "2011-08-19", "positionDirect": 0, "positionDirectDate": "2011-08-19"}], "maxAge": 1}, "calendarEvents": {"maxAge": 1, "earnings": {"earningsDate": ["2018-02-07 05:30:S", "2018-02-12 05:30:S"]}}, "price": {"maxAge": 1, "regularMarketChangePercent": 0.0017101675, "regularMarketChange": 43.59961, "regularMarketTime": "2021-04-30 15:29:55", "priceHint": 2, "regularMarketPrice": 25537.95, "regularMarketDayHigh": 25768.6, "regularMarketDayLow": 25104.75, "regularMarketVolume": 8051, "averageDailyVolume10Day": 4860, "averageDailyVolume3Month": 7992, "regularMarketPreviousClose": 25494.35, "regularMarketSource": "FREE_REALTIME", "regularMarketOpen": 25499.0, "exchange": "NSI", "exchangeName": "NSE", "exchangeDataDelayedBy": 15, "marketState": "CLOSED", "quoteType": "EQUITY", "symbol": "3MINDIA.NS", "underlyingSymbol": null, "shortName": "3M INDIA LTD", "longName": "3M India Limited", "currency": "INR", "quoteSourceName": "Delayed Quote", "currencySymbol": "\u20b9", "fromCurrency": null, "toCurrency": null, "lastMarket": null, "marketCap": 287743737856}, "balanceSheetHistory": {"balanceSheetStatements": [{"maxAge": 1, "endDate": "2020-03-31", "cash": 7805716000, "netReceivables": 5634095000, "inventory": 4459168000, "otherCurrentAssets": 664181000, "totalCurrentAssets": 18687401000, "propertyPlantEquipment": 3125437000, "intangibleAssets": 3477000, "otherAssets": 1897245000, "deferredLongTermAssetCharges": 223632000, "totalAssets": 23713560000, "accountsPayable": 3128703000, "otherCurrentLiab": 914407000, "otherLiab": 315524000, "totalCurrentLiabilities": 5712946000, "totalLiab": 6204833000, "commonStock": 112651000, "retainedEarnings": 17378463000, "treasuryStock": -77377000, "capitalSurplus": 94990000, "otherStockholderEquity": -77377000, "totalStockholderEquity": 17508727000, "netTangibleAssets": 17505250000}, {"maxAge": 1, "endDate": "2019-03-31", "cash": 5574666000, "netReceivables": 6237610000, "inventory": 4245630000, "otherCurrentAssets": 414650000, "totalCurrentAssets": 16568244000, "propertyPlantEquipment": 2981847000, "intangibleAssets": 2590000, "otherAssets": 1630545000, "deferredLongTermAssetCharges": 307179000, "totalAssets": 21183226000, "accountsPayable": 3558154000, "otherCurrentLiab": 884728000, "otherLiab": 289009000, "totalCurrentLiabilities": 6489806000, "totalLiab": 6854869000, "commonStock": 112651000, "retainedEarnings": 14156771000, "treasuryStock": -36055000, "capitalSurplus": 94990000, "otherStockholderEquity": -36055000, "totalStockholderEquity": 14328357000, "netTangibleAssets": 14325767000}, {"maxAge": 1, "endDate": "2018-03-31", "cash": 8546525000, "netReceivables": 6134901000, "inventory": 3724722000, "otherCurrentAssets": 284274000, "totalCurrentAssets": 18762895000, "propertyPlantEquipment": 3089307000, "intangibleAssets": 4109000, "otherAssets": 1249640000, "deferredLongTermAssetCharges": 188707000, "totalAssets": 23105951000, "accountsPayable": 3565762000, "otherCurrentLiab": 6836691000, "otherLiab": 236911000, "totalCurrentLiabilities": 12149453000, "totalLiab": 12438756000, "commonStock": 112651000, "retainedEarnings": 10494972000, "treasuryStock": -35418000, "capitalSurplus": 94990000, "otherStockholderEquity": -35418000, "totalStockholderEquity": 10667195000, "netTangibleAssets": 10663086000}, {"maxAge": 1, "endDate": "2017-03-31", "cash": 7441590000, "netReceivables": 4264478000, "inventory": 3342331000, "otherCurrentAssets": 160429000, "totalCurrentAssets": 15271834000, "propertyPlantEquipment": 3170982000, "intangibleAssets": 4929000, "otherAssets": 867548000, "deferredLongTermAssetCharges": 77953000, "totalAssets": 19315293000, "accountsPayable": 3998376000, "otherCurrentLiab": 1294635000, "otherLiab": 219064000, "totalCurrentLiabilities": 6786089000, "totalLiab": 7051352000, "commonStock": 112651000, "retainedEarnings": 12086682000, "treasuryStock": -30382000, "capitalSurplus": 94990000, "otherStockholderEquity": -30382000, "totalStockholderEquity": 12263941000, "netTangibleAssets": 12259012000}], "maxAge": 86400}, "financialData": {"maxAge": 86400, "currentPrice": 25537.95, "recommendationKey": "none", "totalCash": 10110481408, "totalCashPerShare": 897.543, "ebitda": 2157712896, "totalDebt": 311439008, "totalRevenue": 24507770880, "debtToEquity": 1.748, "revenuePerShare": 2175.615, "grossProfits": 12373906000, "earningsGrowth": -0.174, "revenueGrowth": -0.005, "grossMargins": 0.38908002, "ebitdaMargins": 0.08804, "operatingMargins": 0.07558, "profitMargins": 0.062030002, "financialCurrency": "INR"}}}