{"3MINDIA.BO": {"recommendationTrend": {"trend": [{"period": "0m", "strongBuy": 0, "buy": 0, "hold": 0, "sell": 0, "strongSell": 0}, {"period": "-1m", "strongBuy": 0, "buy": 0, "hold": 0, "sell": 0, "strongSell": 0}, {"period": "-2m", "strongBuy": 0, "buy": 0, "hold": 0, "sell": 0, "strongSell": 0}, {"period": "-3m", "strongBuy": 0, "buy": 0, "hold": 0, "sell": 0, "strongSell": 0}], "maxAge": 86400}, "cashflowStatementHistory": {"cashflowStatements": [{"maxAge": 1, "endDate": "2020-03-31", "netIncome": 3221692000, "depreciation": 590912000, "changeToNetincome": -444565000, "changeToAccountReceivables": 378311000, "changeToLiabilities": -421247000, "changeToInventory": -273929000, "changeToOperatingActivities": -603120000, "totalCashFromOperatingActivities": 2450467000, "capitalExpenditures": -212298000, "otherCashflowsFromInvestingActivities": 238450000, "totalCashflowsFromInvestingActivities": 27041000, "netBorrowings": -246458000, "totalCashFromFinancingActivities": -246458000, "changeInCash": 2231050000}, {"maxAge": 1, "endDate": "2019-03-31", "netIncome": 3661799000, "depreciation": 434364000, "changeToNetincome": -857496000, "changeToAccountReceivables": -285497000, "changeToLiabilities": 89181000, "changeToInventory": -437886000, "changeToOperatingActivities": -77847000, "totalCashFromOperatingActivities": 2529817000, "capitalExpenditures": -419272000, "otherCashflowsFromInvestingActivities": 724527000, "totalCashflowsFromInvestingActivities": -5534125000, "netBorrowings": 37201000, "otherCashflowsFromFinancingActivities": -4752000, "totalCashFromFinancingActivities": 32449000, "changeInCash": -2971859000}, {"maxAge": 1, "endDate": "2018-03-31", "netIncome": 3333508000, "depreciation": 435060000, "changeToNetincome": -670368000, "changeToAccountReceivables": -1351511000, "changeToLiabilities": -766079000, "changeToInventory": -107330000, "changeToOperatingActivities": -511326000, "totalCashFromOperatingActivities": 361954000, "capitalExpenditures": -187106000, "otherCashflowsFromInvestingActivities": 426353000, "totalCashflowsFromInvestingActivities": 251023000, "netBorrowings": -310000, "otherCashflowsFromFinancingActivities": -20292000, "totalCashFromFinancingActivities": -20602000, "changeInCash": 592375000}, {"maxAge": 1, "endDate": "2017-03-31", "netIncome": 2407574000, "depreciation": 463435000, "changeToNetincome": -301119000, "changeToAccountReceivables": -820849000, "changeToLiabilities": 1801991000, "changeToInventory": -393992000, "changeToOperatingActivities": 488172000, "totalCashFromOperatingActivities": 3649251000, "capitalExpenditures": -140135000, "otherCashflowsFromInvestingActivities": 258818000, "totalCashflowsFromInvestingActivities": 120085000, "netBorrowings": -13777000, "otherCashflowsFromFinancingActivities": -22719000, "totalCashFromFinancingActivities": -36496000, "changeInCash": 3732840000}], "maxAge": 86400}, "institutionOwnership": {"maxAge": 1, "ownershipList": []}, "balanceSheetHistoryQuarterly": {"balanceSheetStatements": [{"maxAge": 1, "endDate": "2020-06-30", "totalStockholderEquity": 17508727000, "netTangibleAssets": 17505250000}, {"maxAge": 1, "endDate": "2020-03-31", "cash": 7805716000, "netReceivables": 5634095000, "inventory": 4459168000, "otherCurrentAssets": 664181000, "totalCurrentAssets": 18687401000, "propertyPlantEquipment": 3125437000, "intangibleAssets": 3477000, "otherAssets": 1897245000, "deferredLongTermAssetCharges": 223632000, "totalAssets": 23713560000, "accountsPayable": 3128703000, "otherCurrentLiab": 914407000, "otherLiab": 315524000, "totalCurrentLiabilities": 5712946000, "totalLiab": 6204833000, "commonStock": 112651000, "retainedEarnings": 17378463000, "treasuryStock": -77377000, "capitalSurplus": 94990000, "otherStockholderEquity": -77377000, "totalStockholderEquity": 17508727000, "netTangibleAssets": 17505250000}, {"maxAge": 1, "endDate": "2019-12-31", "totalStockholderEquity": 16229295000, "netTangibleAssets": 16226597000}, {"maxAge": 1, "endDate": "2019-09-30", "cash": 6857641000, "shortTermInvestments": 577871000, "netReceivables": 5909947000, "inventory": 3978076000, "otherCurrentAssets": 672424000, "totalCurrentAssets": 17995959000, "propertyPlantEquipment": 3145005000, "intangibleAssets": 2698000, "otherAssets": 1748376000, "deferredLongTermAssetCharges": 273951000, "totalAssets": 22892038000, "accountsPayable": 2747915000, "otherCurrentLiab": 3246781000, "otherLiab": 325396000, "totalCurrentLiabilities": 6169379000, "totalLiab": 6662743000, "commonStock": 112651000, "treasuryStock": 16116644000, "otherStockholderEquity": 16116644000, "totalStockholderEquity": 16229295000, "netTangibleAssets": 16226597000}], "maxAge": 86400}, "earningsHistory": {"history": [{"maxAge": 1, "epsActual": {}, "epsEstimate": {}, "epsDifference": {}, "surprisePercent": {}, "quarter": {}, "period": "-4q"}, {"maxAge": 1, "epsActual": {}, "epsEstimate": {}, "epsDifference": {}, "surprisePercent": {}, "quarter": {}, "period": "-3q"}, {"maxAge": 1, "epsActual": {}, "epsEstimate": {}, "epsDifference": {}, "surprisePercent": {}, "quarter": {}, "period": "-2q"}, {"maxAge": 1, "epsActual": {}, "epsEstimate": {}, "epsDifference": {}, "surprisePercent": {}, "quarter": {}, "period": "-1q"}], "maxAge": 86400}, "indexTrend": {"maxAge": 1, "symbol": "SP5", "peRatio": 19.7411, "pegRatio": 1.34172, "estimates": [{"period": "0q", "growth": 0.549}, {"period": "+1q", "growth": 0.431}, {"period": "0y", "growth": 0.305}, {"period": "+1y", "growth": 0.109}, {"period": "+5y", "growth": 0.120865}, {"period": "-5y"}]}, "industryTrend": {"maxAge": 1, "symbol": null, "estimates": []}, "insiderTransactions": {"transactions": [{"maxAge": 1, "shares": 6, "filerUrl": "", "transactionText": "", "filerName": "Iyer (B S)", "filerRelation": "Non Executive Chairman", "moneyText": "", "startDate": "2015-11-02", "ownership": "D"}, {"maxAge": 1, "shares": 3, "filerUrl": "", "transactionText": "", "filerName": "Iyer (B S)", "filerRelation": "Non Executive Chairman", "moneyText": "", "startDate": "2015-06-05", "ownership": "D"}, {"maxAge": 1, "shares": 35, "filerUrl": "", "transactionText": "", "filerName": "Iyer (B S)", "filerRelation": "Non Executive Chairman", "moneyText": "", "startDate": "2015-06-03", "ownership": "D"}, {"maxAge": 1, "shares": 36, "filerUrl": "", "transactionText": "", "filerName": "Laroya (Amit)", "filerRelation": "Managing Director", "moneyText": "", "startDate": "2013-12-04", "ownership": "D"}, {"maxAge": 1, "shares": 113198, "filerUrl": "", "transactionText": "", "filerName": "3M Co", "filerRelation": "Promoter", "moneyText": "", "startDate": "2013-03-21", "ownership": "D"}, {"maxAge": 1, "shares": 500, "filerUrl": "", "transactionText": "", "filerName": "Shankaranarayana (B V)", "filerRelation": "Director", "moneyText": "", "startDate": "2011-08-19", "ownership": "D"}, {"maxAge": 1, "shares": 348024, "filerUrl": "", "transactionText": "", "filerName": "Acacia Partners LP", "filerRelation": "Investment Advisor", "moneyText": "", "startDate": "2011-08-19", "ownership": "D"}, {"maxAge": 1, "shares": 1951, "filerUrl": "", "transactionText": "", "filerName": "Acacia Partners LP", "filerRelation": "Investment Advisor", "moneyText": "", "startDate": "2011-08-19", "ownership": "D"}, {"maxAge": 1, "shares": 141964, "filerUrl": "", "transactionText": "", "filerName": "Acacia Partners LP", "filerRelation": "Investment Advisor", "moneyText": "", "startDate": "2011-08-19", "ownership": "D"}, {"maxAge": 1, "shares": 62408, "filerUrl": "", "transactionText": "", "filerName": "Acacia Partners LP", "filerRelation": "Investment Advisor", "moneyText": "", "startDate": "2011-08-19", "ownership": "D"}, {"maxAge": 1, "shares": 56000, "filerUrl": "", "transactionText": "", "filerName": "Acacia Partners LP", "filerRelation": "Investment Advisor", "moneyText": "", "startDate": "2011-08-19", "ownership": "D"}, {"maxAge": 1, "shares": 20233, "filerUrl": "", "transactionText": "", "filerName": "Acacia Partners LP", "filerRelation": "Investment Advisor", "moneyText": "", "startDate": "2011-08-19", "ownership": "D"}, {"maxAge": 1, "shares": 115951, "filerUrl": "", "transactionText": "", "filerName": "Acacia Partners LP", "filerRelation": "Investment Advisor", "moneyText": "", "startDate": "2011-08-19", "ownership": "D"}, {"maxAge": 1, "shares": 7, "filerUrl": "", "transactionText": "", "filerName": "Iyer (B S)", "filerRelation": "Director (Non-Executive)", "moneyText": "", "startDate": "2011-07-29", "ownership": "D"}, {"maxAge": 1, "shares": 20000, "filerUrl": "", "transactionText": "", "filerName": "Acacia Partners LP", "filerRelation": "Investment Advisor", "moneyText": "", "startDate": "2011-02-16", "ownership": "D"}, {"maxAge": 1, "shares": 8000, "filerUrl": "", "transactionText": "", "filerName": "Acacia Partners LP", "filerRelation": "Investment Advisor", "moneyText": "", "startDate": "2011-02-16", "ownership": "D"}, {"maxAge": 1, "shares": 17404, "filerUrl": "", "transactionText": "", "filerName": "Acacia Partners LP", "filerRelation": "Investment Advisor", "moneyText": "", "startDate": "2011-02-16", "ownership": "D"}], "maxAge": 1}, "quoteType": {"exchange": "BSE", "quoteType": "EQUITY", "symbol": "3MINDIA.BO", "underlyingSymbol": "3MINDIA.BO", "shortName": "3M INDIA LTD.", "longName": "3M India Limited", "firstTradeDateEpochUtc": "2000-05-25 09:15:00", "timeZoneFullName": "Asia/Kolkata", "timeZoneShortName": "IST", "uuid": "0393f383-1a33-3074-a0f1-12089a5ddf6e", "messageBoardId": null, "gmtOffSetMilliseconds": 19800000, "maxAge": 1}, "incomeStatementHistory": {"incomeStatementHistory": [{"maxAge": 1, "endDate": "2020-03-31", "totalRevenue": 29865509000, "costOfRevenue": 17491603000, "grossProfit": 12373906000, "researchDevelopment": {}, "sellingGeneralAdministrative": 3318183000, "nonRecurring": {}, "otherOperatingExpenses": 4404104000, "totalOperatingExpenses": 25807215000, "operatingIncome": 4058294000, "totalOtherIncomeExpenseNet": 267364000, "ebit": 4058294000, "interestExpense": -36621000, "incomeBeforeTax": 4325658000, "incomeTaxExpense": 1103966000, "minorityInterest": {}, "netIncomeFromContinuingOps": 3221692000, "discontinuedOperations": {}, "extraordinaryItems": {}, "effectOfAccountingCharges": {}, "otherItems": {}, "netIncome": 3221692000, "netIncomeApplicableToCommonShares": 3221692000}, {"maxAge": 1, "endDate": "2019-03-31", "totalRevenue": 30168224000, "costOfRevenue": 16144140000, "grossProfit": 14024084000, "researchDevelopment": {}, "sellingGeneralAdministrative": 3500960000, "nonRecurring": {}, "otherOperatingExpenses": 5009282000, "totalOperatingExpenses": 25091693000, "operatingIncome": 5076531000, "totalOtherIncomeExpenseNet": 198858000, "ebit": 5076531000, "interestExpense": -11226000, "incomeBeforeTax": 5275389000, "incomeTaxExpense": 1843939000, "minorityInterest": {}, "netIncomeFromContinuingOps": 3431450000, "discontinuedOperations": 230349000, "extraordinaryItems": {}, "effectOfAccountingCharges": {}, "otherItems": {}, "netIncome": 3661799000, "netIncomeApplicableToCommonShares": 3661799000}, {"maxAge": 1, "endDate": "2018-03-31", "totalRevenue": 27098269000, "costOfRevenue": 14170142000, "grossProfit": 12928127000, "researchDevelopment": {}, "sellingGeneralAdministrative": 3754725000, "nonRecurring": {}, "otherOperatingExpenses": 4186397000, "totalOperatingExpenses": 22546324000, "operatingIncome": 4551945000, "totalOtherIncomeExpenseNet": 426699000, "ebit": 4551945000, "interestExpense": -20292000, "incomeBeforeTax": 4978644000, "incomeTaxExpense": 1745634000, "minorityInterest": {}, "netIncomeFromContinuingOps": 3233010000, "discontinuedOperations": 100498000, "extraordinaryItems": {}, "effectOfAccountingCharges": {}, "otherItems": {}, "netIncome": 3333508000, "netIncomeApplicableToCommonShares": 3333508000}, {"maxAge": 1, "endDate": "2017-03-31", "totalRevenue": 23629765000, "costOfRevenue": 13299433000, "grossProfit": 10330332000, "researchDevelopment": {}, "sellingGeneralAdministrative": 2989129000, "nonRecurring": {}, "otherOperatingExpenses": 3579657000, "totalOperatingExpenses": 20335415000, "operatingIncome": 3294350000, "totalOtherIncomeExpenseNet": 397846000, "ebit": 3294350000, "interestExpense": -22719000, "incomeBeforeTax": 3692196000, "incomeTaxExpense": 1284622000, "minorityInterest": {}, "netIncomeFromContinuingOps": 2407574000, "discontinuedOperations": 100498000, "extraordinaryItems": {}, "effectOfAccountingCharges": {}, "otherItems": {}, "netIncome": 2407574000, "netIncomeApplicableToCommonShares": 2407574000}], "maxAge": 86400}, "fundOwnership": {"maxAge": 1, "ownershipList": [{"maxAge": 1, "reportDate": "2020-07-31", "organization": "Vanguard International Stock Index-Total Intl Stock Indx", "pctHeld": 0.0025, "position": 27944, "value": 588773094}, {"maxAge": 1, "reportDate": "2020-07-31", "organization": "Vanguard International Stock Index-Emerging Markets Stk", "pctHeld": 0.0021, "position": 24148, "value": 508792323}, {"maxAge": 1, "reportDate": "2020-06-30", "organization": "Wasatch Emerging India Fund", "pctHeld": 0.0021, "position": 23629, "value": 444064522}, {"maxAge": 1, "reportDate": "2020-06-30", "organization": "Wasatch Emerging Markets Small Cap Fund", "pctHeld": 0.002, "position": 22180, "value": 416833176}, {"maxAge": 1, "reportDate": "2020-07-31", "organization": "DFA Emerging Markets Core Equity Portfolio", "pctHeld": 0.0008, "position": 8720, "value": 183728220}, {"maxAge": 1, "reportDate": "2020-06-30", "organization": "Wasatch International Growth Fund", "pctHeld": 0.0007, "position": 8399, "value": 157844086}, {"maxAge": 1, "reportDate": "2020-06-30", "organization": "Wasatch Global Opportunities Fund", "pctHeld": 0.0004, "position": 4085, "value": 76770222}, {"maxAge": 1, "reportDate": "2020-07-31", "organization": "DFA Emerging Markets Small Cap Series", "pctHeld": 0.00029999999, "position": 3499, "value": 73723055}, {"maxAge": 1, "reportDate": "2020-06-30", "organization": "Wasatch Emerging Markets Small Cap CIT", "pctHeld": 0.00029999999, "position": 3353, "value": 63013599}, {"maxAge": 1, "reportDate": "2020-07-31", "organization": "Vanguard Intl Equity Index Fds-FTSE All World ex U.S. Index Fund", "pctHeld": 0.00029999999, "position": 3110, "value": 65526922}]}, "summaryDetail": {"maxAge": 1, "priceHint": 2, "previousClose": 25499.45, "open": 25400.0, "dayLow": 25150.0, "dayHigh": 25700.0, "regularMarketPreviousClose": 25499.45, "regularMarketOpen": 25400.0, "regularMarketDayLow": 25150.0, "regularMarketDayHigh": 25700.0, "trailingPE": 152.08875, "volume": 333, "regularMarketVolume": 333, "averageVolume": 383, "averageVolume10days": 578, "averageDailyVolume10Day": 578, "bid": 25125.0, "ask": 25600.0, "bidSize": 0, "askSize": 0, "marketCap": 288236175360, "fiftyTwoWeekLow": 15685.6, "fiftyTwoWeekHigh": 25700.0, "fiftyDayAverage": 21000.045, "twoHundredDayAverage": 20484.992, "currency": "INR", "fromCurrency": null, "toCurrency": null, "lastMarket": null, "algorithm": null, "tradeable": false}, "sectorTrend": {"maxAge": 1, "symbol": null, "estimates": []}, "incomeStatementHistoryQuarterly": {"incomeStatementHistory": [{"maxAge": 1, "endDate": "2020-06-30", "totalRevenue": 3461794000, "costOfRevenue": 2166155000, "grossProfit": 1295639000, "researchDevelopment": {}, "sellingGeneralAdministrative": 917620000, "nonRecurring": {}, "otherOperatingExpenses": 861917000, "totalOperatingExpenses": 4095987000, "operatingIncome": -634193000, "totalOtherIncomeExpenseNet": 55783000, "ebit": -634193000, "interestExpense": -8304000, "incomeBeforeTax": -578410000, "incomeTaxExpense": -153235000, "minorityInterest": {}, "netIncomeFromContinuingOps": -425175000, "discontinuedOperations": {}, "extraordinaryItems": {}, "effectOfAccountingCharges": {}, "otherItems": {}, "netIncome": -425175000, "netIncomeApplicableToCommonShares": -425175000}, {"maxAge": 1, "endDate": "2020-03-31", "totalRevenue": 6731522000, "costOfRevenue": 4191795000, "grossProfit": 2539727000, "researchDevelopment": {}, "sellingGeneralAdministrative": 813187000, "nonRecurring": {}, "otherOperatingExpenses": 808301000, "totalOperatingExpenses": 5972263000, "operatingIncome": 759259000, "totalOtherIncomeExpenseNet": -39555000, "ebit": 759259000, "interestExpense": -8979000, "incomeBeforeTax": 719704000, "incomeTaxExpense": 118566000, "minorityInterest": {}, "netIncomeFromContinuingOps": 601138000, "discontinuedOperations": {}, "extraordinaryItems": {}, "effectOfAccountingCharges": {}, "otherItems": {}, "netIncome": 601138000, "netIncomeApplicableToCommonShares": 601138000}, {"maxAge": 1, "endDate": "2019-12-31", "totalRevenue": 7453758000, "costOfRevenue": 4461016000, "grossProfit": 2992742000, "researchDevelopment": {}, "sellingGeneralAdministrative": 819787000, "nonRecurring": {}, "otherOperatingExpenses": 1194256000, "totalOperatingExpenses": 6622551000, "operatingIncome": 831207000, "totalOtherIncomeExpenseNet": 132847000, "ebit": 831207000, "interestExpense": -11243000, "incomeBeforeTax": 964054000, "incomeTaxExpense": 244860000, "minorityInterest": {}, "netIncomeFromContinuingOps": 719194000, "discontinuedOperations": {}, "extraordinaryItems": {}, "effectOfAccountingCharges": {}, "otherItems": {}, "netIncome": 719194000, "netIncomeApplicableToCommonShares": 719194000}, {"maxAge": 1, "endDate": "2019-09-30", "totalRevenue": 7635277000, "costOfRevenue": 4397466000, "grossProfit": 3237811000, "researchDevelopment": {}, "sellingGeneralAdministrative": 784213000, "nonRecurring": {}, "otherOperatingExpenses": 1158181000, "totalOperatingExpenses": 6477657000, "operatingIncome": 1157620000, "totalOtherIncomeExpenseNet": 98790000, "ebit": 1157620000, "interestExpense": -7936000, "incomeBeforeTax": 1256410000, "incomeTaxExpense": 256334000, "minorityInterest": {}, "netIncomeFromContinuingOps": 1000076000, "discontinuedOperations": {}, "extraordinaryItems": {}, "effectOfAccountingCharges": {}, "otherItems": {}, "netIncome": 1000076000, "netIncomeApplicableToCommonShares": 1000076000}], "maxAge": 86400}, "cashflowStatementHistoryQuarterly": {"cashflowStatements": [{"maxAge": 1, "endDate": "2020-06-30", "netIncome": -425175000, "changeToLiabilities": 0}, {"maxAge": 1, "endDate": "2020-03-31", "netIncome": 601138000, "changeToLiabilities": 0}, {"maxAge": 1, "endDate": "2019-12-31", "netIncome": 719194000, "changeToLiabilities": 0}, {"maxAge": 1, "endDate": "2019-09-30", "netIncome": 1000076000, "changeToLiabilities": 0}], "maxAge": 86400}, "insiderHolders": {"holders": [{"maxAge": 1, "name": "3M Co", "relation": "Promoter", "url": "", "transactionDescription": "Sale", "latestTransDate": "2013-03-21", "positionDirect": 8448802, "positionDirectDate": "2013-03-21"}, {"maxAge": 1, "name": "Acacia Partners LP", "relation": "Investment Advisor", "url": "", "transactionDescription": "Acquisition", "latestTransDate": "2011-08-19", "positionDirect": 922680, "positionDirectDate": "2011-08-19"}, {"maxAge": 1, "name": "Iyer (B S)", "relation": "Non Executive Chairman", "url": "", "transactionDescription": "Acquisition", "latestTransDate": "2015-11-02", "positionDirect": 51, "positionDirectDate": "2015-11-02"}, {"maxAge": 1, "name": "Laroya (Amit)", "relation": "Managing Director", "url": "", "transactionDescription": "Sale", "latestTransDate": "2013-12-04", "positionDirect": 0, "positionDirectDate": "2013-12-04"}, {"maxAge": 1, "name": "Shankaranarayana (B V)", "relation": "Director", "url": "", "transactionDescription": "Sale", "latestTransDate": "2011-08-19", "positionDirect": 0, "positionDirectDate": "2011-08-19"}], "maxAge": 1}, "earnings": {"maxAge": 86400, "earningsChart": {"quarterly": [], "earningsDate": ["2020-08-13 05:30:S"]}, "financialsChart": {"yearly": [{"date": 2017, "revenue": 23629765000, "earnings": 2407574000}, {"date": 2018, "revenue": 27098269000, "earnings": 3333508000}, {"date": 2019, "revenue": 30168224000, "earnings": 3661799000}, {"date": 2020, "revenue": 29865509000, "earnings": 3221692000}], "quarterly": [{"date": "3Q2019", "revenue": 7635277000, "earnings": 1000076000}, {"date": "4Q2019", "revenue": 7453758000, "earnings": 719194000}, {"date": "1Q2020", "revenue": 6731522000, "earnings": 601138000}, {"date": "2Q2020", "revenue": 3461794000, "earnings": -425175000}]}, "financialCurrency": "INR"}, "calendarEvents": {"maxAge": 1, "earnings": {"earningsDate": ["2020-08-13 05:30:S"]}}, "price": {"maxAge": 1, "regularMarketChangePercent": 0.0034197278, "regularMarketChange": 87.20117, "regularMarketTime": "2021-04-30 15:29:04", "priceHint": 2, "regularMarketPrice": 25586.65, "regularMarketDayHigh": 25700.0, "regularMarketDayLow": 25150.0, "regularMarketVolume": 333, "averageDailyVolume10Day": 578, "averageDailyVolume3Month": 383, "regularMarketPreviousClose": 25499.45, "regularMarketSource": "FREE_REALTIME", "regularMarketOpen": 25400.0, "exchange": "BSE", "exchangeName": "BSE", "exchangeDataDelayedBy": 0, "marketState": "CLOSED", "quoteType": "EQUITY", "symbol": "3MINDIA.BO", "underlyingSymbol": null, "shortName": "3M INDIA LTD.", "longName": "3M India Limited", "currency": "INR", "quoteSourceName": "Delayed Quote", "currencySymbol": "\u20b9", "fromCurrency": null, "toCurrency": null, "lastMarket": null, "marketCap": 288236175360}, "balanceSheetHistory": {"balanceSheetStatements": [{"maxAge": 1, "endDate": "2020-03-31", "cash": 7805716000, "netReceivables": 5634095000, "inventory": 4459168000, "otherCurrentAssets": 664181000, "totalCurrentAssets": 18687401000, "propertyPlantEquipment": 3125437000, "intangibleAssets": 3477000, "otherAssets": 1897245000, "deferredLongTermAssetCharges": 223632000, "totalAssets": 23713560000, "accountsPayable": 3128703000, "otherCurrentLiab": 914407000, "otherLiab": 315524000, "totalCurrentLiabilities": 5712946000, "totalLiab": 6204833000, "commonStock": 112651000, "retainedEarnings": 17378463000, "treasuryStock": -77377000, "capitalSurplus": 94990000, "otherStockholderEquity": -77377000, "totalStockholderEquity": 17508727000, "netTangibleAssets": 17505250000}, {"maxAge": 1, "endDate": "2019-03-31", "cash": 5574666000, "netReceivables": 6237610000, "inventory": 4245630000, "otherCurrentAssets": 414650000, "totalCurrentAssets": 16568244000, "propertyPlantEquipment": 2981847000, "intangibleAssets": 2590000, "otherAssets": 1630545000, "deferredLongTermAssetCharges": 307179000, "totalAssets": 21183226000, "accountsPayable": 3558154000, "otherCurrentLiab": 884728000, "otherLiab": 289009000, "totalCurrentLiabilities": 6489806000, "totalLiab": 6854869000, "commonStock": 112651000, "retainedEarnings": 14156771000, "treasuryStock": -36055000, "capitalSurplus": 94990000, "otherStockholderEquity": -36055000, "totalStockholderEquity": 14328357000, "netTangibleAssets": 14325767000}, {"maxAge": 1, "endDate": "2018-03-31", "cash": 8546525000, "netReceivables": 6134901000, "inventory": 3724722000, "otherCurrentAssets": 284274000, "totalCurrentAssets": 18762895000, "propertyPlantEquipment": 3089307000, "intangibleAssets": 4109000, "otherAssets": 1249640000, "deferredLongTermAssetCharges": 188707000, "totalAssets": 23105951000, "accountsPayable": 3565762000, "otherCurrentLiab": 6836691000, "otherLiab": 236911000, "totalCurrentLiabilities": 12149453000, "totalLiab": 12438756000, "commonStock": 112651000, "retainedEarnings": 10494972000, "treasuryStock": -35418000, "capitalSurplus": 94990000, "otherStockholderEquity": -35418000, "totalStockholderEquity": 10667195000, "netTangibleAssets": 10663086000}, {"maxAge": 1, "endDate": "2017-03-31", "cash": 7441590000, "netReceivables": 4264478000, "inventory": 3342331000, "otherCurrentAssets": 160429000, "totalCurrentAssets": 15271834000, "propertyPlantEquipment": 3170982000, "intangibleAssets": 4929000, "otherAssets": 867548000, "deferredLongTermAssetCharges": 77953000, "totalAssets": 19315293000, "accountsPayable": 3998376000, "otherCurrentLiab": 1294635000, "otherLiab": 219064000, "totalCurrentLiabilities": 6786089000, "totalLiab": 7051352000, "commonStock": 112651000, "retainedEarnings": 12086682000, "treasuryStock": -30382000, "capitalSurplus": 94990000, "otherStockholderEquity": -30382000, "totalStockholderEquity": 12263941000, "netTangibleAssets": 12259012000}], "maxAge": 86400}, "earningsTrend": {"trend": [{"maxAge": 1, "period": "0q", "endDate": null, "growth": {}, "earningsEstimate": {"avg": 0.0, "low": 0.0, "high": 0.0, "yearAgoEps": {}, "numberOfAnalysts": 0, "growth": {}}, "revenueEstimate": {"avg": 0, "low": 0, "high": 0, "numberOfAnalysts": 0, "yearAgoRevenue": {}, "growth": {}}, "epsTrend": {"current": 0.0, "7daysAgo": 0.0, "30daysAgo": 0.0, "60daysAgo": 0.0, "90daysAgo": 0.0}, "epsRevisions": {"upLast7days": 0, "upLast30days": 0, "downLast30days": 0, "downLast90days": {}}}, {"maxAge": 1, "period": "+1q", "endDate": null, "growth": {}, "earningsEstimate": {"avg": 0.0, "low": 0.0, "high": 0.0, "yearAgoEps": {}, "numberOfAnalysts": 0, "growth": {}}, "revenueEstimate": {"avg": 0, "low": 0, "high": 0, "numberOfAnalysts": 0, "yearAgoRevenue": {}, "growth": {}}, "epsTrend": {"current": 0.0, "7daysAgo": 0.0, "30daysAgo": 0.0, "60daysAgo": 0.0, "90daysAgo": 0.0}, "epsRevisions": {"upLast7days": 0, "upLast30days": 0, "downLast30days": 0, "downLast90days": {}}}, {"maxAge": 1, "period": "0y", "endDate": null, "growth": {}, "earningsEstimate": {"avg": 0.0, "low": 0.0, "high": 0.0, "yearAgoEps": {}, "numberOfAnalysts": 0, "growth": {}}, "revenueEstimate": {"avg": 0, "low": 0, "high": 0, "numberOfAnalysts": 0, "yearAgoRevenue": {}, "growth": {}}, "epsTrend": {"current": 0.0, "7daysAgo": 0.0, "30daysAgo": 0.0, "60daysAgo": 0.0, "90daysAgo": 0.0}, "epsRevisions": {"upLast7days": 0, "upLast30days": 0, "downLast30days": 0, "downLast90days": {}}}, {"maxAge": 1, "period": "+1y", "endDate": null, "growth": {}, "earningsEstimate": {"avg": 0.0, "low": 0.0, "high": 0.0, "yearAgoEps": {}, "numberOfAnalysts": 0, "growth": {}}, "revenueEstimate": {"avg": 0, "low": 0, "high": 0, "numberOfAnalysts": 0, "yearAgoRevenue": {}, "growth": {}}, "epsTrend": {"current": 0.0, "7daysAgo": 0.0, "30daysAgo": 0.0, "60daysAgo": 0.0, "90daysAgo": 0.0}, "epsRevisions": {"upLast7days": 0, "upLast30days": 0, "downLast30days": 0, "downLast90days": {}}}, {"maxAge": 1, "period": "+5y", "endDate": null, "growth": {}, "earningsEstimate": {"avg": {}, "low": {}, "high": {}, "yearAgoEps": {}, "numberOfAnalysts": {}, "growth": {}}, "revenueEstimate": {"avg": {}, "low": {}, "high": {}, "numberOfAnalysts": {}, "yearAgoRevenue": {}, "growth": {}}, "epsTrend": {"current": {}, "7daysAgo": {}, "30daysAgo": {}, "60daysAgo": {}, "90daysAgo": {}}, "epsRevisions": {"upLast7days": {}, "upLast30days": {}, "downLast30days": {}, "downLast90days": {}}}, {"maxAge": 1, "period": "-5y", "endDate": null, "growth": {}, "earningsEstimate": {"avg": {}, "low": {}, "high": {}, "yearAgoEps": {}, "numberOfAnalysts": {}, "growth": {}}, "revenueEstimate": {"avg": {}, "low": {}, "high": {}, "numberOfAnalysts": {}, "yearAgoRevenue": {}, "growth": {}}, "epsTrend": {"current": {}, "7daysAgo": {}, "30daysAgo": {}, "60daysAgo": {}, "90daysAgo": {}}, "epsRevisions": {"upLast7days": {}, "upLast30days": {}, "downLast30days": {}, "downLast90days": {}}}], "maxAge": 1}, "financialData": {"maxAge": 86400, "currentPrice": 25586.65, "targetHighPrice": 4017.0, "targetLowPrice": 4017.0, "targetMeanPrice": 4017.0, "targetMedianPrice": 4017.0, "recommendationKey": "none", "numberOfAnalystOpinions": 1, "grossProfits": 12373906000, "financialCurrency": "INR"}}}