{"7NR.BO": {"cashflowStatementHistory": {"cashflowStatements": [{"maxAge": 1, "endDate": "2020-03-31", "netIncome": 1103000, "depreciation": 1436000, "changeToNetincome": -1301000, "changeToAccountReceivables": -15653000, "changeToLiabilities": 8193000, "changeToInventory": 5025000, "changeToOperatingActivities": 22118000, "totalCashFromOperatingActivities": 21423000, "capitalExpenditures": -1296000, "totalCashflowsFromInvestingActivities": -1296000, "netBorrowings": -3001000, "otherCashflowsFromFinancingActivities": 1272000, "totalCashFromFinancingActivities": -1729000, "changeInCash": 18398000}, {"maxAge": 1, "endDate": "2019-03-31", "netIncome": 2143000, "depreciation": 1250000, "changeToNetincome": 154000, "changeToAccountReceivables": 190000, "changeToLiabilities": 19510000, "changeToInventory": -14594000, "changeToOperatingActivities": -5911000, "totalCashFromOperatingActivities": 2742000, "capitalExpenditures": -3481000, "otherCashflowsFromInvestingActivities": -450000, "totalCashflowsFromInvestingActivities": -3931000, "netBorrowings": 3001000, "otherCashflowsFromFinancingActivities": -34835000, "totalCashFromFinancingActivities": 3081000, "changeInCash": 1892000, "issuanceOfStock": 34915000}, {"maxAge": 1, "endDate": "2018-03-31", "netIncome": 820000, "depreciation": 943000, "changeToNetincome": -897000, "changeToAccountReceivables": 2311000, "changeToLiabilities": 6849000, "changeToInventory": -29742000, "changeToOperatingActivities": -46070000, "totalCashFromOperatingActivities": -65786000, "capitalExpenditures": -2826000, "otherCashflowsFromInvestingActivities": -761000, "totalCashflowsFromInvestingActivities": -3587000, "netBorrowings": 3001000, "otherCashflowsFromFinancingActivities": -115000, "totalCashFromFinancingActivities": 51077000, "changeInCash": -18296000, "issuanceOfStock": 51192000}, {"maxAge": 1, "endDate": "2017-03-31", "netIncome": 3753000, "depreciation": 417000, "changeToNetincome": -347000, "changeToAccountReceivables": -2011000, "changeToLiabilities": 3379000, "changeToInventory": -2830000, "changeToOperatingActivities": 4358000, "totalCashFromOperatingActivities": 6719000, "capitalExpenditures": -8516000, "otherCashflowsFromInvestingActivities": 831000, "totalCashflowsFromInvestingActivities": -7685000, "netBorrowings": -125000, "otherCashflowsFromFinancingActivities": -171000, "totalCashFromFinancingActivities": 26704000, "changeInCash": 25738000, "issuanceOfStock": 27000000}], "maxAge": 86400}, "institutionOwnership": {"ownershipList": [], "maxAge": 1}, "balanceSheetHistoryQuarterly": {"balanceSheetStatements": [{"maxAge": 1, "endDate": "2020-06-30", "totalStockholderEquity": 105848000, "netTangibleAssets": 105848000}, {"maxAge": 1, "endDate": "2020-03-31", "cash": 30764000, "netReceivables": 49090000, "inventory": 53589000, "totalCurrentAssets": 133443000, "propertyPlantEquipment": 12561000, "otherAssets": 3327000, "deferredLongTermAssetCharges": 56000, "totalAssets": 149331000, "accountsPayable": 42327000, "otherCurrentLiab": 802000, "totalCurrentLiabilities": 43483000, "totalLiab": 43483000, "commonStock": 104745000, "retainedEarnings": 1103000, "totalStockholderEquity": 105848000, "netTangibleAssets": 105848000}, {"maxAge": 1, "endDate": "2019-12-31", "totalStockholderEquity": 109569000, "netTangibleAssets": 109569000}, {"maxAge": 1, "endDate": "2019-09-30", "cash": 9608000, "netReceivables": 29492000, "inventory": 42056000, "totalCurrentAssets": 81156000, "propertyPlantEquipment": 12218000, "otherAssets": 59882000, "deferredLongTermAssetCharges": 12000, "totalAssets": 153256000, "accountsPayable": 41588000, "otherCurrentLiab": 2100000, "otherLiab": -1000, "deferredLongTermLiab": 2606000, "totalCurrentLiabilities": 43688000, "totalLiab": 43687000, "commonStock": 104745000, "treasuryStock": 4824000, "otherStockholderEquity": 4824000, "totalStockholderEquity": 109569000, "netTangibleAssets": 109569000}], "maxAge": 86400}, "indexTrend": {"maxAge": 1, "symbol": "SP5", "peRatio": 19.7411, "pegRatio": 1.34172, "estimates": [{"period": "0q", "growth": 0.549}, {"period": "+1q", "growth": 0.431}, {"period": "0y", "growth": 0.305}, {"period": "+1y", "growth": 0.109}, {"period": "+5y", "growth": 0.120859005}, {"period": "-5y"}]}, "quoteType": {"exchange": "BSE", "quoteType": "EQUITY", "symbol": "7NR.BO", "underlyingSymbol": "7NR.BO", "shortName": "7NR Retail Limited", "longName": "7NR Retail Limited", "firstTradeDateEpochUtc": "2017-07-18 09:15:00", "timeZoneFullName": "Asia/Kolkata", "timeZoneShortName": "IST", "uuid": "ce214b0a-8862-3eae-b319-94db3cd11a31", "gmtOffSetMilliseconds": 19800000, "maxAge": 1}, "incomeStatementHistory": {"incomeStatementHistory": [{"maxAge": 1, "endDate": "2020-03-31", "totalRevenue": 118420000, "costOfRevenue": 104862000, "grossProfit": 13558000, "researchDevelopment": {}, "sellingGeneralAdministrative": 5290000, "nonRecurring": {}, "otherOperatingExpenses": 6213000, "totalOperatingExpenses": 117801000, "operatingIncome": 619000, "totalOtherIncomeExpenseNet": 1280000, "ebit": 619000, "interestExpense": -8000, "incomeBeforeTax": 1899000, "incomeTaxExpense": 796000, "minorityInterest": {}, "netIncomeFromContinuingOps": 1103000, "discontinuedOperations": {}, "extraordinaryItems": {}, "effectOfAccountingCharges": {}, "otherItems": {}, "netIncome": 1103000, "netIncomeApplicableToCommonShares": 1103000}, {"maxAge": 1, "endDate": "2019-03-31", "totalRevenue": 132212000, "costOfRevenue": 120522000, "grossProfit": 11690000, "researchDevelopment": {}, "sellingGeneralAdministrative": 4585000, "nonRecurring": {}, "otherOperatingExpenses": 3570000, "totalOperatingExpenses": 129927000, "operatingIncome": 2285000, "totalOtherIncomeExpenseNet": 513000, "ebit": 2285000, "interestExpense": -32000, "incomeBeforeTax": 2798000, "incomeTaxExpense": 655000, "minorityInterest": {}, "netIncomeFromContinuingOps": 2143000, "discontinuedOperations": {}, "extraordinaryItems": {}, "effectOfAccountingCharges": {}, "otherItems": {}, "netIncome": 2143000, "netIncomeApplicableToCommonShares": 2143000}, {"maxAge": 1, "endDate": "2018-03-31", "totalRevenue": 100829000, "costOfRevenue": 90758000, "grossProfit": 10071000, "researchDevelopment": {}, "sellingGeneralAdministrative": 5749000, "nonRecurring": {}, "otherOperatingExpenses": 3455000, "totalOperatingExpenses": 100905000, "operatingIncome": -76000, "totalOtherIncomeExpenseNet": 1581000, "ebit": -76000, "interestExpense": -3000, "incomeBeforeTax": 1505000, "incomeTaxExpense": 685000, "minorityInterest": {}, "netIncomeFromContinuingOps": 820000, "discontinuedOperations": {}, "extraordinaryItems": {}, "effectOfAccountingCharges": {}, "otherItems": {}, "netIncome": 820000, "netIncomeApplicableToCommonShares": 820000}, {"maxAge": 1, "endDate": "2017-03-31", "totalRevenue": 113402000, "costOfRevenue": 102001000, "grossProfit": 11401000, "researchDevelopment": {}, "sellingGeneralAdministrative": 4352000, "nonRecurring": {}, "otherOperatingExpenses": 3225000, "totalOperatingExpenses": 109995000, "operatingIncome": 3407000, "totalOtherIncomeExpenseNet": 660000, "ebit": 3407000, "interestExpense": -72000, "incomeBeforeTax": 4067000, "incomeTaxExpense": 314000, "minorityInterest": {}, "netIncomeFromContinuingOps": 3753000, "discontinuedOperations": {}, "extraordinaryItems": {}, "effectOfAccountingCharges": {}, "otherItems": {}, "netIncome": 3753000, "netIncomeApplicableToCommonShares": 3753000}], "maxAge": 86400}, "fundOwnership": {"ownershipList": [], "maxAge": 1}, "summaryDetail": {"maxAge": 1, "priceHint": 2, "previousClose": 6.24, "open": 5.8, "dayLow": 5.8, "dayHigh": 6.79, "regularMarketPreviousClose": 6.24, "regularMarketOpen": 5.8, "regularMarketDayLow": 5.8, "regularMarketDayHigh": 6.79, "volume": 6292, "regularMarketVolume": 6292, "averageVolume": 13105, "averageVolume10days": 4618, "averageDailyVolume10Day": 4618, "bid": 6.22, "ask": 6.23, "bidSize": 0, "askSize": 0, "marketCap": 63580216, "fiftyTwoWeekLow": 4.4, "fiftyTwoWeekHigh": 68.45, "fiftyDayAverage": 8.489697, "twoHundredDayAverage": 7.7699265, "trailingAnnualDividendRate": 0.05, "trailingAnnualDividendYield": 0.008012821, "currency": "INR", "fromCurrency": null, "lastMarket": null, "algorithm": null, "tradeable": false}, "incomeStatementHistoryQuarterly": {"incomeStatementHistory": [{"maxAge": 1, "endDate": "2020-06-30", "totalRevenue": 6252000, "costOfRevenue": 6116000, "grossProfit": 136000, "researchDevelopment": {}, "sellingGeneralAdministrative": 979000, "nonRecurring": {}, "otherOperatingExpenses": 532000, "totalOperatingExpenses": 7747000, "operatingIncome": -1495000, "totalOtherIncomeExpenseNet": -1000, "ebit": -1495000, "interestExpense": -1000, "incomeBeforeTax": -1496000, "incomeTaxExpense": 0, "minorityInterest": {}, "netIncomeFromContinuingOps": -1496000, "discontinuedOperations": {}, "extraordinaryItems": {}, "effectOfAccountingCharges": {}, "otherItems": {}, "netIncome": -1496000, "netIncomeApplicableToCommonShares": -1496000}, {"maxAge": 1, "endDate": "2020-03-31", "totalRevenue": 23145000, "costOfRevenue": 23107000, "grossProfit": 38000, "researchDevelopment": {}, "sellingGeneralAdministrative": 1163000, "nonRecurring": {}, "otherOperatingExpenses": 2042000, "totalOperatingExpenses": 27423000, "operatingIncome": -4278000, "totalOtherIncomeExpenseNet": 792000, "ebit": -4278000, "interestExpense": -1000, "incomeBeforeTax": -3486000, "incomeTaxExpense": -675000, "minorityInterest": {}, "netIncomeFromContinuingOps": -2811000, "discontinuedOperations": {}, "extraordinaryItems": {}, "effectOfAccountingCharges": {}, "otherItems": {}, "netIncome": -2811000, "netIncomeApplicableToCommonShares": -2811000}, {"maxAge": 1, "endDate": "2019-12-31", "totalRevenue": 46314000, "costOfRevenue": 42363000, "grossProfit": 3951000, "researchDevelopment": {}, "sellingGeneralAdministrative": 1399000, "nonRecurring": {}, "otherOperatingExpenses": 1400000, "totalOperatingExpenses": 44927000, "operatingIncome": 1387000, "totalOtherIncomeExpenseNet": 356000, "ebit": 1387000, "interestExpense": -5000, "incomeBeforeTax": 1743000, "incomeTaxExpense": 549000, "minorityInterest": {}, "netIncomeFromContinuingOps": 1194000, "discontinuedOperations": {}, "extraordinaryItems": {}, "effectOfAccountingCharges": {}, "otherItems": {}, "netIncome": 1194000, "netIncomeApplicableToCommonShares": 1194000}, {"maxAge": 1, "endDate": "2019-09-30", "totalRevenue": 42437000, "costOfRevenue": 33316000, "grossProfit": 9121000, "researchDevelopment": {}, "sellingGeneralAdministrative": 1368000, "nonRecurring": {}, "otherOperatingExpenses": 1849000, "totalOperatingExpenses": 36843000, "operatingIncome": 5594000, "totalOtherIncomeExpenseNet": 137000, "ebit": 5594000, "interestExpense": -5000, "incomeBeforeTax": 5731000, "incomeTaxExpense": 916000, "minorityInterest": {}, "netIncomeFromContinuingOps": 4815000, "discontinuedOperations": {}, "extraordinaryItems": {}, "effectOfAccountingCharges": {}, "otherItems": {}, "netIncome": 4815000, "netIncomeApplicableToCommonShares": 4815000}], "maxAge": 86400}, "cashflowStatementHistoryQuarterly": {"cashflowStatements": [{"maxAge": 1, "endDate": "2020-06-30", "netIncome": -1496000, "changeToLiabilities": 0}, {"maxAge": 1, "endDate": "2020-03-31", "netIncome": -2811000, "changeToLiabilities": 0}, {"maxAge": 1, "endDate": "2019-12-31", "netIncome": 1194000, "changeToLiabilities": 0}, {"maxAge": 1, "endDate": "2019-09-30", "netIncome": 4815000, "depreciation": 280000, "changeToNetincome": 461000, "changeToAccountReceivables": -13142500, "changeToLiabilities": 3409000, "changeToInventory": 8279000, "totalCashFromOperatingActivities": 646500, "capitalExpenditures": -39500, "totalCashflowsFromInvestingActivities": -39500, "netBorrowings": -1500500, "otherCashflowsFromFinancingActivities": -485500, "totalCashFromFinancingActivities": -1986000, "changeInCash": -1379000}], "maxAge": 86400}, "insiderHolders": {"holders": [], "maxAge": 1}, "calendarEvents": {"maxAge": 1, "earnings": {"earningsDate": ["2020-11-09 05:30:S", "2020-11-14 05:30:S"]}}, "upgradeDowngradeHistory": {"history": [], "maxAge": 86400}, "price": {"maxAge": 1, "regularMarketChangePercent": -0.027243527, "regularMarketChange": -0.1699996, "regularMarketTime": "2021-04-30 15:29:42", "priceHint": 2, "regularMarketPrice": 6.07, "regularMarketDayHigh": 6.79, "regularMarketDayLow": 5.8, "regularMarketVolume": 6292, "averageDailyVolume10Day": 4618, "averageDailyVolume3Month": 13105, "regularMarketPreviousClose": 6.24, "regularMarketSource": "FREE_REALTIME", "regularMarketOpen": 5.8, "exchange": "BSE", "exchangeName": "BSE", "exchangeDataDelayedBy": 0, "marketState": "CLOSED", "quoteType": "EQUITY", "symbol": "7NR.BO", "underlyingSymbol": null, "shortName": "7NR Retail Limited", "longName": "7NR Retail Limited", "currency": "INR", "quoteSourceName": "Delayed Quote", "currencySymbol": "\u20b9", "fromCurrency": null, "lastMarket": null, "marketCap": 63580216}, "balanceSheetHistory": {"balanceSheetStatements": [{"maxAge": 1, "endDate": "2020-03-31", "cash": 30764000, "netReceivables": 49090000, "inventory": 53589000, "totalCurrentAssets": 133443000, "propertyPlantEquipment": 12561000, "otherAssets": 3327000, "deferredLongTermAssetCharges": 56000, "totalAssets": 149331000, "accountsPayable": 42327000, "otherCurrentLiab": 802000, "totalCurrentLiabilities": 43483000, "totalLiab": 43483000, "commonStock": 104745000, "retainedEarnings": 1103000, "totalStockholderEquity": 105848000, "netTangibleAssets": 105848000}, {"maxAge": 1, "endDate": "2019-03-31", "cash": 12366000, "netReceivables": 36116000, "inventory": 58614000, "totalCurrentAssets": 107096000, "propertyPlantEquipment": 12701000, "otherAssets": 25976000, "deferredLongTermAssetCharges": 27000, "totalAssets": 145773000, "accountsPayable": 34134000, "otherCurrentLiab": 1378000, "deferredLongTermLiab": 2617000, "totalCurrentLiabilities": 38924000, "totalLiab": 38924000, "commonStock": 104745000, "retainedEarnings": 578000, "capitalSurplus": 1526000, "totalStockholderEquity": 106849000, "netTangibleAssets": 106849000}, {"maxAge": 1, "endDate": "2018-03-31", "cash": 10476000, "netReceivables": 1759000, "inventory": 44020000, "otherCurrentAssets": 24175000, "totalCurrentAssets": 80430000, "propertyPlantEquipment": 10470000, "otherAssets": 30676000, "deferredLongTermAssetCharges": 32000, "totalAssets": 121576000, "accountsPayable": 14624000, "otherCurrentLiab": 527000, "otherLiab": 1000, "deferredLongTermLiab": 2458000, "totalCurrentLiabilities": 15526000, "totalLiab": 15527000, "commonStock": 69830000, "retainedEarnings": -513000, "capitalSurplus": 36732000, "totalStockholderEquity": 106049000, "netTangibleAssets": 106049000}, {"maxAge": 1, "endDate": "2017-03-31", "cash": 28772000, "netReceivables": 3614000, "inventory": 14278000, "otherCurrentAssets": 126000, "totalCurrentAssets": 46796000, "propertyPlantEquipment": 8587000, "otherAssets": 7426000, "deferredLongTermAssetCharges": 217000, "totalAssets": 62809000, "accountsPayable": 7775000, "otherCurrentLiab": 517000, "otherLiab": 1000, "totalCurrentLiabilities": 8771000, "totalLiab": 8772000, "commonStock": 50870000, "retainedEarnings": -1333000, "capitalSurplus": 4500000, "totalStockholderEquity": 54037000, "netTangibleAssets": 54037000}], "maxAge": 86400}, "financialData": {"maxAge": 86400, "currentPrice": 6.07, "recommendationKey": "none", "grossProfits": 13558000, "financialCurrency": "INR"}}}