{"7TEC.BO": {"cashflowStatementHistory": {"cashflowStatements": [{"maxAge": 1, "endDate": "2020-03-31", "netIncome": 25929845, "depreciation": 1580962, "changeToNetincome": -4837913, "changeToAccountReceivables": 531477, "changeToLiabilities": 74065, "changeToOperatingActivities": -826683, "totalCashFromOperatingActivities": 23081694, "capitalExpenditures": -1168217, "investments": -12000000, "otherCashflowsFromInvestingActivities": 4014114, "totalCashflowsFromInvestingActivities": -9154103, "dividendsPaid": -13115279, "totalCashFromFinancingActivities": -13115279, "effectOfExchangeRate": 950608, "changeInCash": 1762920}, {"maxAge": 1, "endDate": "2019-03-31", "netIncome": 24506824, "depreciation": 2516936, "changeToNetincome": -7026521, "changeToAccountReceivables": -3345401, "changeToLiabilities": -5196217, "changeToOperatingActivities": 1434031, "totalCashFromOperatingActivities": 12889652, "capitalExpenditures": -807921, "investments": 8781510, "otherCashflowsFromInvestingActivities": 3309629, "totalCashflowsFromInvestingActivities": 11283218, "dividendsPaid": -13114900, "totalCashFromFinancingActivities": -13114900, "effectOfExchangeRate": 1067114, "changeInCash": 12125084}, {"maxAge": 1, "endDate": "2018-03-31", "netIncome": 15357375, "depreciation": 3302239, "changeToNetincome": -13438914, "changeToAccountReceivables": 13791700, "changeToLiabilities": 6015601, "changeToOperatingActivities": -1727710, "totalCashFromOperatingActivities": 23300291, "capitalExpenditures": -489102, "investments": 43258150, "otherCashflowsFromInvestingActivities": 6089871, "totalCashflowsFromInvestingActivities": 48858919, "dividendsPaid": -13114900, "otherCashflowsFromFinancingActivities": -16179458, "totalCashFromFinancingActivities": -114088190, "effectOfExchangeRate": -454309, "changeInCash": -42383289, "repurchaseOfStock": -97908732}, {"maxAge": 1, "endDate": "2017-03-31", "netIncome": 17679897, "depreciation": 2474699, "changeToNetincome": -9085055, "changeToAccountReceivables": -6161032, "changeToLiabilities": 353961, "changeToOperatingActivities": 1931544, "totalCashFromOperatingActivities": 7991475, "capitalExpenditures": -3949581, "investments": -54000000, "otherCashflowsFromInvestingActivities": 9215493, "totalCashflowsFromInvestingActivities": -48134088, "dividendsPaid": -13114900, "otherCashflowsFromFinancingActivities": -16179458, "totalCashFromFinancingActivities": -114088190, "effectOfExchangeRate": -287995, "changeInCash": -40430608, "repurchaseOfStock": -97908732}], "maxAge": 86400}, "institutionOwnership": {"maxAge": 1, "ownershipList": []}, "balanceSheetHistoryQuarterly": {"balanceSheetStatements": [{"maxAge": 1, "endDate": "2020-06-30", "totalStockholderEquity": 140311000, "netTangibleAssets": 138928000}, {"maxAge": 1, "endDate": "2020-03-31", "cash": 54590626, "netReceivables": 26701302, "otherCurrentAssets": 2348617, "totalCurrentAssets": 83640545, "longTermInvestments": 59822074, "propertyPlantEquipment": 5177031, "intangibleAssets": 1382316, "otherAssets": 224366, "totalAssets": 150246332, "accountsPayable": 540000, "otherCurrentLiab": 4027164, "totalCurrentLiabilities": 9935630, "totalLiab": 9935630, "commonStock": 10878748, "retainedEarnings": 102860483, "treasuryStock": 7624091, "capitalSurplus": 18947380, "otherStockholderEquity": 7624091, "totalStockholderEquity": 140310702, "netTangibleAssets": 138928386}, {"maxAge": 1, "endDate": "2019-12-31", "totalStockholderEquity": 129703000, "netTangibleAssets": 129703000}, {"maxAge": 1, "endDate": "2019-09-30", "cash": 51612000, "netReceivables": 26603000, "otherCurrentAssets": 4140000, "totalCurrentAssets": 82355000, "longTermInvestments": 51787000, "propertyPlantEquipment": 7010000, "otherAssets": 224000, "totalAssets": 141376000, "accountsPayable": 2675000, "otherCurrentLiab": 6357000, "totalCurrentLiabilities": 11673000, "totalLiab": 11673000, "commonStock": 10879000, "treasuryStock": 118824000, "otherStockholderEquity": 118824000, "totalStockholderEquity": 129703000, "netTangibleAssets": 129703000}], "maxAge": 86400}, "indexTrend": {"maxAge": 1, "symbol": "SP5", "peRatio": 19.7411, "pegRatio": 1.34172, "estimates": [{"period": "0q", "growth": 0.549}, {"period": "+1q", "growth": 0.431}, {"period": "0y", "growth": 0.305}, {"period": "+1y", "growth": 0.109}, {"period": "+5y", "growth": 0.120859005}, {"period": "-5y"}]}, "insiderTransactions": {"transactions": [{"maxAge": 1, "shares": 60000, "filerUrl": "", "transactionText": "", "filerName": "Gudipati (Murty)", "filerRelation": "Director (Executive)", "moneyText": "", "startDate": "2020-02-10", "ownership": "D"}, {"maxAge": 1, "shares": 2669, "filerUrl": "", "transactionText": "", "filerName": "Gudipati (Murty)", "filerRelation": "Director (Executive)", "moneyText": "", "startDate": "2019-12-27", "ownership": "D"}, {"maxAge": 1, "shares": 4901, "filerUrl": "", "transactionText": "", "filerName": "Gudipati (Murty)", "filerRelation": "Director (Executive)", "moneyText": "", "startDate": "2019-12-24", "ownership": "D"}, {"maxAge": 1, "shares": 119, "filerUrl": "", "transactionText": "", "filerName": "Gudipati (Murty)", "filerRelation": "Director (Executive)", "moneyText": "", "startDate": "2019-12-09", "ownership": "D"}, {"maxAge": 1, "shares": 1000, "filerUrl": "", "transactionText": "", "filerName": "Gudipati (Murty)", "filerRelation": "Director (Executive)", "moneyText": "", "startDate": "2019-12-02", "ownership": "D"}, {"maxAge": 1, "shares": 10193, "filerUrl": "", "transactionText": "", "filerName": "Gudipati (Murty)", "filerRelation": "Chief Executive Officer", "moneyText": "", "startDate": "2019-11-29", "ownership": "D"}, {"maxAge": 1, "shares": 3986, "filerUrl": "", "transactionText": "", "filerName": "Gudipati (Murty)", "filerRelation": "Chief Executive Officer", "moneyText": "", "startDate": "2019-11-20", "ownership": "D"}, {"maxAge": 1, "shares": 16101, "filerUrl": "", "transactionText": "", "filerName": "Gudipati (Murty)", "filerRelation": "Chief Executive Officer", "moneyText": "", "startDate": "2019-11-19", "ownership": "D"}, {"maxAge": 1, "shares": 100, "filerUrl": "", "transactionText": "", "filerName": "Gudipati (Murty)", "filerRelation": "Chief Executive Officer", "moneyText": "", "startDate": "2019-09-11", "ownership": "D"}, {"maxAge": 1, "shares": 42370, "filerUrl": "", "transactionText": "", "filerName": "Gudipati (Murty)", "filerRelation": "Chief Executive Officer", "moneyText": "", "startDate": "2019-08-27", "ownership": "D"}, {"maxAge": 1, "shares": 12946, "filerUrl": "", "transactionText": "", "filerName": "Gudipati (Murty)", "filerRelation": "Chief Executive Officer", "moneyText": "", "startDate": "2019-07-31", "ownership": "D"}, {"maxAge": 1, "shares": 6201, "filerUrl": "", "transactionText": "", "filerName": "Gudipati (Murty)", "filerRelation": "Chief Executive Officer", "moneyText": "", "startDate": "2019-05-29", "ownership": "D"}, {"maxAge": 1, "shares": 313500, "filerUrl": "", "transactionText": "", "filerName": "Rao (Nrupender J V)", "filerRelation": "Non Executive Chairman", "moneyText": "", "startDate": "2019-03-29", "ownership": "D"}, {"maxAge": 1, "shares": 313500, "filerUrl": "", "transactionText": "", "filerName": "Rao (Aditya Narasing)", "filerRelation": "UNREPORTED", "moneyText": "", "startDate": "2019-03-29", "ownership": "D"}], "maxAge": 1}, "quoteType": {"exchange": "BSE", "quoteType": "EQUITY", "symbol": "7TEC.BO", "underlyingSymbol": "7TEC.BO", "shortName": "SAVEN TECHNOLOGIES LTD.", "longName": "Saven Technologies Limited", "firstTradeDateEpochUtc": "2001-12-31 09:15:00", "timeZoneFullName": "Asia/Kolkata", "timeZoneShortName": "IST", "uuid": "526c1bdd-a683-3f8c-90e9-d422a1f27ef8", "messageBoardId": null, "gmtOffSetMilliseconds": 19800000, "maxAge": 1}, "incomeStatementHistory": {"incomeStatementHistory": [{"maxAge": 1, "endDate": "2020-03-31", "totalRevenue": 115073778, "costOfRevenue": 66353415, "grossProfit": 48720363, "researchDevelopment": {}, "sellingGeneralAdministrative": 3487556, "nonRecurring": {}, "otherOperatingExpenses": 14011924, "totalOperatingExpenses": 86063798, "operatingIncome": 29009980, "totalOtherIncomeExpenseNet": 5981674, "ebit": 29009980, "interestExpense": {}, "incomeBeforeTax": 34991654, "incomeTaxExpense": 9061809, "minorityInterest": {}, "netIncomeFromContinuingOps": 25929845, "discontinuedOperations": {}, "extraordinaryItems": {}, "effectOfAccountingCharges": {}, "otherItems": {}, "netIncome": 25929845, "netIncomeApplicableToCommonShares": 25929845}, {"maxAge": 1, "endDate": "2019-03-31", "totalRevenue": 106094678, "costOfRevenue": 59818976, "grossProfit": 46275702, "researchDevelopment": {}, "sellingGeneralAdministrative": 3528665, "nonRecurring": {}, "otherOperatingExpenses": 14276750, "totalOperatingExpenses": 80141327, "operatingIncome": 25953351, "totalOtherIncomeExpenseNet": 8043473, "ebit": 25953351, "interestExpense": {}, "incomeBeforeTax": 33996824, "incomeTaxExpense": 9490000, "minorityInterest": {}, "netIncomeFromContinuingOps": 24506824, "discontinuedOperations": {}, "extraordinaryItems": {}, "effectOfAccountingCharges": {}, "otherItems": {}, "netIncome": 24506824, "netIncomeApplicableToCommonShares": 24506824}, {"maxAge": 1, "endDate": "2018-03-31", "totalRevenue": 83950540, "costOfRevenue": 58425305, "grossProfit": 25525235, "researchDevelopment": {}, "sellingGeneralAdministrative": 3885515, "nonRecurring": {}, "otherOperatingExpenses": 11926224, "totalOperatingExpenses": 77539283, "operatingIncome": 6411257, "totalOtherIncomeExpenseNet": 14140140, "ebit": 6411257, "interestExpense": {}, "incomeBeforeTax": 20551397, "incomeTaxExpense": 5194022, "minorityInterest": {}, "netIncomeFromContinuingOps": 15357375, "discontinuedOperations": {}, "extraordinaryItems": {}, "effectOfAccountingCharges": {}, "otherItems": {}, "netIncome": 15357375, "netIncomeApplicableToCommonShares": 15357375}, {"maxAge": 1, "endDate": "2017-03-31", "totalRevenue": 98320950, "costOfRevenue": 61053883, "grossProfit": 37267067, "researchDevelopment": {}, "sellingGeneralAdministrative": 3530486, "nonRecurring": {}, "otherOperatingExpenses": 14452549, "totalOperatingExpenses": 82309078, "operatingIncome": 16011872, "totalOtherIncomeExpenseNet": 9933003, "ebit": 16011872, "interestExpense": {}, "incomeBeforeTax": 25944875, "incomeTaxExpense": 8264978, "minorityInterest": {}, "netIncomeFromContinuingOps": 17679897, "discontinuedOperations": {}, "extraordinaryItems": {}, "effectOfAccountingCharges": {}, "otherItems": {}, "netIncome": 17679897, "netIncomeApplicableToCommonShares": 17679897}], "maxAge": 86400}, "fundOwnership": {"maxAge": 1, "ownershipList": []}, "summaryDetail": {"maxAge": 1, "priceHint": 2, "previousClose": 26.3, "open": 26.8, "dayLow": 26.0, "dayHigh": 27.0, "regularMarketPreviousClose": 26.3, "regularMarketOpen": 26.8, "regularMarketDayLow": 26.0, "regularMarketDayHigh": 27.0, "trailingPE": 12.030248, "volume": 16015, "regularMarketVolume": 16015, "averageVolume": 25493, "averageVolume10days": 13604, "averageDailyVolume10Day": 13604, "bid": 26.1, "ask": 26.55, "bidSize": 0, "askSize": 0, "marketCap": 285565888, "fiftyTwoWeekLow": 10.51, "fiftyTwoWeekHigh": 53.45, "fiftyDayAverage": 43.932858, "twoHundredDayAverage": 32.21715, "trailingAnnualDividendRate": 0.0, "trailingAnnualDividendYield": 0.0, "currency": "INR", "fromCurrency": null, "toCurrency": null, "lastMarket": null, "algorithm": null, "tradeable": false}, "incomeStatementHistoryQuarterly": {"incomeStatementHistory": [{"maxAge": 1, "endDate": "2020-06-30", "totalRevenue": 19061000, "costOfRevenue": 11043000, "grossProfit": 8018000, "researchDevelopment": {}, "sellingGeneralAdministrative": {}, "nonRecurring": {}, "otherOperatingExpenses": 3492000, "totalOperatingExpenses": 15025000, "operatingIncome": 4036000, "totalOtherIncomeExpenseNet": 1446000, "ebit": 4036000, "interestExpense": {}, "incomeBeforeTax": 5482000, "incomeTaxExpense": 1380000, "minorityInterest": {}, "netIncomeFromContinuingOps": 4102000, "discontinuedOperations": {}, "extraordinaryItems": {}, "effectOfAccountingCharges": {}, "otherItems": {}, "netIncome": 4102000, "netIncomeApplicableToCommonShares": 4102000}, {"maxAge": 1, "endDate": "2020-03-31", "totalRevenue": 28615778, "costOfRevenue": 18676415, "grossProfit": 9939363, "researchDevelopment": {}, "sellingGeneralAdministrative": 3487556, "nonRecurring": {}, "otherOperatingExpenses": -370076, "totalOperatingExpenses": 22380798, "operatingIncome": 6234980, "totalOtherIncomeExpenseNet": 1759674, "ebit": 6234980, "interestExpense": {}, "incomeBeforeTax": 7994654, "incomeTaxExpense": 2076809, "minorityInterest": {}, "netIncomeFromContinuingOps": 5917845, "discontinuedOperations": {}, "extraordinaryItems": {}, "effectOfAccountingCharges": {}, "otherItems": {}, "netIncome": 5917845, "netIncomeApplicableToCommonShares": 5917845}, {"maxAge": 1, "endDate": "2019-12-31", "totalRevenue": 29650000, "costOfRevenue": 16849000, "grossProfit": 12801000, "researchDevelopment": {}, "sellingGeneralAdministrative": 3487556, "nonRecurring": {}, "otherOperatingExpenses": 3858000, "totalOperatingExpenses": 21269000, "operatingIncome": 8381000, "totalOtherIncomeExpenseNet": 1267000, "ebit": 8381000, "interestExpense": {}, "incomeBeforeTax": 9648000, "incomeTaxExpense": 2200000, "minorityInterest": {}, "netIncomeFromContinuingOps": 7448000, "discontinuedOperations": {}, "extraordinaryItems": {}, "effectOfAccountingCharges": {}, "otherItems": {}, "netIncome": 7448000, "netIncomeApplicableToCommonShares": 7448000}, {"maxAge": 1, "endDate": "2019-09-30", "totalRevenue": 28338000, "costOfRevenue": 15692000, "grossProfit": 12646000, "researchDevelopment": {}, "sellingGeneralAdministrative": 3487556, "nonRecurring": {}, "otherOperatingExpenses": 5218000, "totalOperatingExpenses": 21449000, "operatingIncome": 6889000, "totalOtherIncomeExpenseNet": 1706000, "ebit": 6889000, "interestExpense": {}, "incomeBeforeTax": 8595000, "incomeTaxExpense": 2350000, "minorityInterest": {}, "netIncomeFromContinuingOps": 6245000, "discontinuedOperations": {}, "extraordinaryItems": {}, "effectOfAccountingCharges": {}, "otherItems": {}, "netIncome": 6245000, "netIncomeApplicableToCommonShares": 6245000}], "maxAge": 86400}, "cashflowStatementHistoryQuarterly": {"cashflowStatements": [{"maxAge": 1, "endDate": "2020-06-30", "netIncome": 4102000, "changeToLiabilities": 0}, {"maxAge": 1, "endDate": "2020-03-31", "netIncome": 5917845, "changeToLiabilities": 0}, {"maxAge": 1, "endDate": "2019-12-31", "netIncome": 7448000, "changeToLiabilities": 0}, {"maxAge": 1, "endDate": "2019-09-30", "netIncome": 6245000, "changeToLiabilities": 0}], "maxAge": 86400}, "insiderHolders": {"holders": [{"maxAge": 1, "name": "Gudipati (Murty)", "relation": "Director (Executive)", "url": "", "transactionDescription": "Sale", "latestTransDate": "2020-02-10", "positionDirect": 326085, "positionDirectDate": "2020-02-10"}, {"maxAge": 1, "name": "Rao (Aditya Narasing)", "relation": "UNREPORTED", "url": "", "transactionDescription": "Other", "latestTransDate": "2019-03-29", "positionDirect": 0, "positionDirectDate": "2019-03-29"}, {"maxAge": 1, "name": "Rao (Nrupender J V)", "relation": "Non Executive Chairman", "url": "", "transactionDescription": "Other", "latestTransDate": "2019-03-29", "positionDirect": 1438054, "positionDirectDate": "2019-03-29"}], "maxAge": 1}, "calendarEvents": {"maxAge": 1, "earnings": {"earningsDate": ["2020-08-13 05:30:S"]}}, "price": {"maxAge": 1, "regularMarketChangePercent": -0.0019011118, "regularMarketChange": -0.049999237, "regularMarketTime": "2021-04-30 15:28:26", "priceHint": 2, "regularMarketPrice": 26.25, "regularMarketDayHigh": 27.0, "regularMarketDayLow": 26.0, "regularMarketVolume": 16015, "averageDailyVolume10Day": 13604, "averageDailyVolume3Month": 25493, "regularMarketPreviousClose": 26.3, "regularMarketSource": "FREE_REALTIME", "regularMarketOpen": 26.8, "exchange": "BSE", "exchangeName": "BSE", "exchangeDataDelayedBy": 0, "marketState": "CLOSED", "quoteType": "EQUITY", "symbol": "7TEC.BO", "underlyingSymbol": null, "shortName": "SAVEN TECHNOLOGIES LTD.", "longName": "Saven Technologies Limited", "currency": "INR", "quoteSourceName": "Delayed Quote", "currencySymbol": "\u20b9", "fromCurrency": null, "toCurrency": null, "lastMarket": null, "marketCap": 285565888}, "balanceSheetHistory": {"balanceSheetStatements": [{"maxAge": 1, "endDate": "2020-03-31", "cash": 54590626, "netReceivables": 26701302, "otherCurrentAssets": 2348617, "totalCurrentAssets": 83640545, "longTermInvestments": 59822074, "propertyPlantEquipment": 5177031, "intangibleAssets": 1382316, "otherAssets": 224366, "totalAssets": 150246332, "accountsPayable": 540000, "otherCurrentLiab": 4027164, "totalCurrentLiabilities": 9935630, "totalLiab": 9935630, "commonStock": 10878748, "retainedEarnings": 102860483, "treasuryStock": 7624091, "capitalSurplus": 18947380, "otherStockholderEquity": 7624091, "totalStockholderEquity": 140310702, "netTangibleAssets": 138928386}, {"maxAge": 1, "endDate": "2019-03-31", "cash": 52827706, "netReceivables": 26009902, "otherCurrentAssets": 2044313, "totalCurrentAssets": 80881921, "longTermInvestments": 50421582, "propertyPlantEquipment": 5762566, "intangibleAssets": 1839467, "otherAssets": 224366, "totalAssets": 139129902, "accountsPayable": 459000, "otherCurrentLiab": 4278667, "totalCurrentLiabilities": 9861565, "totalLiab": 9861565, "commonStock": 10878748, "retainedEarnings": 90045917, "treasuryStock": 9396292, "capitalSurplus": 18947380, "otherStockholderEquity": 9396292, "totalStockholderEquity": 129268337, "netTangibleAssets": 127428870}, {"maxAge": 1, "endDate": "2018-03-31", "cash": 40702622, "netReceivables": 22778705, "otherCurrentAssets": 10914462, "totalCurrentAssets": 74395789, "longTermInvestments": 47721443, "propertyPlantEquipment": 6906159, "intangibleAssets": 2404889, "otherAssets": 224366, "totalAssets": 131652646, "accountsPayable": 467500, "otherCurrentLiab": 11593947, "totalCurrentLiabilities": 15057782, "totalLiab": 15057782, "commonStock": 10878748, "retainedEarnings": 78653993, "treasuryStock": 8114743, "capitalSurplus": 18947380, "otherStockholderEquity": 8114743, "totalStockholderEquity": 116594864, "netTangibleAssets": 114189975}, {"maxAge": 1, "endDate": "2017-03-31", "cash": 83085911, "netReceivables": 36162522, "otherCurrentAssets": 858835, "totalCurrentAssets": 120107268, "longTermInvestments": 93354972, "propertyPlantEquipment": 8964421, "intangibleAssets": 3159764, "otherAssets": 224366, "totalAssets": 225810791, "accountsPayable": 1208134, "otherCurrentLiab": 4011078, "otherLiab": 116978, "totalCurrentLiabilities": 8925203, "totalLiab": 9042181, "commonStock": 108787480, "retainedEarnings": 80141328, "treasuryStock": 8892422, "capitalSurplus": 18947380, "otherStockholderEquity": 8892422, "totalStockholderEquity": 216768610, "netTangibleAssets": 213608846}], "maxAge": 86400}, "financialData": {"maxAge": 86400, "currentPrice": 26.25, "recommendationKey": "none", "grossProfits": 48720363, "financialCurrency": "INR"}}}