{"A2ZINFRA.BO": {"recommendationTrend": {"trend": [{"period": "0m", "strongBuy": 0, "buy": 0, "hold": 0, "sell": 0, "strongSell": 0}, {"period": "-1m", "strongBuy": 0, "buy": 0, "hold": 0, "sell": 0, "strongSell": 0}, {"period": "-2m", "strongBuy": 0, "buy": 0, "hold": 0, "sell": 0, "strongSell": 0}, {"period": "-3m", "strongBuy": 0, "buy": 0, "hold": 0, "sell": 0, "strongSell": 0}], "maxAge": 86400}, "cashflowStatementHistory": {"cashflowStatements": [{"maxAge": 1, "endDate": "2020-03-31", "netIncome": -2769595000, "depreciation": 136565000, "changeToNetincome": 2817152000, "changeToAccountReceivables": -345407000, "changeToLiabilities": 341791000, "changeToInventory": 14534000, "changeToOperatingActivities": -457117000, "totalCashFromOperatingActivities": -261595000, "capitalExpenditures": -61232000, "otherCashflowsFromInvestingActivities": 191817000, "totalCashflowsFromInvestingActivities": 67258000, "netBorrowings": 382947000, "otherCashflowsFromFinancingActivities": -213554000, "totalCashFromFinancingActivities": 169393000, "changeInCash": -24944000}, {"maxAge": 1, "endDate": "2019-03-31", "netIncome": 3050483000, "depreciation": 267994000, "changeToNetincome": -2584888000, "changeToAccountReceivables": -233839000, "changeToLiabilities": -243981000, "changeToInventory": -1523000, "changeToOperatingActivities": 576925000, "totalCashFromOperatingActivities": 833044000, "capitalExpenditures": -27154000, "otherCashflowsFromInvestingActivities": 80508000, "totalCashflowsFromInvestingActivities": 50958000, "netBorrowings": -816090000, "otherCashflowsFromFinancingActivities": -129944000, "totalCashFromFinancingActivities": -946034000, "changeInCash": -62032000}, {"maxAge": 1, "endDate": "2018-03-31", "netIncome": -1106039000, "depreciation": 321684000, "changeToNetincome": 677309000, "changeToAccountReceivables": 167029000, "changeToLiabilities": -314613000, "changeToInventory": 21599000, "changeToOperatingActivities": 582912000, "totalCashFromOperatingActivities": 354672000, "capitalExpenditures": -67004000, "otherCashflowsFromInvestingActivities": 91965000, "totalCashflowsFromInvestingActivities": 37814000, "netBorrowings": -368686000, "otherCashflowsFromFinancingActivities": -466391000, "totalCashFromFinancingActivities": -820319000, "changeInCash": -427833000, "issuanceOfStock": 14758000}, {"maxAge": 1, "endDate": "2017-03-31", "netIncome": -2655283000, "depreciation": 424017000, "changeToNetincome": 3022897000, "changeToAccountReceivables": -2107711000, "changeToLiabilities": -51184000, "changeToInventory": 107073000, "changeToOperatingActivities": 1917797000, "totalCashFromOperatingActivities": 664380000, "capitalExpenditures": -162273000, "otherCashflowsFromInvestingActivities": 88683000, "totalCashflowsFromInvestingActivities": 7489000, "netBorrowings": 579743000, "otherCashflowsFromFinancingActivities": -1039178000, "totalCashFromFinancingActivities": -165660000, "changeInCash": 506209000, "issuanceOfStock": 293775000}], "maxAge": 86400}, "institutionOwnership": {"maxAge": 1, "ownershipList": []}, "balanceSheetHistoryQuarterly": {"balanceSheetStatements": [{"maxAge": 1, "endDate": "2020-06-30", "totalStockholderEquity": 4127850000, "netTangibleAssets": 3689959000}, {"maxAge": 1, "endDate": "2020-03-31", "cash": 103843000, "shortTermInvestments": 721073000, "netReceivables": 11513135000, "inventory": 59058000, "otherCurrentAssets": 1978710000, "totalCurrentAssets": 14390877000, "longTermInvestments": 2174887000, "propertyPlantEquipment": 1697747000, "goodWill": 429123000, "intangibleAssets": 8768000, "otherAssets": 1235626000, "deferredLongTermAssetCharges": 318614000, "totalAssets": 19937028000, "accountsPayable": 6714179000, "shortLongTermDebt": 1341340000, "otherCurrentLiab": 1592294000, "longTermDebt": 35838000, "otherLiab": 500904000, "minorityInterest": -48895000, "totalCurrentLiabilities": 15314835000, "totalLiab": 15858073000, "commonStock": 1761199000, "retainedEarnings": -6723049000, "treasuryStock": 131044000, "capitalSurplus": 8958656000, "otherStockholderEquity": 131044000, "totalStockholderEquity": 4127850000, "netTangibleAssets": 3689959000}, {"maxAge": 1, "endDate": "2019-12-31", "totalStockholderEquity": 7174348000, "netTangibleAssets": 6736275000}, {"maxAge": 1, "endDate": "2019-09-30", "cash": 104594000, "shortTermInvestments": 1978685000, "netReceivables": 11646276000, "inventory": 65203000, "otherCurrentAssets": 1954658000, "totalCurrentAssets": 15749416000, "longTermInvestments": 2395942000, "propertyPlantEquipment": 3195354000, "goodWill": 429123000, "intangibleAssets": 8950000, "otherAssets": 1286653000, "deferredLongTermAssetCharges": 500552000, "totalAssets": 23065438000, "accountsPayable": 7570637000, "otherCurrentLiab": 5329743000, "longTermDebt": 214275000, "otherLiab": 515173000, "minorityInterest": -48953000, "totalCurrentLiabilities": 15210595000, "totalLiab": 15940043000, "commonStock": 1761199000, "treasuryStock": 5413149000, "otherStockholderEquity": 5413149000, "totalStockholderEquity": 7174348000, "netTangibleAssets": 6736275000}], "maxAge": 86400}, "earningsHistory": {"history": [{"maxAge": 1, "epsActual": {}, "epsEstimate": {}, "epsDifference": {}, "surprisePercent": {}, "quarter": {}, "period": "-4q"}, {"maxAge": 1, "epsActual": {}, "epsEstimate": {}, "epsDifference": {}, "surprisePercent": {}, "quarter": {}, "period": "-3q"}, {"maxAge": 1, "epsActual": {}, "epsEstimate": {}, "epsDifference": {}, "surprisePercent": {}, "quarter": {}, "period": "-2q"}, {"maxAge": 1, "epsActual": {}, "epsEstimate": {}, "epsDifference": {}, "surprisePercent": {}, "quarter": {}, "period": "-1q"}], "maxAge": 86400}, "indexTrend": {"maxAge": 1, "symbol": "SP5", "peRatio": 19.7411, "pegRatio": 1.34172, "estimates": [{"period": "0q", "growth": 0.549}, {"period": "+1q", "growth": 0.431}, {"period": "0y", "growth": 0.305}, {"period": "+1y", "growth": 0.109}, {"period": "+5y", "growth": 0.120865}, {"period": "-5y"}]}, "industryTrend": {"maxAge": 1, "symbol": null, "estimates": []}, "insiderTransactions": {"transactions": [{"maxAge": 1, "shares": 500000, "filerUrl": "", "transactionText": "", "filerName": "Gupta (Shivswaroop) HUF", "filerRelation": "Promoter", "moneyText": "", "startDate": "2019-06-25", "ownership": "D"}, {"maxAge": 1, "shares": 500000, "filerUrl": "", "transactionText": "", "filerName": "Gupta (Shivswaroop) HUF", "filerRelation": "Promoter", "moneyText": "", "startDate": "2019-06-24", "ownership": "D"}], "maxAge": 1}, "quoteType": {"exchange": "BSE", "quoteType": "EQUITY", "symbol": "A2ZINFRA.BO", "underlyingSymbol": "A2ZINFRA.BO", "shortName": "A2Z INFRA ENGINEERING LIMITED", "longName": "A2Z Infra Engineering Limited", "firstTradeDateEpochUtc": "2010-12-23 09:15:00", "timeZoneFullName": "Asia/Kolkata", "timeZoneShortName": "IST", "uuid": "aeb7030c-6a9d-3eaf-b3dd-e9ed495feff9", "messageBoardId": null, "gmtOffSetMilliseconds": 19800000, "maxAge": 1}, "incomeStatementHistory": {"incomeStatementHistory": [{"maxAge": 1, "endDate": "2020-03-31", "totalRevenue": 6998430000, "costOfRevenue": 6438264000, "grossProfit": 560166000, "researchDevelopment": {}, "sellingGeneralAdministrative": 23500000, "nonRecurring": {}, "otherOperatingExpenses": 825741000, "totalOperatingExpenses": 7424556000, "operatingIncome": -426126000, "totalOtherIncomeExpenseNet": -1946613000, "ebit": -426126000, "interestExpense": -548176000, "incomeBeforeTax": -2372739000, "incomeTaxExpense": 408699000, "minorityInterest": -48895000, "netIncomeFromContinuingOps": -2781438000, "discontinuedOperations": {}, "extraordinaryItems": {}, "effectOfAccountingCharges": {}, "otherItems": {}, "netIncome": -2769595000, "netIncomeApplicableToCommonShares": -2769595000}, {"maxAge": 1, "endDate": "2019-03-31", "totalRevenue": 8687011000, "costOfRevenue": 7425555000, "grossProfit": 1261456000, "researchDevelopment": {}, "sellingGeneralAdministrative": 55244000, "nonRecurring": {}, "otherOperatingExpenses": 628284000, "totalOperatingExpenses": 8382361000, "operatingIncome": 304650000, "totalOtherIncomeExpenseNet": 2633931000, "ebit": 304650000, "interestExpense": -534187000, "incomeBeforeTax": 2938581000, "incomeTaxExpense": 66267000, "minorityInterest": 12627000, "netIncomeFromContinuingOps": 2872314000, "discontinuedOperations": {}, "extraordinaryItems": {}, "effectOfAccountingCharges": {}, "otherItems": {}, "netIncome": 3050483000, "netIncomeApplicableToCommonShares": 3050483000}, {"maxAge": 1, "endDate": "2018-03-31", "totalRevenue": 7085382000, "costOfRevenue": 6583480000, "grossProfit": 501902000, "researchDevelopment": {}, "sellingGeneralAdministrative": 61153000, "nonRecurring": {}, "otherOperatingExpenses": 674067000, "totalOperatingExpenses": 7651371000, "operatingIncome": -565989000, "totalOtherIncomeExpenseNet": -284727000, "ebit": -565989000, "interestExpense": -1988044000, "incomeBeforeTax": -850716000, "incomeTaxExpense": 23725000, "minorityInterest": -1332653000, "netIncomeFromContinuingOps": -874441000, "discontinuedOperations": {}, "extraordinaryItems": {}, "effectOfAccountingCharges": {}, "otherItems": {}, "netIncome": -1106039000, "netIncomeApplicableToCommonShares": -1106039000}, {"maxAge": 1, "endDate": "2017-03-31", "totalRevenue": 9955084000, "costOfRevenue": 8719350000, "grossProfit": 1235734000, "researchDevelopment": {}, "sellingGeneralAdministrative": 69628000, "nonRecurring": {}, "otherOperatingExpenses": 518257000, "totalOperatingExpenses": 9742378000, "operatingIncome": 212706000, "totalOtherIncomeExpenseNet": -2649489000, "ebit": 212706000, "interestExpense": -1936719000, "incomeBeforeTax": -2436783000, "incomeTaxExpense": 620219000, "minorityInterest": -1451253000, "netIncomeFromContinuingOps": -3057002000, "discontinuedOperations": {}, "extraordinaryItems": {}, "effectOfAccountingCharges": {}, "otherItems": {}, "netIncome": -2655283000, "netIncomeApplicableToCommonShares": -2655283000}], "maxAge": 86400}, "fundOwnership": {"maxAge": 1, "ownershipList": []}, "summaryDetail": {"maxAge": 1, "priceHint": 4, "previousClose": 3.78, "open": 3.72, "dayLow": 3.64, "dayHigh": 3.81, "regularMarketPreviousClose": 3.78, "regularMarketOpen": 3.72, "regularMarketDayLow": 3.64, "regularMarketDayHigh": 3.81, "volume": 119749, "regularMarketVolume": 119749, "averageVolume": 170641, "averageVolume10days": 40552, "averageDailyVolume10Day": 40552, "bid": 3.71, "ask": 3.79, "bidSize": 0, "askSize": 0, "marketCap": 646360384, "fiftyTwoWeekLow": 2.82, "fiftyTwoWeekHigh": 6.47, "fiftyDayAverage": 4.7751427, "twoHundredDayAverage": 4.412263, "currency": "INR", "fromCurrency": null, "toCurrency": null, "lastMarket": null, "algorithm": null, "tradeable": false}, "sectorTrend": {"maxAge": 1, "symbol": null, "estimates": []}, "incomeStatementHistoryQuarterly": {"incomeStatementHistory": [{"maxAge": 1, "endDate": "2020-06-30", "totalRevenue": 724052000, "costOfRevenue": 615386000, "grossProfit": 108666000, "researchDevelopment": {}, "sellingGeneralAdministrative": {}, "nonRecurring": {}, "otherOperatingExpenses": 75623000, "totalOperatingExpenses": 712598000, "operatingIncome": 11454000, "totalOtherIncomeExpenseNet": -140583000, "ebit": 11454000, "interestExpense": -160030000, "incomeBeforeTax": -129129000, "incomeTaxExpense": 12440000, "minorityInterest": {}, "netIncomeFromContinuingOps": -141569000, "discontinuedOperations": {}, "extraordinaryItems": {}, "effectOfAccountingCharges": {}, "otherItems": {}, "netIncome": -140053000, "netIncomeApplicableToCommonShares": -140053000}, {"maxAge": 1, "endDate": "2020-03-31", "totalRevenue": 1370350000, "costOfRevenue": 1199581000, "grossProfit": 170769000, "researchDevelopment": {}, "sellingGeneralAdministrative": 23500000, "nonRecurring": {}, "otherOperatingExpenses": 486762000, "totalOperatingExpenses": 1745395000, "operatingIncome": -375045000, "totalOtherIncomeExpenseNet": -2377580000, "ebit": -375045000, "interestExpense": -125454000, "incomeBeforeTax": -2752625000, "incomeTaxExpense": 176680000, "minorityInterest": -48895000, "netIncomeFromContinuingOps": -2929305000, "discontinuedOperations": {}, "extraordinaryItems": {}, "effectOfAccountingCharges": {}, "otherItems": {}, "netIncome": -2921818000, "netIncomeApplicableToCommonShares": -2921818000}, {"maxAge": 1, "endDate": "2019-12-31", "totalRevenue": 1432103000, "costOfRevenue": 1315146000, "grossProfit": 116957000, "researchDevelopment": {}, "sellingGeneralAdministrative": 23500000, "nonRecurring": {}, "otherOperatingExpenses": 79109000, "totalOperatingExpenses": 1429528000, "operatingIncome": 2575000, "totalOtherIncomeExpenseNet": -132146000, "ebit": 2575000, "interestExpense": -158108000, "incomeBeforeTax": -129571000, "incomeTaxExpense": 11989000, "minorityInterest": -48895000, "netIncomeFromContinuingOps": -141560000, "discontinuedOperations": {}, "extraordinaryItems": {}, "effectOfAccountingCharges": {}, "otherItems": {}, "netIncome": -148511000, "netIncomeApplicableToCommonShares": -148511000}, {"maxAge": 1, "endDate": "2019-09-30", "totalRevenue": 2315950000, "costOfRevenue": 2213181000, "grossProfit": 102769000, "researchDevelopment": {}, "sellingGeneralAdministrative": 23500000, "nonRecurring": {}, "otherOperatingExpenses": 128624000, "totalOperatingExpenses": 2375930000, "operatingIncome": -59980000, "totalOtherIncomeExpenseNet": -132197000, "ebit": -59980000, "interestExpense": -111554000, "incomeBeforeTax": -192177000, "incomeTaxExpense": 201051000, "minorityInterest": -48953000, "netIncomeFromContinuingOps": -393228000, "discontinuedOperations": {}, "extraordinaryItems": {}, "effectOfAccountingCharges": {}, "otherItems": {}, "netIncome": -374913000, "netIncomeApplicableToCommonShares": -374913000}], "maxAge": 86400}, "cashflowStatementHistoryQuarterly": {"cashflowStatements": [{"maxAge": 1, "endDate": "2020-06-30", "netIncome": -140053000, "changeToLiabilities": 0}, {"maxAge": 1, "endDate": "2020-03-31", "netIncome": -2921818000, "changeToLiabilities": 0}, {"maxAge": 1, "endDate": "2019-12-31", "netIncome": -148511000, "changeToLiabilities": 0}, {"maxAge": 1, "endDate": "2019-09-30", "netIncome": -374913000, "changeToLiabilities": 0}], "maxAge": 86400}, "insiderHolders": {"holders": [{"maxAge": 1, "name": "Gupta (Shivswaroop) HUF", "relation": "Promoter", "url": "", "transactionDescription": "Sale", "latestTransDate": "2019-06-25", "positionDirect": 935802, "positionDirectDate": "2019-06-25"}], "maxAge": 1}, "earnings": {"maxAge": 86400, "earningsChart": {"quarterly": [], "earningsDate": []}, "financialsChart": {"yearly": [{"date": 2017, "revenue": 9955084000, "earnings": -2655283000}, {"date": 2018, "revenue": 7085382000, "earnings": -1106039000}, {"date": 2019, "revenue": 8687011000, "earnings": 3050483000}, {"date": 2020, "revenue": 6998430000, "earnings": -2769595000}], "quarterly": [{"date": "3Q2019", "revenue": 2315950000, "earnings": -374913000}, {"date": "4Q2019", "revenue": 1432103000, "earnings": -148511000}, {"date": "1Q2020", "revenue": 1370350000, "earnings": -2921818000}, {"date": "2Q2020", "revenue": 724052000, "earnings": -140053000}]}, "financialCurrency": "INR"}, "calendarEvents": {"maxAge": 1, "earnings": {"earningsDate": []}}, "price": {"maxAge": 1, "regularMarketChangePercent": -0.029100502, "regularMarketChange": -0.109999895, "regularMarketTime": "2021-04-30 15:27:52", "priceHint": 4, "regularMarketPrice": 3.67, "regularMarketDayHigh": 3.81, "regularMarketDayLow": 3.64, "regularMarketVolume": 119749, "averageDailyVolume10Day": 40552, "averageDailyVolume3Month": 170641, "regularMarketPreviousClose": 3.78, "regularMarketSource": "FREE_REALTIME", "regularMarketOpen": 3.72, "exchange": "BSE", "exchangeName": "BSE", "exchangeDataDelayedBy": 0, "marketState": "CLOSED", "quoteType": "EQUITY", "symbol": "A2ZINFRA.BO", "underlyingSymbol": null, "shortName": "A2Z INFRA ENGINEERING LIMITED", "longName": "A2Z Infra Engineering Limited", "currency": "INR", "quoteSourceName": "Delayed Quote", "currencySymbol": "\u20b9", "fromCurrency": null, "toCurrency": null, "lastMarket": null, "marketCap": 646360384}, "balanceSheetHistory": {"balanceSheetStatements": [{"maxAge": 1, "endDate": "2020-03-31", "cash": 103843000, "shortTermInvestments": 721073000, "netReceivables": 11513135000, "inventory": 59058000, "otherCurrentAssets": 1978710000, "totalCurrentAssets": 14390877000, "longTermInvestments": 2174887000, "propertyPlantEquipment": 1697747000, "goodWill": 429123000, "intangibleAssets": 8768000, "otherAssets": 1235626000, "deferredLongTermAssetCharges": 318614000, "totalAssets": 19937028000, "accountsPayable": 6714179000, "shortLongTermDebt": 1341340000, "otherCurrentLiab": 1592294000, "longTermDebt": 35838000, "otherLiab": 500904000, "minorityInterest": -48895000, "totalCurrentLiabilities": 15314835000, "totalLiab": 15858073000, "commonStock": 1761199000, "retainedEarnings": -6723049000, "treasuryStock": 131044000, "capitalSurplus": 8958656000, "otherStockholderEquity": 131044000, "totalStockholderEquity": 4127850000, "netTangibleAssets": 3689959000}, {"maxAge": 1, "endDate": "2019-03-31", "cash": 128787000, "shortTermInvestments": 344883000, "netReceivables": 12407094000, "inventory": 42001000, "otherCurrentAssets": 1832390000, "totalCurrentAssets": 14780883000, "longTermInvestments": 2305293000, "propertyPlantEquipment": 2653307000, "goodWill": 429123000, "intangibleAssets": 9250000, "otherAssets": 1573911000, "deferredLongTermAssetCharges": 694458000, "totalAssets": 21751767000, "accountsPayable": 6449873000, "shortLongTermDebt": 996530000, "otherCurrentLiab": 1552974000, "longTermDebt": 365907000, "otherLiab": 167716000, "minorityInterest": 12627000, "totalCurrentLiabilities": 14350321000, "totalLiab": 14883944000, "commonStock": 1761199000, "retainedEarnings": -3973540000, "treasuryStock": 108881000, "capitalSurplus": 8958656000, "otherStockholderEquity": 108881000, "totalStockholderEquity": 6855196000, "netTangibleAssets": 6416823000}, {"maxAge": 1, "endDate": "2018-03-31", "cash": 190819000, "shortTermInvestments": 531650000, "netReceivables": 15720011000, "inventory": 179808000, "otherCurrentAssets": 4151661000, "totalCurrentAssets": 20812009000, "longTermInvestments": 50382000, "propertyPlantEquipment": 5869846000, "goodWill": 429198000, "intangibleAssets": 9315000, "otherAssets": 2266323000, "deferredLongTermAssetCharges": 714702000, "totalAssets": 29437073000, "accountsPayable": 7400984000, "shortLongTermDebt": 2518487000, "otherCurrentLiab": 1460550000, "longTermDebt": 3670277000, "otherLiab": 1411077000, "minorityInterest": -1332653000, "totalCurrentLiabilities": 21968827000, "totalLiab": 27050181000, "commonStock": 1761199000, "retainedEarnings": -7049065000, "treasuryStock": 48755000, "capitalSurplus": 8958656000, "otherStockholderEquity": 48755000, "totalStockholderEquity": 3719545000, "netTangibleAssets": 3281032000}, {"maxAge": 1, "endDate": "2017-03-31", "cash": 618652000, "shortTermInvestments": 427564000, "netReceivables": 16879045000, "inventory": 206493000, "otherCurrentAssets": 4322020000, "totalCurrentAssets": 22454815000, "longTermInvestments": 29010000, "propertyPlantEquipment": 6757311000, "goodWill": 497790000, "intangibleAssets": 14068000, "otherAssets": 2286963000, "deferredLongTermAssetCharges": 710429000, "totalAssets": 32039957000, "accountsPayable": 7603606000, "shortLongTermDebt": 4255478000, "otherCurrentLiab": 1429011000, "longTermDebt": 4648539000, "otherLiab": 1313678000, "deferredLongTermLiab": 553000, "minorityInterest": -1451253000, "totalCurrentLiabilities": 23942185000, "totalLiab": 29904402000, "commonStock": 1449495000, "retainedEarnings": -5958079000, "treasuryStock": 55440000, "capitalSurplus": 8039952000, "otherStockholderEquity": 55440000, "totalStockholderEquity": 3586808000, "netTangibleAssets": 3074950000}], "maxAge": 86400}, "earningsTrend": {"trend": [{"maxAge": 1, "period": "0q", "endDate": null, "growth": {}, "earningsEstimate": {"avg": 0.0, "low": 0.0, "high": 0.0, "yearAgoEps": {}, "numberOfAnalysts": 0, "growth": {}}, "revenueEstimate": {"avg": 0, "low": 0, "high": 0, "numberOfAnalysts": 0, "yearAgoRevenue": {}, "growth": {}}, "epsTrend": {"current": 0.0, "7daysAgo": 0.0, "30daysAgo": 0.0, "60daysAgo": 0.0, "90daysAgo": 0.0}, "epsRevisions": {"upLast7days": 0, "upLast30days": 0, "downLast30days": 0, "downLast90days": {}}}, {"maxAge": 1, "period": "+1q", "endDate": null, "growth": {}, "earningsEstimate": {"avg": 0.0, "low": 0.0, "high": 0.0, "yearAgoEps": {}, "numberOfAnalysts": 0, "growth": {}}, "revenueEstimate": {"avg": 0, "low": 0, "high": 0, "numberOfAnalysts": 0, "yearAgoRevenue": {}, "growth": {}}, "epsTrend": {"current": 0.0, "7daysAgo": 0.0, "30daysAgo": 0.0, "60daysAgo": 0.0, "90daysAgo": 0.0}, "epsRevisions": {"upLast7days": 0, "upLast30days": 0, "downLast30days": 0, "downLast90days": {}}}, {"maxAge": 1, "period": "0y", "endDate": null, "growth": {}, "earningsEstimate": {"avg": 0.0, "low": 0.0, "high": 0.0, "yearAgoEps": {}, "numberOfAnalysts": 0, "growth": {}}, "revenueEstimate": {"avg": 0, "low": 0, "high": 0, "numberOfAnalysts": 0, "yearAgoRevenue": {}, "growth": {}}, "epsTrend": {"current": 0.0, "7daysAgo": 0.0, "30daysAgo": 0.0, "60daysAgo": 0.0, "90daysAgo": 0.0}, "epsRevisions": {"upLast7days": 0, "upLast30days": 0, "downLast30days": 0, "downLast90days": {}}}, {"maxAge": 1, "period": "+1y", "endDate": null, "growth": {}, "earningsEstimate": {"avg": 0.0, "low": 0.0, "high": 0.0, "yearAgoEps": {}, "numberOfAnalysts": 0, "growth": {}}, "revenueEstimate": {"avg": 0, "low": 0, "high": 0, "numberOfAnalysts": 0, "yearAgoRevenue": {}, "growth": {}}, "epsTrend": {"current": 0.0, "7daysAgo": 0.0, "30daysAgo": 0.0, "60daysAgo": 0.0, "90daysAgo": 0.0}, "epsRevisions": {"upLast7days": 0, "upLast30days": 0, "downLast30days": 0, "downLast90days": {}}}, {"maxAge": 1, "period": "+5y", "endDate": null, "growth": {}, "earningsEstimate": {"avg": {}, "low": {}, "high": {}, "yearAgoEps": {}, "numberOfAnalysts": {}, "growth": {}}, "revenueEstimate": {"avg": {}, "low": {}, "high": {}, "numberOfAnalysts": {}, "yearAgoRevenue": {}, "growth": {}}, "epsTrend": {"current": {}, "7daysAgo": {}, "30daysAgo": {}, "60daysAgo": {}, "90daysAgo": {}}, "epsRevisions": {"upLast7days": {}, "upLast30days": {}, "downLast30days": {}, "downLast90days": {}}}, {"maxAge": 1, "period": "-5y", "endDate": null, "growth": {}, "earningsEstimate": {"avg": {}, "low": {}, "high": {}, "yearAgoEps": {}, "numberOfAnalysts": {}, "growth": {}}, "revenueEstimate": {"avg": {}, "low": {}, "high": {}, "numberOfAnalysts": {}, "yearAgoRevenue": {}, "growth": {}}, "epsTrend": {"current": {}, "7daysAgo": {}, "30daysAgo": {}, "60daysAgo": {}, "90daysAgo": {}}, "epsRevisions": {"upLast7days": {}, "upLast30days": {}, "downLast30days": {}, "downLast90days": {}}}], "maxAge": 1}, "financialData": {"maxAge": 86400, "currentPrice": 3.67, "recommendationKey": "none", "grossProfits": 560166000, "financialCurrency": "INR"}}}