{"AAIL.BO": {"recommendationTrend": {"trend": [{"period": "0m", "strongBuy": 0, "buy": 0, "hold": 0, "sell": 0, "strongSell": 0}, {"period": "-1m", "strongBuy": 0, "buy": 0, "hold": 0, "sell": 0, "strongSell": 0}, {"period": "-2m", "strongBuy": 0, "buy": 0, "hold": 0, "sell": 0, "strongSell": 0}, {"period": "-3m", "strongBuy": 0, "buy": 0, "hold": 0, "sell": 0, "strongSell": 0}], "maxAge": 86400}, "cashflowStatementHistory": {"cashflowStatements": [{"maxAge": 1, "endDate": "2020-03-31", "netIncome": -30613000, "depreciation": 43196000, "changeToNetincome": 66231000, "changeToAccountReceivables": 74397000, "changeToLiabilities": -36121000, "changeToInventory": 20054000, "changeToOperatingActivities": 7289000, "totalCashFromOperatingActivities": 144433000, "capitalExpenditures": -48267000, "otherCashflowsFromInvestingActivities": 1461000, "totalCashflowsFromInvestingActivities": -46806000, "dividendsPaid": -5933000, "netBorrowings": -6245000, "otherCashflowsFromFinancingActivities": -77853000, "totalCashFromFinancingActivities": -90031000, "changeInCash": 7596000}, {"maxAge": 1, "endDate": "2019-03-31", "netIncome": 52111000, "depreciation": 40745000, "changeToNetincome": 72945000, "changeToAccountReceivables": -13662000, "changeToLiabilities": 1931000, "changeToInventory": -76641000, "changeToOperatingActivities": -3084000, "totalCashFromOperatingActivities": 74345000, "capitalExpenditures": -85905000, "otherCashflowsFromInvestingActivities": 2204000, "totalCashflowsFromInvestingActivities": -83411000, "dividendsPaid": -5933000, "netBorrowings": 93719000, "otherCashflowsFromFinancingActivities": -82295000, "totalCashFromFinancingActivities": 5491000, "changeInCash": -3575000}, {"maxAge": 1, "endDate": "2018-03-31", "netIncome": 32014000, "depreciation": 37046000, "changeToNetincome": 90187000, "changeToAccountReceivables": -55729000, "changeToLiabilities": 51692000, "changeToInventory": -54625000, "changeToOperatingActivities": -13865000, "totalCashFromOperatingActivities": 86720000, "capitalExpenditures": -45919000, "otherCashflowsFromInvestingActivities": 1263000, "totalCashflowsFromInvestingActivities": -44656000, "dividendsPaid": -7685000, "netBorrowings": 57129000, "otherCashflowsFromFinancingActivities": -84494000, "totalCashFromFinancingActivities": -35050000, "changeInCash": 7014000}, {"maxAge": 1, "endDate": "2017-03-31", "netIncome": 24552000, "depreciation": 31427000, "changeToNetincome": 71312000, "changeToAccountReceivables": 43049000, "changeToLiabilities": -118596000, "changeToInventory": 6279000, "changeToOperatingActivities": 64989000, "totalCashFromOperatingActivities": 123012000, "capitalExpenditures": -103171000, "investments": 1866000, "otherCashflowsFromInvestingActivities": 1203000, "totalCashflowsFromInvestingActivities": -99721000, "dividendsPaid": -6263000, "netBorrowings": 56314000, "otherCashflowsFromFinancingActivities": -71489000, "totalCashFromFinancingActivities": -21438000, "changeInCash": 1853000}], "maxAge": 86400}, "institutionOwnership": {"maxAge": 1, "ownershipList": []}, "balanceSheetHistoryQuarterly": {"balanceSheetStatements": [{"maxAge": 1, "endDate": "2020-06-30", "totalStockholderEquity": 285676000, "netTangibleAssets": 285676000}, {"maxAge": 1, "endDate": "2020-03-31", "cash": 7405000, "netReceivables": 324934000, "inventory": 594627000, "otherCurrentAssets": 56318000, "totalCurrentAssets": 983774000, "longTermInvestments": 630000, "propertyPlantEquipment": 433807000, "otherAssets": 25000000, "totalAssets": 1443211000, "accountsPayable": 368785000, "shortLongTermDebt": 25226000, "otherCurrentLiab": 40648000, "longTermDebt": 213366000, "otherLiab": 72573000, "totalCurrentLiabilities": 867546000, "totalLiab": 1157535000, "commonStock": 53940000, "retainedEarnings": 196552000, "treasuryStock": 84000, "capitalSurplus": 35100000, "otherStockholderEquity": 84000, "totalStockholderEquity": 285676000, "netTangibleAssets": 285676000}, {"maxAge": 1, "endDate": "2019-12-31", "totalStockholderEquity": 339945000, "netTangibleAssets": 339945000}, {"maxAge": 1, "endDate": "2019-09-30", "cash": 17308000, "shortTermInvestments": 39583000, "netReceivables": 358039000, "inventory": 614797000, "otherCurrentAssets": 17802000, "totalCurrentAssets": 1047529000, "longTermInvestments": 630000, "propertyPlantEquipment": 432659000, "otherAssets": 24999000, "totalAssets": 1505817000, "accountsPayable": 340446000, "shortLongTermDebt": 24085000, "otherCurrentLiab": 91281000, "longTermDebt": 220661000, "otherLiab": 65191000, "totalCurrentLiabilities": 880020000, "totalLiab": 1165872000, "commonStock": 53940000, "treasuryStock": 286005000, "otherStockholderEquity": 286005000, "totalStockholderEquity": 339945000, "netTangibleAssets": 339945000}], "maxAge": 86400}, "earningsHistory": {"history": [{"maxAge": 1, "epsActual": {}, "epsEstimate": {}, "epsDifference": {}, "surprisePercent": {}, "quarter": {}, "period": "-4q"}, {"maxAge": 1, "epsActual": {}, "epsEstimate": {}, "epsDifference": {}, "surprisePercent": {}, "quarter": {}, "period": "-3q"}, {"maxAge": 1, "epsActual": {}, "epsEstimate": {}, "epsDifference": {}, "surprisePercent": {}, "quarter": {}, "period": "-2q"}, {"maxAge": 1, "epsActual": {}, "epsEstimate": {}, "epsDifference": {}, "surprisePercent": {}, "quarter": {}, "period": "-1q"}], "maxAge": 86400}, "indexTrend": {"maxAge": 1, "symbol": "SP5", "peRatio": 19.7411, "pegRatio": 1.34172, "estimates": [{"period": "0q", "growth": 0.549}, {"period": "+1q", "growth": 0.431}, {"period": "0y", "growth": 0.305}, {"period": "+1y", "growth": 0.109}, {"period": "+5y", "growth": 0.120859005}, {"period": "-5y"}]}, "industryTrend": {"maxAge": 1, "symbol": null, "estimates": []}, "insiderTransactions": {"transactions": [{"maxAge": 1, "shares": 45400, "filerUrl": "", "transactionText": "", "filerName": "Hari Om Trades & Agencies Ltd", "filerRelation": "Promoter", "moneyText": "", "startDate": "2011-10-12", "ownership": "D"}, {"maxAge": 1, "shares": 25000, "filerUrl": "", "transactionText": "", "filerName": "Hari Om Trades & Agencies Ltd", "filerRelation": "Promoter", "moneyText": "", "startDate": "2011-09-30", "ownership": "D"}, {"maxAge": 1, "shares": 25000, "filerUrl": "", "transactionText": "", "filerName": "Hari Om Trades & Agencies Ltd", "filerRelation": "Promoter", "moneyText": "", "startDate": "2011-09-16", "ownership": "D"}, {"maxAge": 1, "shares": 25000, "filerUrl": "", "transactionText": "", "filerName": "Hari Om Trades & Agencies Ltd", "filerRelation": "Promoter", "moneyText": "", "startDate": "2011-09-09", "ownership": "D"}, {"maxAge": 1, "shares": 121000, "filerUrl": "", "transactionText": "", "filerName": "Akar Alloys Pvt Ltd", "filerRelation": "Institution- Corporation", "moneyText": "", "startDate": "2011-03-09", "ownership": "D"}, {"maxAge": 1, "shares": 25000, "filerUrl": "", "transactionText": "", "filerName": "Gupta (Raghunandanlal)", "filerRelation": "Chairman of the Board", "moneyText": "", "startDate": "2011-01-21", "ownership": "D"}, {"maxAge": 1, "shares": 25000, "filerUrl": "", "transactionText": "", "filerName": "Gupta (Raghunandanlal)", "filerRelation": "Chairman of the Board", "moneyText": "", "startDate": "2011-01-18", "ownership": "D"}, {"maxAge": 1, "shares": 20602, "filerUrl": "", "transactionText": "", "filerName": "Akar Alloys Pvt Ltd", "filerRelation": "Institution- Corporation", "moneyText": "", "startDate": "2010-07-20", "ownership": "D"}, {"maxAge": 1, "shares": 25000, "filerUrl": "", "transactionText": "", "filerName": "Kathiawad Investments Pvt Ltd", "filerRelation": "Institution- Corporation", "moneyText": "", "startDate": "2010-06-28", "ownership": "D"}, {"maxAge": 1, "shares": 10000, "filerUrl": "", "transactionText": "", "filerName": "Kathiawad Investments Pvt Ltd", "filerRelation": "Institution- Corporation", "moneyText": "", "startDate": "2010-06-25", "ownership": "D"}], "maxAge": 1}, "quoteType": {"exchange": "BSE", "quoteType": "EQUITY", "symbol": "AAIL.BO", "underlyingSymbol": "AAIL.BO", "shortName": "Akar Auto Industries Limited", "longName": "Akar Auto Industries Limited", "firstTradeDateEpochUtc": "2000-01-03 09:15:00", "timeZoneFullName": "Asia/Kolkata", "timeZoneShortName": "IST", "uuid": "d53fd70d-cc74-3ff3-82f8-647d0c28db29", "messageBoardId": null, "gmtOffSetMilliseconds": 19800000, "maxAge": 1}, "incomeStatementHistory": {"incomeStatementHistory": [{"maxAge": 1, "endDate": "2020-03-31", "totalRevenue": 1988267000, "costOfRevenue": 1220760000, "grossProfit": 767507000, "researchDevelopment": {}, "sellingGeneralAdministrative": 273273000, "nonRecurring": {}, "otherOperatingExpenses": 400719000, "totalOperatingExpenses": 1937948000, "operatingIncome": 50319000, "totalOtherIncomeExpenseNet": -75185000, "ebit": 50319000, "interestExpense": -56740000, "incomeBeforeTax": -24866000, "incomeTaxExpense": 5747000, "minorityInterest": {}, "netIncomeFromContinuingOps": -30613000, "discontinuedOperations": {}, "extraordinaryItems": {}, "effectOfAccountingCharges": {}, "otherItems": {}, "netIncome": -30613000, "netIncomeApplicableToCommonShares": -30613000}, {"maxAge": 1, "endDate": "2019-03-31", "totalRevenue": 2777888000, "costOfRevenue": 1835433000, "grossProfit": 942455000, "researchDevelopment": {}, "sellingGeneralAdministrative": 264598000, "nonRecurring": {}, "otherOperatingExpenses": 492873000, "totalOperatingExpenses": 2633649000, "operatingIncome": 144239000, "totalOtherIncomeExpenseNet": -85172000, "ebit": 144239000, "interestExpense": -55483000, "incomeBeforeTax": 59067000, "incomeTaxExpense": 6956000, "minorityInterest": {}, "netIncomeFromContinuingOps": 52111000, "discontinuedOperations": {}, "extraordinaryItems": {}, "effectOfAccountingCharges": {}, "otherItems": {}, "netIncome": 52111000, "netIncomeApplicableToCommonShares": 52111000}, {"maxAge": 1, "endDate": "2018-03-31", "totalRevenue": 2420873000, "costOfRevenue": 1583925000, "grossProfit": 836948000, "researchDevelopment": {}, "sellingGeneralAdministrative": 221431000, "nonRecurring": {}, "otherOperatingExpenses": 431114000, "totalOperatingExpenses": 2273516000, "operatingIncome": 147357000, "totalOtherIncomeExpenseNet": -97689000, "ebit": 147357000, "interestExpense": -54957000, "incomeBeforeTax": 49668000, "incomeTaxExpense": 17654000, "minorityInterest": {}, "netIncomeFromContinuingOps": 32014000, "discontinuedOperations": {}, "extraordinaryItems": {}, "effectOfAccountingCharges": {}, "otherItems": {}, "netIncome": 32014000, "netIncomeApplicableToCommonShares": 32014000}, {"maxAge": 1, "endDate": "2017-03-31", "totalRevenue": 1897308000, "costOfRevenue": 1226598000, "grossProfit": 670710000, "researchDevelopment": {}, "sellingGeneralAdministrative": 163671000, "nonRecurring": {}, "otherOperatingExpenses": 368285000, "totalOperatingExpenses": 1789981000, "operatingIncome": 107327000, "totalOtherIncomeExpenseNet": -68753000, "ebit": 107327000, "interestExpense": -48737000, "incomeBeforeTax": 38574000, "incomeTaxExpense": 14022000, "minorityInterest": {}, "netIncomeFromContinuingOps": 24552000, "discontinuedOperations": {}, "extraordinaryItems": {}, "effectOfAccountingCharges": {}, "otherItems": {}, "netIncome": 24552000, "netIncomeApplicableToCommonShares": 24552000}], "maxAge": 86400}, "fundOwnership": {"maxAge": 1, "ownershipList": []}, "summaryDetail": {"maxAge": 1, "priceHint": 2, "previousClose": 17.1, "open": 17.7, "dayLow": 17.0, "dayHigh": 17.7, "regularMarketPreviousClose": 17.1, "regularMarketOpen": 17.7, "regularMarketDayLow": 17.0, "regularMarketDayHigh": 17.7, "volume": 3706, "regularMarketVolume": 3706, "averageVolume": 5095, "averageVolume10days": 5042, "averageDailyVolume10Day": 5042, "bid": 17.1, "ask": 17.5, "bidSize": 0, "askSize": 0, "marketCap": 185014192, "fiftyTwoWeekLow": 9.7, "fiftyTwoWeekHigh": 22.8, "fiftyDayAverage": 18.222857, "twoHundredDayAverage": 16.82606, "trailingAnnualDividendRate": 0.55, "trailingAnnualDividendYield": 0.032163743, "currency": "INR", "fromCurrency": null, "toCurrency": null, "lastMarket": null, "algorithm": null, "tradeable": false}, "sectorTrend": {"maxAge": 1, "symbol": null, "estimates": []}, "incomeStatementHistoryQuarterly": {"incomeStatementHistory": [{"maxAge": 1, "endDate": "2020-06-30", "totalRevenue": 183655000, "costOfRevenue": 102205000, "grossProfit": 81450000, "researchDevelopment": {}, "sellingGeneralAdministrative": 15806000, "nonRecurring": {}, "otherOperatingExpenses": 63977000, "totalOperatingExpenses": 193838000, "operatingIncome": -10183000, "totalOtherIncomeExpenseNet": -16444000, "ebit": -10183000, "interestExpense": -16443000, "incomeBeforeTax": -26627000, "incomeTaxExpense": 157000, "minorityInterest": {}, "netIncomeFromContinuingOps": -26784000, "discontinuedOperations": {}, "extraordinaryItems": {}, "effectOfAccountingCharges": {}, "otherItems": {}, "netIncome": -26784000, "netIncomeApplicableToCommonShares": -26784000}, {"maxAge": 1, "endDate": "2020-03-31", "totalRevenue": 448442000, "costOfRevenue": 303802000, "grossProfit": 144640000, "researchDevelopment": {}, "sellingGeneralAdministrative": 65592000, "nonRecurring": {}, "otherOperatingExpenses": 85254000, "totalOperatingExpenses": 468301000, "operatingIncome": -19859000, "totalOtherIncomeExpenseNet": -29558000, "ebit": -19859000, "interestExpense": -6227000, "incomeBeforeTax": -49417000, "incomeTaxExpense": -1066000, "minorityInterest": {}, "netIncomeFromContinuingOps": -48351000, "discontinuedOperations": {}, "extraordinaryItems": {}, "effectOfAccountingCharges": {}, "otherItems": {}, "netIncome": -48351000, "netIncomeApplicableToCommonShares": -48351000}, {"maxAge": 1, "endDate": "2019-12-31", "totalRevenue": 458843000, "costOfRevenue": 245668000, "grossProfit": 213175000, "researchDevelopment": {}, "sellingGeneralAdministrative": 68923000, "nonRecurring": {}, "otherOperatingExpenses": 116719000, "totalOperatingExpenses": 442144000, "operatingIncome": 16699000, "totalOtherIncomeExpenseNet": -15488000, "ebit": 16699000, "interestExpense": -20334000, "incomeBeforeTax": 1211000, "incomeTaxExpense": -218000, "minorityInterest": {}, "netIncomeFromContinuingOps": 1429000, "discontinuedOperations": {}, "extraordinaryItems": {}, "effectOfAccountingCharges": {}, "otherItems": {}, "netIncome": 1429000, "netIncomeApplicableToCommonShares": 1429000}, {"maxAge": 1, "endDate": "2019-09-30", "totalRevenue": 440972000, "costOfRevenue": 250271000, "grossProfit": 190701000, "researchDevelopment": {}, "sellingGeneralAdministrative": 69734000, "nonRecurring": {}, "otherOperatingExpenses": 86676000, "totalOperatingExpenses": 415022000, "operatingIncome": 25950000, "totalOtherIncomeExpenseNet": -13244000, "ebit": 25950000, "interestExpense": -11633000, "incomeBeforeTax": 12706000, "incomeTaxExpense": 4072000, "minorityInterest": {}, "netIncomeFromContinuingOps": 8634000, "discontinuedOperations": {}, "extraordinaryItems": {}, "effectOfAccountingCharges": {}, "otherItems": {}, "netIncome": 8634000, "netIncomeApplicableToCommonShares": 8634000}], "maxAge": 86400}, "cashflowStatementHistoryQuarterly": {"cashflowStatements": [{"maxAge": 1, "endDate": "2020-06-30", "netIncome": -26784000, "changeToLiabilities": 0}, {"maxAge": 1, "endDate": "2020-03-31", "netIncome": -48351000, "changeToLiabilities": 0}, {"maxAge": 1, "endDate": "2019-12-31", "netIncome": 1429000, "changeToLiabilities": 0}, {"maxAge": 1, "endDate": "2019-09-30", "netIncome": 8634000, "changeToLiabilities": 0}], "maxAge": 86400}, "insiderHolders": {"holders": [{"maxAge": 1, "name": "Akar Alloys Pvt Ltd", "relation": "Institution- Corporation", "url": "", "transactionDescription": "Sale", "latestTransDate": "2011-03-09", "positionDirect": 479398, "positionDirectDate": "2011-03-09"}, {"maxAge": 1, "name": "Gupta (Raghunandanlal)", "relation": "Chairman of the Board", "url": "", "transactionDescription": "Sale", "latestTransDate": "2011-01-21", "positionDirect": 1599395, "positionDirectDate": "2011-01-21"}, {"maxAge": 1, "name": "Hari Om Trades & Agencies Ltd", "relation": "Promoter", "url": "", "transactionDescription": "Sale", "latestTransDate": "2011-10-12", "positionDirect": 0, "positionDirectDate": "2011-10-12"}, {"maxAge": 1, "name": "Kathiawad Investments Pvt Ltd", "relation": "Institution- Corporation", "url": "", "transactionDescription": "Sale", "latestTransDate": "2010-06-28", "positionDirect": 40600, "positionDirectDate": "2010-06-28"}], "maxAge": 1}, "earnings": {"maxAge": 86400, "earningsChart": {"quarterly": [], "earningsDate": ["2020-08-29 05:30:S"]}, "financialsChart": {"yearly": [{"date": 2017, "revenue": 1897308000, "earnings": 24552000}, {"date": 2018, "revenue": 2420873000, "earnings": 32014000}, {"date": 2019, "revenue": 2777888000, "earnings": 52111000}, {"date": 2020, "revenue": 1988267000, "earnings": -30613000}], "quarterly": [{"date": "3Q2019", "revenue": 440972000, "earnings": 8634000}, {"date": "4Q2019", "revenue": 458843000, "earnings": 1429000}, {"date": "1Q2020", "revenue": 448442000, "earnings": -48351000}, {"date": "2Q2020", "revenue": 183655000, "earnings": -26784000}]}, "financialCurrency": "INR"}, "calendarEvents": {"maxAge": 1, "earnings": {"earningsDate": ["2020-08-29 05:30:S"]}}, "price": {"maxAge": 1, "regularMarketChangePercent": 0.0029239322, "regularMarketChange": 0.049999237, "regularMarketTime": "2021-04-30 15:22:42", "priceHint": 2, "regularMarketPrice": 17.15, "regularMarketDayHigh": 17.7, "regularMarketDayLow": 17.0, "regularMarketVolume": 3706, "averageDailyVolume10Day": 5042, "averageDailyVolume3Month": 5095, "regularMarketPreviousClose": 17.1, "regularMarketSource": "FREE_REALTIME", "regularMarketOpen": 17.7, "exchange": "BSE", "exchangeName": "BSE", "exchangeDataDelayedBy": 0, "marketState": "CLOSED", "quoteType": "EQUITY", "symbol": "AAIL.BO", "underlyingSymbol": null, "shortName": "Akar Auto Industries Limited", "longName": "Akar Auto Industries Limited", "currency": "INR", "quoteSourceName": "Delayed Quote", "currencySymbol": "\u20b9", "fromCurrency": null, "toCurrency": null, "lastMarket": null, "marketCap": 185014192}, "balanceSheetHistory": {"balanceSheetStatements": [{"maxAge": 1, "endDate": "2020-03-31", "cash": 7405000, "netReceivables": 324934000, "inventory": 594627000, "otherCurrentAssets": 56318000, "totalCurrentAssets": 983774000, "longTermInvestments": 630000, "propertyPlantEquipment": 433807000, "otherAssets": 25000000, "totalAssets": 1443211000, "accountsPayable": 368785000, "shortLongTermDebt": 25226000, "otherCurrentLiab": 40648000, "longTermDebt": 213366000, "otherLiab": 72573000, "totalCurrentLiabilities": 867546000, "totalLiab": 1157535000, "commonStock": 53940000, "retainedEarnings": 196552000, "treasuryStock": 84000, "capitalSurplus": 35100000, "otherStockholderEquity": 84000, "totalStockholderEquity": 285676000, "netTangibleAssets": 285676000}, {"maxAge": 1, "endDate": "2019-03-31", "cash": 3799000, "shortTermInvestments": 225000, "netReceivables": 399249000, "inventory": 614682000, "otherCurrentAssets": 54285000, "totalCurrentAssets": 1072903000, "longTermInvestments": 630000, "propertyPlantEquipment": 428738000, "otherAssets": 25054000, "totalAssets": 1527325000, "accountsPayable": 404906000, "shortLongTermDebt": 20815000, "otherCurrentLiab": 62193000, "longTermDebt": 232728000, "otherLiab": 64075000, "totalCurrentLiabilities": 899780000, "totalLiab": 1203689000, "commonStock": 53940000, "retainedEarnings": 234512000, "treasuryStock": 84000, "capitalSurplus": 35100000, "otherStockholderEquity": 84000, "totalStockholderEquity": 323636000, "netTangibleAssets": 323636000}, {"maxAge": 1, "endDate": "2018-03-31", "cash": 7038000, "shortTermInvestments": 1111000, "netReceivables": 387401000, "inventory": 538041000, "otherCurrentAssets": 49635000, "totalCurrentAssets": 984924000, "longTermInvestments": 815000, "propertyPlantEquipment": 383869000, "otherAssets": 35391000, "totalAssets": 1404999000, "accountsPayable": 402975000, "shortLongTermDebt": 20968000, "otherCurrentLiab": 53134000, "longTermDebt": 132692000, "otherLiab": 69169000, "totalCurrentLiabilities": 913691000, "totalLiab": 1125108000, "commonStock": 53940000, "retainedEarnings": 190816000, "treasuryStock": 35000, "capitalSurplus": 35100000, "otherStockholderEquity": 35000, "totalStockholderEquity": 279891000, "netTangibleAssets": 279891000}, {"maxAge": 1, "endDate": "2017-03-31", "cash": 4359000, "netReceivables": 319409000, "inventory": 483416000, "otherCurrentAssets": 42645000, "totalCurrentAssets": 850322000, "longTermInvestments": 793000, "propertyPlantEquipment": 374996000, "otherAssets": 25000000, "totalAssets": 1251111000, "accountsPayable": 351282000, "shortLongTermDebt": 18721000, "otherCurrentLiab": 48923000, "longTermDebt": 122274000, "otherLiab": 62818000, "totalCurrentLiabilities": 798894000, "totalLiab": 995999000, "commonStock": 53940000, "retainedEarnings": 166059000, "treasuryStock": 13000, "capitalSurplus": 35100000, "otherStockholderEquity": 13000, "totalStockholderEquity": 255112000, "netTangibleAssets": 255112000}], "maxAge": 86400}, "earningsTrend": {"trend": [{"maxAge": 1, "period": "0q", "endDate": null, "growth": {}, "earningsEstimate": {"avg": 0.0, "low": 0.0, "high": 0.0, "yearAgoEps": {}, "numberOfAnalysts": 0, "growth": {}}, "revenueEstimate": {"avg": 0, "low": 0, "high": 0, "numberOfAnalysts": 0, "yearAgoRevenue": {}, "growth": {}}, "epsTrend": {"current": 0.0, "7daysAgo": 0.0, "30daysAgo": 0.0, "60daysAgo": 0.0, "90daysAgo": 0.0}, "epsRevisions": {"upLast7days": 0, "upLast30days": 0, "downLast30days": 0, "downLast90days": {}}}, {"maxAge": 1, "period": "+1q", "endDate": null, "growth": {}, "earningsEstimate": {"avg": 0.0, "low": 0.0, "high": 0.0, "yearAgoEps": {}, "numberOfAnalysts": 0, "growth": {}}, "revenueEstimate": {"avg": 0, "low": 0, "high": 0, "numberOfAnalysts": 0, "yearAgoRevenue": {}, "growth": {}}, "epsTrend": {"current": 0.0, "7daysAgo": 0.0, "30daysAgo": 0.0, "60daysAgo": 0.0, "90daysAgo": 0.0}, "epsRevisions": {"upLast7days": 0, "upLast30days": 0, "downLast30days": 0, "downLast90days": {}}}, {"maxAge": 1, "period": "0y", "endDate": null, "growth": {}, "earningsEstimate": {"avg": 0.0, "low": 0.0, "high": 0.0, "yearAgoEps": {}, "numberOfAnalysts": 0, "growth": {}}, "revenueEstimate": {"avg": 0, "low": 0, "high": 0, "numberOfAnalysts": 0, "yearAgoRevenue": {}, "growth": {}}, "epsTrend": {"current": 0.0, "7daysAgo": 0.0, "30daysAgo": 0.0, "60daysAgo": 0.0, "90daysAgo": 0.0}, "epsRevisions": {"upLast7days": 0, "upLast30days": 0, "downLast30days": 0, "downLast90days": {}}}, {"maxAge": 1, "period": "+1y", "endDate": null, "growth": {}, "earningsEstimate": {"avg": 0.0, "low": 0.0, "high": 0.0, "yearAgoEps": {}, "numberOfAnalysts": 0, "growth": {}}, "revenueEstimate": {"avg": 0, "low": 0, "high": 0, "numberOfAnalysts": 0, "yearAgoRevenue": {}, "growth": {}}, "epsTrend": {"current": 0.0, "7daysAgo": 0.0, "30daysAgo": 0.0, "60daysAgo": 0.0, "90daysAgo": 0.0}, "epsRevisions": {"upLast7days": 0, "upLast30days": 0, "downLast30days": 0, "downLast90days": {}}}, {"maxAge": 1, "period": "+5y", "endDate": null, "growth": {}, "earningsEstimate": {"avg": {}, "low": {}, "high": {}, "yearAgoEps": {}, "numberOfAnalysts": {}, "growth": {}}, "revenueEstimate": {"avg": {}, "low": {}, "high": {}, "numberOfAnalysts": {}, "yearAgoRevenue": {}, "growth": {}}, "epsTrend": {"current": {}, "7daysAgo": {}, "30daysAgo": {}, "60daysAgo": {}, "90daysAgo": {}}, "epsRevisions": {"upLast7days": {}, "upLast30days": {}, "downLast30days": {}, "downLast90days": {}}}, {"maxAge": 1, "period": "-5y", "endDate": null, "growth": {}, "earningsEstimate": {"avg": {}, "low": {}, "high": {}, "yearAgoEps": {}, "numberOfAnalysts": {}, "growth": {}}, "revenueEstimate": {"avg": {}, "low": {}, "high": {}, "numberOfAnalysts": {}, "yearAgoRevenue": {}, "growth": {}}, "epsTrend": {"current": {}, "7daysAgo": {}, "30daysAgo": {}, "60daysAgo": {}, "90daysAgo": {}}, "epsRevisions": {"upLast7days": {}, "upLast30days": {}, "downLast30days": {}, "downLast90days": {}}}], "maxAge": 1}, "financialData": {"maxAge": 86400, "currentPrice": 17.15, "recommendationKey": "none", "grossProfits": 767507000, "financialCurrency": "INR"}}}