{"AAKASH.NS": {"assetProfile": {"address1": "Shukan Mall", "address2": "424-426, 4th Floor Near Visat Petrol Pump Sabarmati", "city": "Ahmedabad", "zip": "380005", "country": "India", "phone": "91 79 4800 6633", "website": "http://www.aakashexploration.com", "industry": "Oil & Gas Equipment & Services", "sector": "Energy", "longBusinessSummary": "Aakash Exploration Services Limited provides support services for oil and gas extraction in India. It offers services using machineries, such as mobile work over rigs, hot oil circulation units, heating units, indirect bath heaters, mobile sucker rod pumping units, utility services for return lines, mobile steaming units, mobile high pressure air compressors, mobile high and low pressure pumping units, and FRAC/ insulated tanks. The company was founded in 2007 and is headquartered in Ahmedabad, India.", "fullTimeEmployees": 1286, "companyOfficers": [{"maxAge": 1, "name": "Mr. Vipul Navin Haria", "age": 50, "title": "MD & Chairman", "yearBorn": 1970, "fiscalYear": 2020, "totalPay": 3600000, "exercisedValue": 0, "unexercisedValue": 0}, {"maxAge": 1, "name": "Mr. Hemang Navin Haria", "age": 48, "title": "CFO & Whole Time Director", "yearBorn": 1972, "fiscalYear": 2020, "totalPay": 2400000, "exercisedValue": 0, "unexercisedValue": 0}, {"maxAge": 1, "name": "Ms. Nisha  Agarwal", "title": "Company Sec. & Compliance officer", "fiscalYear": 2020, "totalPay": 35806, "exercisedValue": 0, "unexercisedValue": 0}, {"maxAge": 1, "name": "Mr. Krunal Pravinbhai Haria", "age": 38, "title": "Whole Time Director", "yearBorn": 1982, "fiscalYear": 2020, "totalPay": 720000, "exercisedValue": 0, "unexercisedValue": 0}, {"maxAge": 1, "name": "MD.  Inam", "title": "Head of HSE", "exercisedValue": 0, "unexercisedValue": 0}], "compensationAsOfEpochDate": "2020-12-31 05:30:00", "maxAge": 86400}, "cashflowStatementHistory": {"cashflowStatements": [{"maxAge": 1, "endDate": "2020-03-31", "netIncome": 48629960, "depreciation": 62457005, "changeToNetincome": 3263856, "changeToAccountReceivables": 11334698, "changeToLiabilities": 11040182, "changeToOperatingActivities": -19067139, "totalCashFromOperatingActivities": 117658730, "capitalExpenditures": -124973721, "investments": 6228229, "totalCashflowsFromInvestingActivities": -118745492, "changeInCash": -1086762}, {"maxAge": 1, "endDate": "2019-03-31", "netIncome": 33116905, "depreciation": 39300757, "changeToNetincome": 5213835, "changeToAccountReceivables": 3117505, "changeToLiabilities": -602602, "changeToOperatingActivities": 64101776, "totalCashFromOperatingActivities": 144248452, "capitalExpenditures": -249707297, "investments": 1439234, "totalCashflowsFromInvestingActivities": -248268063, "totalCashFromFinancingActivities": 100800000, "changeInCash": -3219611, "issuanceOfStock": 100800000}, {"maxAge": 1, "endDate": "2018-03-31", "netIncome": 23353048, "depreciation": 33209496, "changeToNetincome": 466079, "changeToAccountReceivables": -99238897, "changeToLiabilities": 3329113, "changeToOperatingActivities": 38001169, "totalCashFromOperatingActivities": -879992, "capitalExpenditures": -20245801, "investments": 1439234, "totalCashflowsFromInvestingActivities": -20245801, "totalCashFromFinancingActivities": 100800000, "changeInCash": -21125793, "issuanceOfStock": 100800000}, {"maxAge": 1, "endDate": "2017-03-31", "netIncome": 10853653, "depreciation": 38706771, "changeToNetincome": 10589736, "changeToAccountReceivables": -23957638, "changeToLiabilities": 0, "changeToOperatingActivities": 17562520, "totalCashFromOperatingActivities": 53755042, "capitalExpenditures": -60367872, "investments": 1439234, "otherCashflowsFromInvestingActivities": 1280135, "totalCashflowsFromInvestingActivities": -59087737, "netBorrowings": 7588941, "otherCashflowsFromFinancingActivities": -13032934, "totalCashFromFinancingActivities": -5943993, "changeInCash": -11276688, "repurchaseOfStock": -500000, "issuanceOfStock": 100800000}], "maxAge": 86400}, "institutionOwnership": {"maxAge": 1, "ownershipList": []}, "majorHoldersBreakdown": {"maxAge": 1}, "balanceSheetHistoryQuarterly": {"balanceSheetStatements": [{"maxAge": 1, "endDate": "2020-12-31"}, {"maxAge": 1, "endDate": "2020-09-30", "cash": 38480628, "shortTermInvestments": 5191243, "netReceivables": 161191181, "otherCurrentAssets": 1618794, "totalCurrentAssets": 206481846, "longTermInvestments": 5900, "propertyPlantEquipment": 426862070, "intangibleAssets": 206, "otherAssets": 29958534, "totalAssets": 663308556, "accountsPayable": 20979876, "shortLongTermDebt": 49392750, "otherCurrentLiab": 37102020, "longTermDebt": 164444405, "otherLiab": 1, "totalCurrentLiabilities": 107474646, "totalLiab": 271919052, "commonStock": 101250000, "treasuryStock": 290139504, "otherStockholderEquity": 290139504, "totalStockholderEquity": 391389504, "netTangibleAssets": 391389298}, {"maxAge": 1, "endDate": "2020-06-30", "totalStockholderEquity": 375673315, "netTangibleAssets": 375673058}, {"maxAge": 1, "endDate": "2020-03-31", "cash": 4964770, "netReceivables": 181502683, "otherCurrentAssets": 18625217, "totalCurrentAssets": 207751443, "longTermInvestments": 5900, "propertyPlantEquipment": 444414262, "intangibleAssets": 257, "otherAssets": 29841251, "totalAssets": 682013113, "accountsPayable": 26148861, "shortLongTermDebt": 63648478, "otherCurrentLiab": 25734330, "longTermDebt": 165484410, "otherLiab": 655910, "totalCurrentLiabilities": 140199478, "totalLiab": 306339798, "commonStock": 101250000, "retainedEarnings": 134632815, "capitalSurplus": 139790500, "totalStockholderEquity": 375673315, "netTangibleAssets": 375673058}], "maxAge": 86400}, "indexTrend": {"maxAge": 1, "symbol": "SP5", "peRatio": 19.7411, "pegRatio": 1.34172, "estimates": [{"period": "0q", "growth": 0.549}, {"period": "+1q", "growth": 0.431}, {"period": "0y", "growth": 0.305}, {"period": "+1y", "growth": 0.109}, {"period": "+5y", "growth": 0.120865}, {"period": "-5y"}]}, "defaultKeyStatistics": {"maxAge": 1, "priceHint": 2, "enterpriseValue": 1212632704, "profitMargins": 0.04498, "floatShares": 3091647, "sharesOutstanding": 10125000, "category": null, "bookValue": 37.104, "priceToBook": 3.8931112, "fundFamily": null, "legalType": null, "lastFiscalYearEnd": "2020-03-31 05:30:00", "nextFiscalYearEnd": "2022-03-31 05:30:00", "mostRecentQuarter": "2020-12-31 05:30:00", "earningsQuarterlyGrowth": -0.664, "netIncomeToCommon": 27074960, "trailingEps": 2.203, "lastSplitFactor": "3:2", "lastSplitDate": "2020-03-26 05:30:00", "enterpriseToRevenue": 2.015, "enterpriseToEbitda": 10.139, "52WeekChange": 1.6600001, "SandP52WeekChange": 0.48148263}, "summaryProfile": {"address1": "Shukan Mall", "address2": "424-426, 4th Floor Near Visat Petrol Pump Sabarmati", "city": "Ahmedabad", "zip": "380005", "country": "India", "phone": "91 79 4800 6633", "website": "http://www.aakashexploration.com", "industry": "Oil & Gas Equipment & Services", "sector": "Energy", "longBusinessSummary": "Aakash Exploration Services Limited provides support services for oil and gas extraction in India. It offers services using machineries, such as mobile work over rigs, hot oil circulation units, heating units, indirect bath heaters, mobile sucker rod pumping units, utility services for return lines, mobile steaming units, mobile high pressure air compressors, mobile high and low pressure pumping units, and FRAC/ insulated tanks. The company was founded in 2007 and is headquartered in Ahmedabad, India.", "fullTimeEmployees": 1286, "companyOfficers": [], "maxAge": 86400}, "netSharePurchaseActivity": {"maxAge": 1, "period": "6m", "buyInfoCount": 0, "buyInfoShares": 0, "sellInfoCount": 0, "netInfoCount": 0, "netInfoShares": 0, "totalInsiderShares": 0}, "quoteType": {"exchange": "NSI", "quoteType": "EQUITY", "symbol": "AAKASH.NS", "underlyingSymbol": "AAKASH.NS", "shortName": "AAKASH EXPLORATION", "longName": "Aakash Exploration Services Limited", "firstTradeDateEpochUtc": "2018-05-15 09:15:00", "timeZoneFullName": "Asia/Kolkata", "timeZoneShortName": "IST", "uuid": "fbfd422e-3e7d-39cd-8a9a-1efafd575cf9", "messageBoardId": "finmb_548707659", "gmtOffSetMilliseconds": 19800000, "maxAge": 1}, "incomeStatementHistory": {"incomeStatementHistory": [{"maxAge": 1, "endDate": "2020-03-31", "totalRevenue": 674802112, "costOfRevenue": 72985905, "grossProfit": 601816207, "researchDevelopment": {}, "sellingGeneralAdministrative": 241234699, "nonRecurring": {}, "otherOperatingExpenses": 206147669, "totalOperatingExpenses": 582825446, "operatingIncome": 91976666, "totalOtherIncomeExpenseNet": -24283329, "ebit": 91976666, "interestExpense": -25486954, "incomeBeforeTax": 67693337, "incomeTaxExpense": 19063377, "minorityInterest": {}, "netIncomeFromContinuingOps": 48629960, "discontinuedOperations": {}, "extraordinaryItems": {}, "effectOfAccountingCharges": {}, "otherItems": {}, "netIncome": 48629960, "netIncomeApplicableToCommonShares": 48629960}, {"maxAge": 1, "endDate": "2019-03-31", "totalRevenue": 516724756, "costOfRevenue": 70663916, "grossProfit": 446060840, "researchDevelopment": {}, "sellingGeneralAdministrative": 209369804, "nonRecurring": {}, "otherOperatingExpenses": 158657022, "totalOperatingExpenses": 477991775, "operatingIncome": 38732981, "totalOtherIncomeExpenseNet": 9534759, "ebit": 38732981, "interestExpense": -12134095, "incomeBeforeTax": 48267740, "incomeTaxExpense": 15150835, "minorityInterest": {}, "netIncomeFromContinuingOps": 33116905, "discontinuedOperations": {}, "extraordinaryItems": {}, "effectOfAccountingCharges": {}, "otherItems": {}, "netIncome": 33116905, "netIncomeApplicableToCommonShares": 33116905}, {"maxAge": 1, "endDate": "2018-03-31", "totalRevenue": 409615786, "costOfRevenue": 47618292, "grossProfit": 361997494, "researchDevelopment": {}, "sellingGeneralAdministrative": 130606172, "nonRecurring": {}, "otherOperatingExpenses": 154610386, "totalOperatingExpenses": 366044346, "operatingIncome": 43571440, "totalOtherIncomeExpenseNet": -11052313, "ebit": 43571440, "interestExpense": -13713869, "incomeBeforeTax": 32519127, "incomeTaxExpense": 9166079, "minorityInterest": {}, "netIncomeFromContinuingOps": 23353048, "discontinuedOperations": {}, "extraordinaryItems": {}, "effectOfAccountingCharges": {}, "otherItems": {}, "netIncome": 23353048, "netIncomeApplicableToCommonShares": 23353048}, {"maxAge": 1, "endDate": "2017-03-31", "totalRevenue": 335846495, "costOfRevenue": 38120262, "grossProfit": 297726233, "researchDevelopment": {}, "sellingGeneralAdministrative": 121559040, "nonRecurring": {}, "otherOperatingExpenses": 110055239, "totalOperatingExpenses": 308441312, "operatingIncome": 27405183, "totalOtherIncomeExpenseNet": -10849504, "ebit": 27405183, "interestExpense": -13032934, "incomeBeforeTax": 16555679, "incomeTaxExpense": 5702026, "minorityInterest": {}, "netIncomeFromContinuingOps": 10853653, "discontinuedOperations": {}, "extraordinaryItems": {}, "effectOfAccountingCharges": {}, "otherItems": {}, "netIncome": 10853653, "netIncomeApplicableToCommonShares": 10853653}], "maxAge": 86400}, "fundOwnership": {"maxAge": 1, "ownershipList": []}, "summaryDetail": {"maxAge": 1, "priceHint": 2, "previousClose": 144.3, "open": 145.3, "dayLow": 143.0, "dayHigh": 146.2, "regularMarketPreviousClose": 144.3, "regularMarketOpen": 145.3, "regularMarketDayLow": 143.0, "regularMarketDayHigh": 146.2, "payoutRatio": 0.0, "trailingPE": 65.56967, "volume": 31024, "regularMarketVolume": 31024, "averageVolume": 0, "averageVolume10days": 0, "averageDailyVolume10Day": 0, "bid": 0.0, "ask": 0.0, "marketCap": 1462556160, "fiftyTwoWeekLow": 13.95, "fiftyTwoWeekHigh": 146.2, "priceToSalesTrailing12Months": 2.4299266, "fiftyDayAverage": 53.2, "twoHundredDayAverage": 53.2, "currency": "INR", "fromCurrency": null, "toCurrency": null, "lastMarket": null, "algorithm": null, "tradeable": false}, "incomeStatementHistoryQuarterly": {"incomeStatementHistory": [{"maxAge": 1, "endDate": "2020-12-31", "totalRevenue": 134255000, "costOfRevenue": 6306000, "grossProfit": 127949000, "researchDevelopment": {}, "sellingGeneralAdministrative": 56374000, "nonRecurring": {}, "otherOperatingExpenses": 44923000, "totalOperatingExpenses": 122773000, "operatingIncome": 11482000, "totalOtherIncomeExpenseNet": -4789000, "ebit": 11482000, "interestExpense": -4790000, "incomeBeforeTax": 6693000, "incomeTaxExpense": 1824000, "minorityInterest": {}, "netIncomeFromContinuingOps": 4869000, "discontinuedOperations": {}, "extraordinaryItems": {}, "effectOfAccountingCharges": {}, "otherItems": {}, "netIncome": 4869000, "netIncomeApplicableToCommonShares": 4869000}, {"maxAge": 1, "endDate": "2020-09-30", "totalRevenue": 162052500, "costOfRevenue": 11386934, "grossProfit": 150665566, "researchDevelopment": {}, "sellingGeneralAdministrative": 52128380, "nonRecurring": {}, "otherOperatingExpenses": 69252116, "totalOperatingExpenses": 146843516, "operatingIncome": 15208984, "totalOtherIncomeExpenseNet": -3999424, "ebit": 15208984, "interestExpense": -4358932, "incomeBeforeTax": 11209560, "incomeTaxExpense": 3090144, "minorityInterest": {}, "netIncomeFromContinuingOps": 8119416, "discontinuedOperations": {}, "extraordinaryItems": {}, "effectOfAccountingCharges": {}, "otherItems": {}, "netIncome": 8119416, "netIncomeApplicableToCommonShares": 8119416}, {"maxAge": 1, "endDate": "2020-06-30", "totalRevenue": 143687549, "costOfRevenue": 10291647, "grossProfit": 133395903, "researchDevelopment": {}, "sellingGeneralAdministrative": 46972354, "nonRecurring": {}, "otherOperatingExpenses": 55990449, "totalOperatingExpenses": 127614696, "operatingIncome": 16072853, "totalOtherIncomeExpenseNet": -5195115, "ebit": 16072853, "interestExpense": -5753383, "incomeBeforeTax": 10877739, "incomeTaxExpense": 3019644, "minorityInterest": {}, "netIncomeFromContinuingOps": 7858095, "discontinuedOperations": {}, "extraordinaryItems": {}, "effectOfAccountingCharges": {}, "otherItems": {}, "netIncome": 7858095, "netIncomeApplicableToCommonShares": 7858095}, {"maxAge": 1, "endDate": "2020-03-31", "totalRevenue": 183096617, "costOfRevenue": 22496933, "grossProfit": 160599685, "researchDevelopment": {}, "sellingGeneralAdministrative": 68649648, "nonRecurring": {}, "otherOperatingExpenses": 47790496, "totalOperatingExpenses": 155606546, "operatingIncome": 27490071, "totalOtherIncomeExpenseNet": -7358627, "ebit": 27490071, "interestExpense": -6155810, "incomeBeforeTax": 20131445, "incomeTaxExpense": 5660784, "minorityInterest": {}, "netIncomeFromContinuingOps": 14470660, "discontinuedOperations": {}, "extraordinaryItems": {}, "effectOfAccountingCharges": {}, "otherItems": {}, "netIncome": 14470660, "netIncomeApplicableToCommonShares": 14470660}], "maxAge": 86400}, "cashflowStatementHistoryQuarterly": {"cashflowStatements": [{"maxAge": 1, "endDate": "2020-12-31", "netIncome": 4869000, "changeToLiabilities": 0}, {"maxAge": 1, "endDate": "2020-09-30", "netIncome": 8119416, "depreciation": 14360247, "changeToNetincome": 3019645, "changeToAccountReceivables": 18855978, "changeToLiabilities": -2584493, "changeToOperatingActivities": -12951252, "totalCashFromOperatingActivities": 24937676, "capitalExpenditures": -5584126, "investments": -2595621, "totalCashflowsFromInvestingActivities": -8179747, "changeInCash": 16757929}, {"maxAge": 1, "endDate": "2020-06-30", "netIncome": 7858095, "depreciation": 14360247, "changeToNetincome": 3019645, "changeToAccountReceivables": 18855978, "changeToLiabilities": -2584493, "changeToOperatingActivities": -12951252, "totalCashFromOperatingActivities": 24937676, "capitalExpenditures": -5584126, "investments": -2595621, "totalCashflowsFromInvestingActivities": -8179747, "changeInCash": 16757929}, {"maxAge": 1, "endDate": "2020-03-31", "netIncome": 14470660, "depreciation": 16669387, "changeToNetincome": 411024, "changeToAccountReceivables": -22730209, "changeToLiabilities": 5079017, "changeToOperatingActivities": -23006158, "totalCashFromOperatingActivities": -9106194, "capitalExpenditures": -4293241, "investments": 518318, "totalCashflowsFromInvestingActivities": -3774922, "changeInCash": -12881117}], "maxAge": 86400}, "insiderHolders": {"holders": [], "maxAge": 1}, "calendarEvents": {"maxAge": 1, "earnings": {"earningsDate": []}}, "price": {"maxAge": 1, "regularMarketChangePercent": 0.0010394587, "regularMarketChange": 0.1499939, "regularMarketTime": "2021-04-30 15:27:50", "priceHint": 2, "regularMarketPrice": 144.45, "regularMarketDayHigh": 146.2, "regularMarketDayLow": 143.0, "regularMarketVolume": 31024, "averageDailyVolume10Day": 0, "averageDailyVolume3Month": 0, "regularMarketPreviousClose": 144.3, "regularMarketSource": "FREE_REALTIME", "regularMarketOpen": 145.3, "exchange": "NSI", "exchangeName": "NSE", "exchangeDataDelayedBy": 15, "marketState": "CLOSED", "quoteType": "EQUITY", "symbol": "AAKASH.NS", "underlyingSymbol": null, "shortName": "AAKASH EXPLORATION", "longName": "Aakash Exploration Services Limited", "currency": "INR", "quoteSourceName": "Delayed Quote", "currencySymbol": "\u20b9", "fromCurrency": null, "toCurrency": null, "lastMarket": null, "marketCap": 1462556160}, "balanceSheetHistory": {"balanceSheetStatements": [{"maxAge": 1, "endDate": "2020-03-31", "cash": 4964770, "netReceivables": 181502683, "otherCurrentAssets": 18625217, "totalCurrentAssets": 207751443, "longTermInvestments": 5900, "propertyPlantEquipment": 444414262, "intangibleAssets": 257, "otherAssets": 29841251, "totalAssets": 682013113, "accountsPayable": 26148861, "shortLongTermDebt": 63648478, "otherCurrentLiab": 25734330, "longTermDebt": 165484410, "otherLiab": 655910, "totalCurrentLiabilities": 140199478, "totalLiab": 306339798, "commonStock": 101250000, "retainedEarnings": 134632815, "capitalSurplus": 139790500, "totalStockholderEquity": 375673315, "netTangibleAssets": 375673058}, {"maxAge": 1, "endDate": "2019-03-31", "cash": 6051532, "netReceivables": 198394597, "otherCurrentAssets": 3009241, "totalCurrentAssets": 210887959, "longTermInvestments": 5900, "propertyPlantEquipment": 388125775, "intangibleAssets": 425, "otherAssets": 31858131, "deferredLongTermAssetCharges": 2607944, "totalAssets": 630878190, "accountsPayable": 15108679, "shortLongTermDebt": 40279099, "otherCurrentLiab": 1668418, "longTermDebt": 217327551, "otherLiab": -1, "totalCurrentLiabilities": 86507285, "totalLiab": 303834835, "commonStock": 67500000, "retainedEarnings": 119752855, "capitalSurplus": 139790500, "totalStockholderEquity": 327043355, "netTangibleAssets": 327042930}, {"maxAge": 1, "endDate": "2018-03-31", "cash": 9271143, "netReceivables": 187951852, "otherCurrentAssets": 38610067, "totalCurrentAssets": 236630165, "longTermInvestments": 5900, "propertyPlantEquipment": 179158469, "intangibleAssets": 701, "otherAssets": 30035742, "deferredLongTermAssetCharges": 7821779, "totalAssets": 445830977, "accountsPayable": 15711281, "shortLongTermDebt": 11669798, "otherCurrentLiab": 21613291, "longTermDebt": 162545004, "totalCurrentLiabilities": 90159523, "totalLiab": 252704527, "commonStock": 49500000, "retainedEarnings": 86635950, "capitalSurplus": 56990500, "totalStockholderEquity": 193126450, "netTangibleAssets": 193125749}, {"maxAge": 1, "endDate": "2017-03-31", "cash": 30396936, "netReceivables": 88559995, "otherCurrentAssets": 6414422, "totalCurrentAssets": 126120869, "longTermInvestments": 5900, "propertyPlantEquipment": 192121708, "intangibleAssets": 1157, "otherAssets": 19960379, "deferredLongTermAssetCharges": 8287858, "totalAssets": 338210013, "accountsPayable": 12382168, "shortLongTermDebt": 22038438, "otherCurrentLiab": 3851429, "longTermDebt": 95028865, "totalCurrentLiabilities": 73407746, "totalLiab": 168436611, "commonStock": 49500000, "retainedEarnings": 63282902, "capitalSurplus": 56990500, "totalStockholderEquity": 169773402, "netTangibleAssets": 169772245}], "maxAge": 86400}, "financialData": {"maxAge": 86400, "currentPrice": 144.45, "recommendationKey": "none", "ebitda": 119605064, "totalRevenue": 601893120, "debtToEquity": 54.635, "revenuePerShare": 49.036, "grossProfits": 601816207, "earningsGrowth": -0.593, "revenueGrowth": -0.267, "grossMargins": 0.91852, "ebitdaMargins": 0.19871001, "operatingMargins": 0.09594, "profitMargins": 0.04498, "financialCurrency": "INR"}}}