{"AANANDALAK.BO": {"cashflowStatementHistory": {"cashflowStatements": [{"maxAge": 1, "endDate": "2020-03-31", "netIncome": -6456000, "depreciation": 12357000, "changeToNetincome": 35374000, "changeToAccountReceivables": -8831000, "changeToLiabilities": -3579000, "changeToInventory": -2387000, "changeToOperatingActivities": -50870000, "totalCashFromOperatingActivities": -24392000, "otherCashflowsFromInvestingActivities": 23717000, "totalCashflowsFromInvestingActivities": 26142000, "netBorrowings": 17105000, "otherCashflowsFromFinancingActivities": -19121000, "totalCashFromFinancingActivities": -2016000, "changeInCash": -266000}, {"maxAge": 1, "endDate": "2019-03-31", "netIncome": -24029000, "depreciation": 12734000, "changeToNetincome": 4727000, "changeToAccountReceivables": -4835000, "changeToLiabilities": 693000, "changeToInventory": 6231000, "changeToOperatingActivities": 11514000, "totalCashFromOperatingActivities": 7035000, "capitalExpenditures": -37000, "otherCashflowsFromInvestingActivities": 23717000, "totalCashflowsFromInvestingActivities": 140000, "netBorrowings": 16887000, "otherCashflowsFromFinancingActivities": -666000, "totalCashFromFinancingActivities": 16221000, "changeInCash": 23397000}, {"maxAge": 1, "endDate": "2018-03-31", "netIncome": -43637000, "depreciation": 13001000, "changeToNetincome": 3170000, "changeToAccountReceivables": 3743000, "changeToLiabilities": -7744000, "changeToInventory": 10993000, "changeToOperatingActivities": 48560000, "totalCashFromOperatingActivities": 28086000, "capitalExpenditures": -37000, "otherCashflowsFromInvestingActivities": 1354000, "totalCashflowsFromInvestingActivities": 4687000, "netBorrowings": -11608000, "otherCashflowsFromFinancingActivities": -22068000, "totalCashFromFinancingActivities": -33676000, "changeInCash": -903000}, {"maxAge": 1, "endDate": "2017-03-31", "netIncome": -164103000, "depreciation": 13703000, "changeToNetincome": 54506000, "changeToAccountReceivables": -3218000, "changeToLiabilities": -53722000, "changeToInventory": 129681000, "changeToOperatingActivities": 48647000, "totalCashFromOperatingActivities": 25494000, "capitalExpenditures": -1747000, "otherCashflowsFromInvestingActivities": 1632000, "totalCashflowsFromInvestingActivities": 26704000, "netBorrowings": -15616000, "otherCashflowsFromFinancingActivities": -37320000, "totalCashFromFinancingActivities": -52936000, "changeInCash": -738000}], "maxAge": 86400}, "institutionOwnership": {"ownershipList": [], "maxAge": 1}, "balanceSheetHistoryQuarterly": {"balanceSheetStatements": [{"maxAge": 1, "endDate": "2020-06-30", "totalStockholderEquity": -244395000, "netTangibleAssets": -244408000}, {"maxAge": 1, "endDate": "2020-03-31", "cash": 232000, "netReceivables": 42041000, "inventory": 2904000, "otherCurrentAssets": 38178000, "totalCurrentAssets": 83355000, "propertyPlantEquipment": 180355000, "intangibleAssets": 13000, "totalAssets": 263723000, "accountsPayable": 38748000, "shortLongTermDebt": 14147000, "otherCurrentLiab": 97337000, "longTermDebt": 156592000, "otherLiab": 17757000, "totalCurrentLiabilities": 333769000, "totalLiab": 508118000, "commonStock": 34993000, "treasuryStock": -279388000, "otherStockholderEquity": -279388000, "totalStockholderEquity": -244395000, "netTangibleAssets": -244408000}, {"maxAge": 1, "endDate": "2019-12-31", "totalStockholderEquity": -255657000, "netTangibleAssets": -255670000}, {"maxAge": 1, "endDate": "2019-09-30", "cash": 43680000, "netReceivables": 39413000, "inventory": 3916000, "otherCurrentAssets": 32788000, "totalCurrentAssets": 119797000, "propertyPlantEquipment": 190956000, "intangibleAssets": 13000, "otherAssets": 25805000, "totalAssets": 336571000, "accountsPayable": 38205000, "shortLongTermDebt": 66973000, "otherCurrentLiab": 103110000, "longTermDebt": 213517000, "otherLiab": 15442000, "totalCurrentLiabilities": 363269000, "totalLiab": 592228000, "commonStock": 34993000, "treasuryStock": -290650000, "otherStockholderEquity": -290650000, "totalStockholderEquity": -255657000, "netTangibleAssets": -255670000}], "maxAge": 86400}, "indexTrend": {"maxAge": 1, "symbol": "SP5", "peRatio": 19.7411, "pegRatio": 1.34172, "estimates": [{"period": "0q", "growth": 0.549}, {"period": "+1q", "growth": 0.431}, {"period": "0y", "growth": 0.305}, {"period": "+1y", "growth": 0.109}, {"period": "+5y", "growth": 0.120859005}, {"period": "-5y"}]}, "insiderTransactions": {"transactions": [{"maxAge": 1, "shares": 1044636, "filerUrl": "", "transactionText": "", "filerName": "Agarwal (Devender Kumar)", "filerRelation": "Managing Director", "moneyText": "", "startDate": "2015-07-07", "ownership": "D"}, {"maxAge": 1, "shares": 522068, "filerUrl": "", "transactionText": "", "filerName": "Agarwal (Jeetender Kumar)", "filerRelation": "Director (Non-Executive)", "moneyText": "", "startDate": "2015-07-07", "ownership": "D"}, {"maxAge": 1, "shares": 522568, "filerUrl": "", "transactionText": "", "filerName": "Agarwal (Rajender Kumar)", "filerRelation": "Promoter", "moneyText": "", "startDate": "2015-07-07", "ownership": "D"}, {"maxAge": 1, "shares": 114951, "filerUrl": "", "transactionText": "", "filerName": "Agarwal (Rajender Kumar)", "filerRelation": "Promoter", "moneyText": "", "startDate": "2015-04-28", "ownership": "D"}, {"maxAge": 1, "shares": 114451, "filerUrl": "", "transactionText": "", "filerName": "Agarwal (Yamunadevi)", "filerRelation": "Promoter", "moneyText": "", "startDate": "2015-04-28", "ownership": "D"}, {"maxAge": 1, "shares": 87034, "filerUrl": "", "transactionText": "", "filerName": "Agarwal (Jeetender Kumar)", "filerRelation": "Director (Non-Executive)", "moneyText": "", "startDate": "2015-04-27", "ownership": "D"}, {"maxAge": 1, "shares": 87034, "filerUrl": "", "transactionText": "", "filerName": "Agarwal (Meenal)", "filerRelation": "Promoter", "moneyText": "", "startDate": "2015-04-27", "ownership": "D"}, {"maxAge": 1, "shares": 500, "filerUrl": "", "transactionText": "", "filerName": "Agarwal (Rishikesh)", "filerRelation": "Promoter", "moneyText": "", "startDate": "2015-04-27", "ownership": "D"}, {"maxAge": 1, "shares": 130, "filerUrl": "", "transactionText": "", "filerName": "Gupta (Sushma)", "filerRelation": "UNREPORTED", "moneyText": "", "startDate": "2015-03-31", "ownership": "D"}], "maxAge": 1}, "quoteType": {"exchange": "BSE", "quoteType": "EQUITY", "symbol": "AANANDALAK.BO", "underlyingSymbol": "AANANDALAK.BO", "shortName": "Aananda Lakshmi Spinning Mills", "longName": "Aananda Lakshmi Spinning Mills Limited", "firstTradeDateEpochUtc": "2015-04-20 09:15:00", "timeZoneFullName": "Asia/Kolkata", "timeZoneShortName": "IST", "uuid": "5b466c2f-b031-3d01-bde9-4992bcbaeb56", "gmtOffSetMilliseconds": 19800000, "maxAge": 1}, "incomeStatementHistory": {"incomeStatementHistory": [{"maxAge": 1, "endDate": "2020-03-31", "totalRevenue": 99394000, "costOfRevenue": 20898000, "grossProfit": 78496000, "researchDevelopment": {}, "sellingGeneralAdministrative": 37765000, "nonRecurring": {}, "otherOperatingExpenses": 64720000, "totalOperatingExpenses": 135740000, "operatingIncome": -36346000, "totalOtherIncomeExpenseNet": 29890000, "ebit": -36346000, "interestExpense": -24136000, "incomeBeforeTax": -6456000, "incomeTaxExpense": 0, "minorityInterest": {}, "netIncomeFromContinuingOps": -6456000, "discontinuedOperations": {}, "extraordinaryItems": {}, "effectOfAccountingCharges": {}, "otherItems": {}, "netIncome": -6456000, "netIncomeApplicableToCommonShares": -6456000}, {"maxAge": 1, "endDate": "2019-03-31", "totalRevenue": 30473000, "costOfRevenue": 1237000, "grossProfit": 29236000, "researchDevelopment": {}, "sellingGeneralAdministrative": 14402000, "nonRecurring": {}, "otherOperatingExpenses": 19604000, "totalOperatingExpenses": 47977000, "operatingIncome": -17504000, "totalOtherIncomeExpenseNet": -6525000, "ebit": -17504000, "interestExpense": -6505000, "incomeBeforeTax": -24029000, "incomeTaxExpense": 0, "minorityInterest": {}, "netIncomeFromContinuingOps": -24029000, "discontinuedOperations": {}, "extraordinaryItems": {}, "effectOfAccountingCharges": {}, "otherItems": {}, "netIncome": -24029000, "netIncomeApplicableToCommonShares": -24029000}, {"maxAge": 1, "endDate": "2018-03-31", "totalRevenue": 2693000, "costOfRevenue": 4409000, "grossProfit": -1716000, "researchDevelopment": {}, "sellingGeneralAdministrative": 14293000, "nonRecurring": {}, "otherOperatingExpenses": 16841000, "totalOperatingExpenses": 48544000, "operatingIncome": -45851000, "totalOtherIncomeExpenseNet": 2214000, "ebit": -45851000, "interestExpense": -5905000, "incomeBeforeTax": -43637000, "incomeTaxExpense": 0, "minorityInterest": {}, "netIncomeFromContinuingOps": -43637000, "discontinuedOperations": {}, "extraordinaryItems": {}, "effectOfAccountingCharges": {}, "otherItems": {}, "netIncome": -43637000, "netIncomeApplicableToCommonShares": -43637000}, {"maxAge": 1, "endDate": "2017-03-31", "totalRevenue": 379501000, "costOfRevenue": 311840000, "grossProfit": 67661000, "researchDevelopment": {}, "sellingGeneralAdministrative": 53992000, "nonRecurring": {}, "otherOperatingExpenses": 106632000, "totalOperatingExpenses": 486167000, "operatingIncome": -106666000, "totalOtherIncomeExpenseNet": -57437000, "ebit": -106666000, "interestExpense": -58030000, "incomeBeforeTax": -164103000, "incomeTaxExpense": 0, "minorityInterest": {}, "netIncomeFromContinuingOps": -164103000, "discontinuedOperations": {}, "extraordinaryItems": {}, "effectOfAccountingCharges": {}, "otherItems": {}, "netIncome": -164103000, "netIncomeApplicableToCommonShares": -164103000}], "maxAge": 86400}, "fundOwnership": {"ownershipList": [], "maxAge": 1}, "summaryDetail": {"maxAge": 1, "priceHint": 4, "previousClose": 4.9, "open": 5.0, "dayLow": 4.9, "dayHigh": 5.0, "regularMarketPreviousClose": 4.9, "regularMarketOpen": 5.0, "regularMarketDayLow": 4.9, "regularMarketDayHigh": 5.0, "volume": 8, "regularMarketVolume": 8, "bid": 0.0, "ask": 4.89, "fiftyTwoWeekLow": 4.9, "fiftyTwoWeekHigh": 5.0, "currency": "INR", "fromCurrency": null, "lastMarket": null, "algorithm": null, "tradeable": false}, "incomeStatementHistoryQuarterly": {"incomeStatementHistory": [{"maxAge": 1, "endDate": "2020-06-30", "totalRevenue": 2016000, "costOfRevenue": 0, "grossProfit": 2016000, "researchDevelopment": {}, "sellingGeneralAdministrative": 1940000, "nonRecurring": {}, "otherOperatingExpenses": 3260000, "totalOperatingExpenses": 7693000, "operatingIncome": -5677000, "totalOtherIncomeExpenseNet": 3872000, "ebit": -5677000, "interestExpense": -5366000, "incomeBeforeTax": -1805000, "incomeTaxExpense": 0, "minorityInterest": {}, "netIncomeFromContinuingOps": -1805000, "discontinuedOperations": {}, "extraordinaryItems": {}, "effectOfAccountingCharges": {}, "otherItems": {}, "netIncome": -1805000, "netIncomeApplicableToCommonShares": -1805000}, {"maxAge": 1, "endDate": "2020-03-31", "totalRevenue": 39382000, "costOfRevenue": 17451000, "grossProfit": 21931000, "researchDevelopment": {}, "sellingGeneralAdministrative": 10206000, "nonRecurring": {}, "otherOperatingExpenses": 16750000, "totalOperatingExpenses": 47213000, "operatingIncome": -7831000, "totalOtherIncomeExpenseNet": 6620000, "ebit": -7831000, "interestExpense": -23696000, "incomeBeforeTax": -1211000, "incomeTaxExpense": 0, "minorityInterest": {}, "netIncomeFromContinuingOps": -1211000, "discontinuedOperations": {}, "extraordinaryItems": {}, "effectOfAccountingCharges": {}, "otherItems": {}, "netIncome": -1211000, "netIncomeApplicableToCommonShares": -1211000}, {"maxAge": 1, "endDate": "2019-12-31", "totalRevenue": 14604000, "costOfRevenue": 1231000, "grossProfit": 13373000, "researchDevelopment": {}, "sellingGeneralAdministrative": 9489000, "nonRecurring": {}, "otherOperatingExpenses": 13087000, "totalOperatingExpenses": 26990000, "operatingIncome": -12386000, "totalOtherIncomeExpenseNet": 23415000, "ebit": -12386000, "interestExpense": -295000, "incomeBeforeTax": 11029000, "incomeTaxExpense": 0, "minorityInterest": {}, "netIncomeFromContinuingOps": 11029000, "discontinuedOperations": {}, "extraordinaryItems": {}, "effectOfAccountingCharges": {}, "otherItems": {}, "netIncome": 11029000, "netIncomeApplicableToCommonShares": 11029000}, {"maxAge": 1, "endDate": "2019-09-30", "totalRevenue": 21821000, "costOfRevenue": 227000, "grossProfit": 21594000, "researchDevelopment": {}, "sellingGeneralAdministrative": 9225000, "nonRecurring": {}, "otherOperatingExpenses": 21447000, "totalOperatingExpenses": 34083000, "operatingIncome": -12262000, "totalOtherIncomeExpenseNet": -79000, "ebit": -12262000, "interestExpense": -79000, "incomeBeforeTax": -12341000, "incomeTaxExpense": 0, "minorityInterest": {}, "netIncomeFromContinuingOps": -12341000, "discontinuedOperations": {}, "extraordinaryItems": {}, "effectOfAccountingCharges": {}, "otherItems": {}, "netIncome": -12341000, "netIncomeApplicableToCommonShares": -12341000}], "maxAge": 86400}, "cashflowStatementHistoryQuarterly": {"cashflowStatements": [{"maxAge": 1, "endDate": "2020-06-30", "netIncome": -1805000, "changeToLiabilities": 0}, {"maxAge": 1, "endDate": "2020-03-31", "netIncome": -1211000, "changeToLiabilities": 0}, {"maxAge": 1, "endDate": "2019-12-31", "netIncome": 11029000, "changeToLiabilities": 0}, {"maxAge": 1, "endDate": "2019-09-30", "netIncome": -12341000, "changeToLiabilities": 0}], "maxAge": 86400}, "insiderHolders": {"holders": [{"maxAge": 1, "name": "Agarwal (Devender Kumar)", "relation": "Managing Director", "url": "", "transactionDescription": "Purchase", "latestTransDate": "2015-07-07", "positionDirect": 1486088, "positionDirectDate": "2015-07-07"}, {"maxAge": 1, "name": "Agarwal (Jeetender Kumar)", "relation": "Director (Non-Executive)", "url": "", "transactionDescription": "Sale", "latestTransDate": "2015-07-07", "positionDirect": 0, "positionDirectDate": "2015-07-07"}, {"maxAge": 1, "name": "Agarwal (Meenal)", "relation": "Promoter", "url": "", "transactionDescription": "Sale", "latestTransDate": "2015-04-27", "positionDirect": 0, "positionDirectDate": "2015-04-27"}, {"maxAge": 1, "name": "Agarwal (Rajender Kumar)", "relation": "Promoter", "url": "", "transactionDescription": "Sale", "latestTransDate": "2015-07-07", "positionDirect": 0, "positionDirectDate": "2015-07-07"}, {"maxAge": 1, "name": "Agarwal (Rishikesh)", "relation": "Promoter", "url": "", "transactionDescription": "Sale", "latestTransDate": "2015-04-27", "positionDirect": 0, "positionDirectDate": "2015-04-27"}, {"maxAge": 1, "name": "Agarwal (Yamunadevi)", "relation": "Promoter", "url": "", "transactionDescription": "Sale", "latestTransDate": "2015-04-28", "positionDirect": 0, "positionDirectDate": "2015-04-28"}, {"maxAge": 1, "name": "Gupta (Sushma)", "relation": "UNREPORTED", "url": "", "transactionDescription": "Other", "latestTransDate": "2015-03-31", "positionDirect": 130, "positionDirectDate": "2015-03-31"}], "maxAge": 1}, "calendarEvents": {"maxAge": 1, "earnings": {"earningsDate": []}}, "upgradeDowngradeHistory": {"history": [], "maxAge": 86400}, "price": {"maxAge": 1, "regularMarketChangePercent": 0.0, "regularMarketChange": 0.0, "regularMarketTime": "2021-04-28 14:01:41", "priceHint": 4, "regularMarketPrice": 4.9, "regularMarketDayHigh": 5.0, "regularMarketDayLow": 4.9, "regularMarketVolume": 8, "regularMarketPreviousClose": 4.9, "regularMarketSource": "FREE_REALTIME", "regularMarketOpen": 5.0, "exchange": "BSE", "exchangeName": "BSE", "exchangeDataDelayedBy": 0, "marketState": "CLOSED", "quoteType": "EQUITY", "symbol": "AANANDALAK.BO", "underlyingSymbol": null, "shortName": "Aananda Lakshmi Spinning Mills", "longName": "Aananda Lakshmi Spinning Mills Limited", "currency": "INR", "quoteSourceName": "Delayed Quote", "currencySymbol": "\u20b9", "fromCurrency": null, "lastMarket": null}, "balanceSheetHistory": {"balanceSheetStatements": [{"maxAge": 1, "endDate": "2020-03-31", "cash": 232000, "netReceivables": 42041000, "inventory": 2904000, "otherCurrentAssets": 38178000, "totalCurrentAssets": 83355000, "propertyPlantEquipment": 180355000, "intangibleAssets": 13000, "totalAssets": 263723000, "accountsPayable": 38748000, "shortLongTermDebt": 14147000, "otherCurrentLiab": 97337000, "longTermDebt": 156592000, "otherLiab": 17757000, "totalCurrentLiabilities": 333769000, "totalLiab": 508118000, "commonStock": 34993000, "treasuryStock": -279388000, "otherStockholderEquity": -279388000, "totalStockholderEquity": -244395000, "netTangibleAssets": -244408000}, {"maxAge": 1, "endDate": "2019-03-31", "cash": 23803000, "shortTermInvestments": 347000, "netReceivables": 64005000, "inventory": 21132000, "otherCurrentAssets": 6840000, "totalCurrentAssets": 115798000, "propertyPlantEquipment": 197525000, "intangibleAssets": 13000, "otherAssets": 23646000, "totalAssets": 336982000, "accountsPayable": 40075000, "shortLongTermDebt": 66973000, "otherCurrentLiab": 77388000, "longTermDebt": 196746000, "otherLiab": 15532000, "totalCurrentLiabilities": 364087000, "totalLiab": 576365000, "commonStock": 34993000, "retainedEarnings": -428566000, "treasuryStock": 10351000, "capitalSurplus": 143839000, "otherStockholderEquity": 10351000, "totalStockholderEquity": -239383000, "netTangibleAssets": -239396000}, {"maxAge": 1, "endDate": "2018-03-31", "cash": 406000, "netReceivables": 58789000, "inventory": 25866000, "otherCurrentAssets": 6758000, "totalCurrentAssets": 91879000, "propertyPlantEquipment": 210372000, "intangibleAssets": 13000, "otherAssets": 21393000, "totalAssets": 323657000, "accountsPayable": 39385000, "shortLongTermDebt": 54988000, "otherCurrentLiab": 77135000, "longTermDebt": 176693000, "otherLiab": 14663000, "totalCurrentLiabilities": 351511000, "totalLiab": 542934000, "commonStock": 34993000, "retainedEarnings": -405455000, "treasuryStock": 7345000, "capitalSurplus": 143840000, "otherStockholderEquity": 7345000, "totalStockholderEquity": -219277000, "netTangibleAssets": -219290000}, {"maxAge": 1, "endDate": "2017-03-31", "cash": 1309000, "netReceivables": 64121000, "inventory": 42343000, "otherCurrentAssets": 6830000, "totalCurrentAssets": 115935000, "propertyPlantEquipment": 225967000, "intangibleAssets": 13000, "otherAssets": 21394000, "totalAssets": 363309000, "accountsPayable": 47224000, "shortLongTermDebt": 34680000, "otherCurrentLiab": 66127000, "longTermDebt": 173120000, "otherLiab": 15843000, "totalCurrentLiabilities": 350494000, "totalLiab": 539902000, "commonStock": 34993000, "retainedEarnings": -361819000, "treasuryStock": 6393000, "capitalSurplus": 143840000, "otherStockholderEquity": 6393000, "totalStockholderEquity": -176593000, "netTangibleAssets": -176606000}], "maxAge": 86400}, "financialData": {"maxAge": 86400, "currentPrice": 4.9, "recommendationKey": "none", "grossProfits": 78496000, "financialCurrency": null}}}