{"AANCHALISP.BO": {"cashflowStatementHistory": {"cashflowStatements": [{"maxAge": 1, "endDate": "2020-03-31", "netIncome": -83219000, "depreciation": 171368000, "changeToNetincome": 51523000, "changeToAccountReceivables": -100402000, "changeToLiabilities": -230965000, "changeToInventory": 171367000, "changeToOperatingActivities": 14806000, "totalCashFromOperatingActivities": -5522000, "capitalExpenditures": -4733000, "totalCashflowsFromInvestingActivities": -4733000, "netBorrowings": 163403000, "otherCashflowsFromFinancingActivities": -51523000, "totalCashFromFinancingActivities": 111880000, "changeInCash": 101625000}, {"maxAge": 1, "endDate": "2019-03-31", "netIncome": 27994605, "depreciation": 7493239, "changeToNetincome": 51162429, "changeToAccountReceivables": 100289992, "changeToLiabilities": -121176088, "changeToInventory": 65291384, "changeToOperatingActivities": -101287490, "totalCashFromOperatingActivities": 29768071, "capitalExpenditures": -8974961, "otherCashflowsFromInvestingActivities": 5364948, "totalCashflowsFromInvestingActivities": -3610013, "netBorrowings": 55355201, "otherCashflowsFromFinancingActivities": -56876377, "totalCashFromFinancingActivities": -1521176, "changeInCash": 24636882}, {"maxAge": 1, "endDate": "2018-03-31", "netIncome": 13271795, "depreciation": 7341175, "changeToNetincome": 43025164, "changeToAccountReceivables": -187237636, "changeToLiabilities": 136260765, "changeToInventory": -28735914, "changeToOperatingActivities": 65510989, "totalCashFromOperatingActivities": 49436338, "capitalExpenditures": -16661327, "otherCashflowsFromInvestingActivities": 5900505, "totalCashflowsFromInvestingActivities": -10760822, "netBorrowings": 10131114, "otherCashflowsFromFinancingActivities": -47295345, "totalCashFromFinancingActivities": -37164231, "changeInCash": 1511285}, {"maxAge": 1, "endDate": "2017-03-31", "netIncome": 12379157, "depreciation": 4861839, "changeToNetincome": 41655402, "changeToAccountReceivables": -97481324, "changeToLiabilities": -316388, "changeToInventory": 19324480, "changeToOperatingActivities": -32763021, "totalCashFromOperatingActivities": -52339855, "capitalExpenditures": -3961246, "otherCashflowsFromInvestingActivities": 5288854, "totalCashflowsFromInvestingActivities": 1327608, "netBorrowings": 116957043, "otherCashflowsFromFinancingActivities": -46631113, "totalCashFromFinancingActivities": 70325930, "changeInCash": 19313683}], "maxAge": 86400}, "institutionOwnership": {"ownershipList": [], "maxAge": 1}, "balanceSheetHistoryQuarterly": {"balanceSheetStatements": [{"maxAge": 1, "endDate": "2020-03-31", "cash": 26547000, "netReceivables": 774653000, "inventory": 143958000, "otherCurrentAssets": 75517000, "totalCurrentAssets": 1020675000, "longTermInvestments": 637000, "propertyPlantEquipment": 264133000, "otherAssets": 4573000, "totalAssets": 1290018000, "accountsPayable": 68498000, "otherCurrentLiab": 31953000, "longTermDebt": 6933000, "otherLiab": 11808000, "totalCurrentLiabilities": 711351000, "totalLiab": 730092000, "commonStock": 208538000, "treasuryStock": 351388000, "otherStockholderEquity": 351388000, "totalStockholderEquity": 559926000, "netTangibleAssets": 559926000}, {"maxAge": 1, "endDate": "2019-12-31", "cash": 1401000, "netReceivables": 826583000, "inventory": 263527000, "otherCurrentAssets": 55198000, "totalCurrentAssets": 1146709000, "propertyPlantEquipment": 265823000, "otherAssets": 5444000, "totalAssets": 1417976000, "accountsPayable": 211345000, "otherCurrentLiab": 27069000, "longTermDebt": 7035000, "otherLiab": 12554000, "totalCurrentLiabilities": 795811000, "totalLiab": 815400000, "commonStock": 208537000, "treasuryStock": 394039000, "otherStockholderEquity": 394039000, "totalStockholderEquity": 602576000, "netTangibleAssets": 602576000}, {"maxAge": 1, "endDate": "2019-09-30", "cash": 2545000, "netReceivables": 720538000, "inventory": 226317000, "otherCurrentAssets": 54293000, "totalCurrentAssets": 1003693000, "propertyPlantEquipment": 267632000, "otherAssets": 5452000, "totalAssets": 1276777000, "accountsPayable": 138725000, "otherCurrentLiab": 26536000, "longTermDebt": 10550000, "otherLiab": 12554000, "totalCurrentLiabilities": 637448000, "totalLiab": 660552000, "commonStock": 208537000, "treasuryStock": 407688000, "otherStockholderEquity": 407688000, "totalStockholderEquity": 616225000, "netTangibleAssets": 616225000}, {"maxAge": 1, "endDate": "2019-06-30", "cash": 16099000, "netReceivables": 741993000, "inventory": 255406000, "otherCurrentAssets": 57119000, "totalCurrentAssets": 1070617000, "propertyPlantEquipment": 266944000, "otherAssets": 5663000, "totalAssets": 1343224000, "accountsPayable": 197386000, "otherCurrentLiab": 21256000, "longTermDebt": 9651000, "otherLiab": 12880000, "totalCurrentLiabilities": 682171000, "totalLiab": 704702000, "commonStock": 208537000, "treasuryStock": 429985000, "otherStockholderEquity": 429985000, "totalStockholderEquity": 638522000, "netTangibleAssets": 638522000}], "maxAge": 86400}, "indexTrend": {"maxAge": 1, "symbol": "SP5", "peRatio": 19.7411, "pegRatio": 1.34172, "estimates": [{"period": "0q", "growth": 0.549}, {"period": "+1q", "growth": 0.431}, {"period": "0y", "growth": 0.305}, {"period": "+1y", "growth": 0.109}, {"period": "+5y", "growth": 0.120859005}, {"period": "-5y"}]}, "insiderTransactions": {"transactions": [{"maxAge": 1, "shares": 7500, "filerUrl": "", "transactionText": "", "filerName": "Aanchal Cement, Ltd.", "filerRelation": "Promoter", "moneyText": "", "startDate": "2018-09-30", "ownership": "D"}, {"maxAge": 1, "shares": 48500, "filerUrl": "", "transactionText": "", "filerName": "Aanchal Cement, Ltd.", "filerRelation": "Promoter", "moneyText": "", "startDate": "2018-09-21", "ownership": "D"}, {"maxAge": 1, "shares": 143880, "filerUrl": "", "transactionText": "", "filerName": "Aanchal Cement, Ltd.", "filerRelation": "Promoter", "moneyText": "", "startDate": "2018-09-14", "ownership": "D"}, {"maxAge": 1, "shares": 135600, "filerUrl": "", "transactionText": "", "filerName": "Aanchal Cement, Ltd.", "filerRelation": "Promoter", "moneyText": "", "startDate": "2017-11-29", "ownership": "D"}, {"maxAge": 1, "shares": 100843, "filerUrl": "", "transactionText": "", "filerName": "Aanchal Cement, Ltd.", "filerRelation": "Promoter", "moneyText": "", "startDate": "2017-09-30", "ownership": "D"}, {"maxAge": 1, "shares": 4281, "filerUrl": "", "transactionText": "", "filerName": "Aanchal Cement, Ltd.", "filerRelation": "Promoter", "moneyText": "", "startDate": "2017-08-31", "ownership": "D"}, {"maxAge": 1, "shares": 54341, "filerUrl": "", "transactionText": "", "filerName": "Aanchal Cement, Ltd.", "filerRelation": "Promoter", "moneyText": "", "startDate": "2017-07-31", "ownership": "D"}, {"maxAge": 1, "shares": 43009, "filerUrl": "", "transactionText": "", "filerName": "Aanchal Cement, Ltd.", "filerRelation": "Promoter", "moneyText": "", "startDate": "2017-06-30", "ownership": "D"}, {"maxAge": 1, "shares": 156000, "filerUrl": "", "transactionText": "", "filerName": "Aanchal Cement, Ltd.", "filerRelation": "Promoter", "moneyText": "", "startDate": "2017-04-30", "ownership": "D"}], "maxAge": 1}, "quoteType": {"exchange": "BSE", "quoteType": "EQUITY", "symbol": "AANCHALISP.BO", "underlyingSymbol": "AANCHALISP.BO", "shortName": "Aanchal Ispat Limited", "longName": "Aanchal Ispat Limited", "firstTradeDateEpochUtc": "2014-12-10 09:15:00", "timeZoneFullName": "Asia/Kolkata", "timeZoneShortName": "IST", "uuid": "21535c87-525f-36f5-acdd-056ae4630c85", "gmtOffSetMilliseconds": 19800000, "maxAge": 1}, "incomeStatementHistory": {"incomeStatementHistory": [{"maxAge": 1, "endDate": "2020-03-31", "totalRevenue": 1704276000, "costOfRevenue": 1547578000, "grossProfit": 156698000, "researchDevelopment": {}, "sellingGeneralAdministrative": 17540000, "nonRecurring": {}, "otherOperatingExpenses": 181515000, "totalOperatingExpenses": 1754020000, "operatingIncome": -49744000, "totalOtherIncomeExpenseNet": -33475000, "ebit": -49744000, "interestExpense": -51523000, "incomeBeforeTax": -83219000, "incomeTaxExpense": 0, "minorityInterest": {}, "netIncomeFromContinuingOps": -83219000, "discontinuedOperations": {}, "extraordinaryItems": {}, "effectOfAccountingCharges": {}, "otherItems": {}, "netIncome": -83219000, "netIncomeApplicableToCommonShares": -83219000}, {"maxAge": 1, "endDate": "2019-03-31", "totalRevenue": 3529923869, "costOfRevenue": 3277114421, "grossProfit": 252809448, "researchDevelopment": {}, "sellingGeneralAdministrative": 19359161, "nonRecurring": {}, "otherOperatingExpenses": 128597750, "totalOperatingExpenses": 3432564571, "operatingIncome": 97359298, "totalOtherIncomeExpenseNet": -54704693, "ebit": 97359298, "interestExpense": -50970881, "incomeBeforeTax": 42654605, "incomeTaxExpense": 14660000, "minorityInterest": {}, "netIncomeFromContinuingOps": 27994605, "discontinuedOperations": {}, "extraordinaryItems": {}, "effectOfAccountingCharges": {}, "otherItems": {}, "netIncome": 27994605, "netIncomeApplicableToCommonShares": 27994605}, {"maxAge": 1, "endDate": "2018-03-31", "totalRevenue": 3845131046, "costOfRevenue": 3585288796, "grossProfit": 259842250, "researchDevelopment": {}, "sellingGeneralAdministrative": 17588265, "nonRecurring": {}, "otherOperatingExpenses": 169776126, "totalOperatingExpenses": 3779994362, "operatingIncome": 65136684, "totalOtherIncomeExpenseNet": -42848755, "ebit": 65136684, "interestExpense": -47985235, "incomeBeforeTax": 22287929, "incomeTaxExpense": 9016134, "minorityInterest": {}, "netIncomeFromContinuingOps": 13271795, "discontinuedOperations": {}, "extraordinaryItems": {}, "effectOfAccountingCharges": {}, "otherItems": {}, "netIncome": 13271795, "netIncomeApplicableToCommonShares": 13271795}, {"maxAge": 1, "endDate": "2017-03-31", "totalRevenue": 2794795015, "costOfRevenue": 2600325030, "grossProfit": 194469985, "researchDevelopment": {}, "sellingGeneralAdministrative": 11501899, "nonRecurring": {}, "otherOperatingExpenses": 115048434, "totalOperatingExpenses": 2732618140, "operatingIncome": 62176875, "totalOtherIncomeExpenseNet": -41962185, "ebit": 62176875, "interestExpense": -47251039, "incomeBeforeTax": 20214690, "incomeTaxExpense": 7835533, "minorityInterest": {}, "netIncomeFromContinuingOps": 12379157, "discontinuedOperations": {}, "extraordinaryItems": {}, "effectOfAccountingCharges": {}, "otherItems": {}, "netIncome": 12379157, "netIncomeApplicableToCommonShares": 12379157}], "maxAge": 86400}, "fundOwnership": {"ownershipList": [], "maxAge": 1}, "summaryDetail": {"maxAge": 1, "priceHint": 2, "previousClose": 5.62, "open": 5.72, "dayLow": 5.34, "dayHigh": 5.88, "regularMarketPreviousClose": 5.62, "regularMarketOpen": 5.72, "regularMarketDayLow": 5.34, "regularMarketDayHigh": 5.88, "volume": 7861, "regularMarketVolume": 7861, "averageVolume": 15550, "averageVolume10days": 7611, "averageDailyVolume10Day": 7611, "bid": 5.35, "ask": 5.6, "bidSize": 0, "askSize": 0, "marketCap": 111567832, "fiftyTwoWeekLow": 3.77, "fiftyTwoWeekHigh": 14.98, "fiftyDayAverage": 5.8045454, "twoHundredDayAverage": 5.06, "currency": "INR", "fromCurrency": null, "lastMarket": null, "algorithm": null, "tradeable": false}, "incomeStatementHistoryQuarterly": {"incomeStatementHistory": [{"maxAge": 1, "endDate": "2020-03-31", "totalRevenue": 330950000, "costOfRevenue": 331950000, "grossProfit": -1000000, "researchDevelopment": {}, "sellingGeneralAdministrative": 3734000, "nonRecurring": {}, "otherOperatingExpenses": 25913000, "totalOperatingExpenses": 365005000, "operatingIncome": -34055000, "totalOtherIncomeExpenseNet": -9805000, "ebit": -34055000, "interestExpense": -10238000, "incomeBeforeTax": -43860000, "incomeTaxExpense": 0, "minorityInterest": {}, "netIncomeFromContinuingOps": -43860000, "discontinuedOperations": {}, "extraordinaryItems": {}, "effectOfAccountingCharges": {}, "otherItems": {}, "netIncome": -43860000, "netIncomeApplicableToCommonShares": -43860000}, {"maxAge": 1, "endDate": "2019-12-31", "totalRevenue": 310926000, "costOfRevenue": 265374000, "grossProfit": 45552000, "researchDevelopment": {}, "sellingGeneralAdministrative": 4411000, "nonRecurring": {}, "otherOperatingExpenses": 39569000, "totalOperatingExpenses": 311821000, "operatingIncome": -895000, "totalOtherIncomeExpenseNet": -12768000, "ebit": -895000, "interestExpense": -13473000, "incomeBeforeTax": -13663000, "incomeTaxExpense": 0, "minorityInterest": {}, "netIncomeFromContinuingOps": -13663000, "discontinuedOperations": {}, "extraordinaryItems": {}, "effectOfAccountingCharges": {}, "otherItems": {}, "netIncome": -13663000, "netIncomeApplicableToCommonShares": -13663000}, {"maxAge": 1, "endDate": "2019-09-30", "totalRevenue": 439119000, "costOfRevenue": 396535000, "grossProfit": 42584000, "researchDevelopment": {}, "sellingGeneralAdministrative": 4306000, "nonRecurring": {}, "otherOperatingExpenses": 50704000, "totalOperatingExpenses": 453919000, "operatingIncome": -14800000, "totalOtherIncomeExpenseNet": -7820000, "ebit": -14800000, "interestExpense": -14648000, "incomeBeforeTax": -22620000, "incomeTaxExpense": 0, "minorityInterest": {}, "netIncomeFromContinuingOps": -22620000, "discontinuedOperations": {}, "extraordinaryItems": {}, "effectOfAccountingCharges": {}, "otherItems": {}, "netIncome": -22620000, "netIncomeApplicableToCommonShares": -22620000}, {"maxAge": 1, "endDate": "2019-06-30", "totalRevenue": 624577000, "costOfRevenue": 561208000, "grossProfit": 63369000, "researchDevelopment": {}, "sellingGeneralAdministrative": 4288000, "nonRecurring": {}, "otherOperatingExpenses": 60348000, "totalOperatingExpenses": 627994000, "operatingIncome": -3417000, "totalOtherIncomeExpenseNet": -1943000, "ebit": -3417000, "interestExpense": -12227000, "incomeBeforeTax": -5360000, "incomeTaxExpense": 325000, "minorityInterest": {}, "netIncomeFromContinuingOps": -5685000, "discontinuedOperations": {}, "extraordinaryItems": {}, "effectOfAccountingCharges": {}, "otherItems": {}, "netIncome": -5685000, "netIncomeApplicableToCommonShares": -5685000}], "maxAge": 86400}, "cashflowStatementHistoryQuarterly": {"cashflowStatements": [{"maxAge": 1, "endDate": "2020-03-31", "netIncome": -43860000, "changeToLiabilities": 0}, {"maxAge": 1, "endDate": "2019-12-31", "netIncome": -13663000, "changeToLiabilities": 0}, {"maxAge": 1, "endDate": "2019-09-30", "netIncome": -22620000, "changeToLiabilities": 0}, {"maxAge": 1, "endDate": "2019-06-30", "netIncome": -5685000, "changeToLiabilities": 0}], "maxAge": 86400}, "insiderHolders": {"holders": [{"maxAge": 1, "name": "Aanchal Cement, Ltd.", "relation": "Promoter", "url": "", "transactionDescription": "Acquisition", "latestTransDate": "2018-09-30", "positionDirect": 873954, "positionDirectDate": "2018-09-30"}], "maxAge": 1}, "calendarEvents": {"maxAge": 1, "earnings": {"earningsDate": []}}, "upgradeDowngradeHistory": {"history": [], "maxAge": 86400}, "price": {"maxAge": 1, "regularMarketChangePercent": -0.048042703, "regularMarketChange": -0.26999998, "regularMarketTime": "2021-04-30 14:38:55", "priceHint": 2, "regularMarketPrice": 5.35, "regularMarketDayHigh": 5.88, "regularMarketDayLow": 5.34, "regularMarketVolume": 7861, "averageDailyVolume10Day": 7611, "averageDailyVolume3Month": 15550, "regularMarketPreviousClose": 5.62, "regularMarketSource": "FREE_REALTIME", "regularMarketOpen": 5.72, "exchange": "BSE", "exchangeName": "BSE", "exchangeDataDelayedBy": 0, "marketState": "CLOSED", "quoteType": "EQUITY", "symbol": "AANCHALISP.BO", "underlyingSymbol": null, "shortName": "Aanchal Ispat Limited", "longName": "Aanchal Ispat Limited", "currency": "INR", "quoteSourceName": "Delayed Quote", "currencySymbol": "\u20b9", "fromCurrency": null, "lastMarket": null, "marketCap": 111567832}, "balanceSheetHistory": {"balanceSheetStatements": [{"maxAge": 1, "endDate": "2020-03-31", "cash": 26547000, "netReceivables": 774653000, "inventory": 143958000, "otherCurrentAssets": 75517000, "totalCurrentAssets": 1020675000, "longTermInvestments": 637000, "propertyPlantEquipment": 264133000, "otherAssets": 4573000, "totalAssets": 1290018000, "accountsPayable": 68498000, "otherCurrentLiab": 31953000, "longTermDebt": 6933000, "otherLiab": 11808000, "totalCurrentLiabilities": 711351000, "totalLiab": 730092000, "commonStock": 208538000, "treasuryStock": 351388000, "otherStockholderEquity": 351388000, "totalStockholderEquity": 559926000, "netTangibleAssets": 559926000}, {"maxAge": 1, "endDate": "2019-03-31", "cash": 21783583, "shortTermInvestments": 67124334, "netReceivables": 712746283, "inventory": 315326095, "otherCurrentAssets": 54902928, "totalCurrentAssets": 1171883223, "longTermInvestments": 636600, "propertyPlantEquipment": 268184445, "otherAssets": 4573044, "totalAssets": 1445277312, "accountsPayable": 299464251, "otherCurrentLiab": 34569388, "longTermDebt": 9698746, "otherLiab": 12555016, "totalCurrentLiabilities": 778817242, "totalLiab": 801071004, "commonStock": 208537500, "retainedEarnings": 102737605, "treasuryStock": 187063703, "capitalSurplus": 145867500, "otherStockholderEquity": 187063703, "totalStockholderEquity": 644206308, "netTangibleAssets": 644206308}, {"maxAge": 1, "endDate": "2018-03-31", "cash": 1798099, "shortTermInvestments": 62472936, "netReceivables": 793158265, "inventory": 380617479, "otherCurrentAssets": 7358689, "totalCurrentAssets": 1245405468, "longTermInvestments": 17578533, "propertyPlantEquipment": 268144975, "otherAssets": 4573044, "totalAssets": 1535702020, "accountsPayable": 420640339, "shortLongTermDebt": 941739, "otherCurrentLiab": 85158514, "longTermDebt": 42438659, "otherLiab": 12920138, "totalCurrentLiabilities": 863429261, "totalLiab": 918788058, "commonStock": 208537500, "retainedEarnings": 74743000, "treasuryStock": 187765962, "capitalSurplus": 145867500, "otherStockholderEquity": 187765962, "totalStockholderEquity": 616913962, "netTangibleAssets": 616913962}, {"maxAge": 1, "endDate": "2017-03-31", "cash": 1157978, "shortTermInvestments": 61601773, "netReceivables": 609484989, "inventory": 351881565, "otherCurrentAssets": 41292970, "totalCurrentAssets": 1065419275, "longTermInvestments": 7165444, "propertyPlantEquipment": 258824822, "otherAssets": 4573044, "totalAssets": 1335982585, "accountsPayable": 284379574, "shortLongTermDebt": 3059544, "otherCurrentLiab": 27194386, "longTermDebt": 25251770, "otherLiab": 10778300, "totalCurrentLiabilities": 696103986, "totalLiab": 732134056, "commonStock": 208537500, "retainedEarnings": 60054648, "treasuryStock": 189388881, "capitalSurplus": 145867500, "otherStockholderEquity": 189388881, "totalStockholderEquity": 603848529, "netTangibleAssets": 603848529}], "maxAge": 86400}, "financialData": {"maxAge": 86400, "currentPrice": 5.35, "recommendationKey": "none", "grossProfits": 156698000, "financialCurrency": "INR"}}}