{"AARON.NS": {"assetProfile": {"address1": "B-65 & 66, Jawahar Road No. 4", "address2": "Udhyog Nagar Udhana", "city": "Surat", "zip": "394210", "country": "India", "phone": "91 26 1227 8410", "website": "http://aaronindustries.net", "industry": "Specialty Industrial Machinery", "sector": "Industrials", "longBusinessSummary": "Aaron Industries Limited engages in manufacturing and trading of elevator products and other elevator parts for elevator industry in India. It offers various elevator products and parts, including elevators, elevator cabins, elevator doors, elevator kits, and complete kits, as well as auto door systems, door operators, swing doors, manual doors, and gearless machines. The company also provides electrical equipment and accessories, such as bus bars, MCB D.B., boxes, switch and accessories, and z perline. In addition, it engages in polishing, processing, designing, and finishing of stainless steel sheets, PVD coated colored sheets, and designer sheets for food storage, architectural and construction, appliances, and other sectors. Further, the company trades in traction machine, elevators kit parts, boom barriers, sensors, and other products. Aaron Industries Limited was founded in 2013 and is based in Surat, India.", "fullTimeEmployees": 85, "companyOfficers": [{"maxAge": 1, "name": "Mr. Amar Chinubhai Doshi", "title": "Chairman & MD", "fiscalYear": 2020, "totalPay": 2640000, "exercisedValue": 0, "unexercisedValue": 0}, {"maxAge": 1, "name": "Mr. Monish Amarbhai Doshi", "age": 31, "title": "CFO & Director", "yearBorn": 1989, "fiscalYear": 2020, "totalPay": 2280000, "exercisedValue": 0, "unexercisedValue": 0}, {"maxAge": 1, "name": "Mr. Karan Amar Doshi", "age": 31, "title": "Whole Time Director", "yearBorn": 1989, "fiscalYear": 2020, "totalPay": 2280000, "exercisedValue": 0, "unexercisedValue": 0}, {"maxAge": 1, "name": "Mr. Nitinkumar  Maniya", "title": "Company Sec. & Compliance Officer", "exercisedValue": 0, "unexercisedValue": 0}], "compensationAsOfEpochDate": "2020-12-31 05:30:00", "maxAge": 86400}, "cashflowStatementHistory": {"cashflowStatements": [{"maxAge": 1, "endDate": "2020-03-31", "netIncome": 14243020, "depreciation": 5445859, "changeToNetincome": 1436757, "changeToAccountReceivables": -6673577, "changeToLiabilities": -560981, "changeToInventory": -9703280, "changeToOperatingActivities": 9639031, "totalCashFromOperatingActivities": 13921629, "capitalExpenditures": -14985427, "investments": -1806825, "otherCashflowsFromInvestingActivities": 1095422, "totalCashflowsFromInvestingActivities": -15012308, "netBorrowings": -1334447, "otherCashflowsFromFinancingActivities": 35045, "totalCashFromFinancingActivities": -1299402, "changeInCash": -2390079}, {"maxAge": 1, "endDate": "2019-03-31", "netIncome": 10589073, "depreciation": 2022918, "changeToNetincome": 1560239, "changeToAccountReceivables": -2845732, "changeToLiabilities": -2295845, "changeToInventory": -12844940, "changeToOperatingActivities": 2345343, "totalCashFromOperatingActivities": -1468949, "capitalExpenditures": -74606676, "investments": -410984, "otherCashflowsFromInvestingActivities": 344018, "totalCashflowsFromInvestingActivities": -77130992, "netBorrowings": 34587293, "otherCashflowsFromFinancingActivities": 18742090, "totalCashFromFinancingActivities": 82353293, "changeInCash": 3753354, "issuanceOfStock": 29023910}, {"maxAge": 1, "endDate": "2018-03-31", "netIncome": 9305353, "depreciation": 1004670, "changeToNetincome": 218810, "changeToAccountReceivables": -8630205, "changeToLiabilities": 12204350, "changeToInventory": -18155080, "changeToOperatingActivities": -645254, "totalCashFromOperatingActivities": -4697361, "capitalExpenditures": -14271023, "investments": -410984, "otherCashflowsFromInvestingActivities": 218306, "totalCashflowsFromInvestingActivities": -15120051, "netBorrowings": -3438298, "otherCashflowsFromFinancingActivities": 6230580, "totalCashFromFinancingActivities": 19713172, "changeInCash": -104241, "issuanceOfStock": 16920890}, {"maxAge": 1, "endDate": "2017-03-31", "netIncome": 494000, "depreciation": 127000, "changeToNetincome": 4000, "changeToAccountReceivables": 611000, "changeToLiabilities": 33000, "changeToInventory": -3099000, "changeToOperatingActivities": 1266000, "totalCashFromOperatingActivities": -564000, "capitalExpenditures": -370000, "investments": -410984, "otherCashflowsFromInvestingActivities": 32000, "totalCashflowsFromInvestingActivities": -338000, "netBorrowings": 239000, "otherCashflowsFromFinancingActivities": 6230580, "totalCashFromFinancingActivities": 261000, "changeInCash": -641000, "issuanceOfStock": 22000}], "maxAge": 86400}, "institutionOwnership": {"maxAge": 1, "ownershipList": []}, "majorHoldersBreakdown": {"maxAge": 1}, "balanceSheetHistoryQuarterly": {"balanceSheetStatements": [{"maxAge": 1, "endDate": "2020-12-31", "totalStockholderEquity": 108426041, "netTangibleAssets": 108223674}, {"maxAge": 1, "endDate": "2020-09-30", "cash": 130929, "netReceivables": 28726453, "inventory": 62054437, "otherCurrentAssets": 11939407, "totalCurrentAssets": 102851226, "longTermInvestments": 2560030, "propertyPlantEquipment": 104564989, "intangibleAssets": 202367, "otherAssets": 2302274, "totalAssets": 212480886, "accountsPayable": 12794125, "otherCurrentLiab": 10474516, "longTermDebt": 58736275, "otherLiab": 5383092, "totalCurrentLiabilities": 39935479, "totalLiab": 104054846, "commonStock": 100439390, "treasuryStock": 7986651, "otherStockholderEquity": 7986651, "totalStockholderEquity": 108426041, "netTangibleAssets": 108223674}, {"maxAge": 1, "endDate": "2020-06-30", "cash": 130929, "netReceivables": 28726453, "inventory": 62054437, "otherCurrentAssets": 11939407, "totalCurrentAssets": 102851226, "longTermInvestments": 2560030, "propertyPlantEquipment": 104564989, "intangibleAssets": 202367, "otherAssets": 2302274, "totalAssets": 212480886, "accountsPayable": 12794125, "otherCurrentLiab": 10474516, "longTermDebt": 58736275, "otherLiab": 5383092, "totalCurrentLiabilities": 39935479, "totalLiab": 104054846, "commonStock": 100439390, "treasuryStock": 7986651, "otherStockholderEquity": 7986651, "totalStockholderEquity": 108426041, "netTangibleAssets": 108223674}, {"maxAge": 1, "endDate": "2019-12-31"}], "maxAge": 86400}, "indexTrend": {"maxAge": 1, "symbol": "SP5", "peRatio": 19.7411, "pegRatio": 1.34172, "estimates": [{"period": "0q", "growth": 0.549}, {"period": "+1q", "growth": 0.431}, {"period": "0y", "growth": 0.305}, {"period": "+1y", "growth": 0.109}, {"period": "+5y", "growth": 0.120865}, {"period": "-5y"}]}, "defaultKeyStatistics": {"maxAge": 1, "priceHint": 2, "enterpriseValue": 594219520, "profitMargins": 0.064780004, "floatShares": 1290661, "beta": 1.377437, "category": null, "bookValue": 10.926, "priceToBook": 4.7089515, "fundFamily": null, "legalType": null, "lastFiscalYearEnd": "2020-03-31 05:30:00", "nextFiscalYearEnd": "2022-03-31 05:30:00", "mostRecentQuarter": "2020-12-31 05:30:00", "earningsQuarterlyGrowth": 1.1, "netIncomeToCommon": 15505020, "trailingEps": 1.55, "lastSplitFactor": "21:11", "lastSplitDate": "2020-09-03 05:30:00", "enterpriseToRevenue": 2.483, "enterpriseToEbitda": 17.781, "52WeekChange": 0.3059703, "SandP52WeekChange": 0.48148263, "lastDividendValue": 0.314286, "lastDividendDate": 1597190400}, "summaryProfile": {"address1": "B-65 & 66, Jawahar Road No. 4", "address2": "Udhyog Nagar Udhana", "city": "Surat", "zip": "394210", "country": "India", "phone": "91 26 1227 8410", "website": "http://aaronindustries.net", "industry": "Specialty Industrial Machinery", "sector": "Industrials", "longBusinessSummary": "Aaron Industries Limited engages in manufacturing and trading of elevator products and other elevator parts for elevator industry in India. It offers various elevator products and parts, including elevators, elevator cabins, elevator doors, elevator kits, and complete kits, as well as auto door systems, door operators, swing doors, manual doors, and gearless machines. The company also provides electrical equipment and accessories, such as bus bars, MCB D.B., boxes, switch and accessories, and z perline. In addition, it engages in polishing, processing, designing, and finishing of stainless steel sheets, PVD coated colored sheets, and designer sheets for food storage, architectural and construction, appliances, and other sectors. Further, the company trades in traction machine, elevators kit parts, boom barriers, sensors, and other products. Aaron Industries Limited was founded in 2013 and is based in Surat, India.", "fullTimeEmployees": 85, "companyOfficers": [], "maxAge": 86400}, "netSharePurchaseActivity": {"maxAge": 1, "period": "6m", "buyInfoCount": 0, "buyInfoShares": 0, "sellInfoCount": 0, "netInfoCount": 0, "netInfoShares": 0, "totalInsiderShares": 0}, "quoteType": {"exchange": "NSI", "quoteType": "EQUITY", "symbol": "AARON.NS", "underlyingSymbol": "AARON.NS", "shortName": "Aaron Industries Limited", "longName": "Aaron Industries Limited", "firstTradeDateEpochUtc": "2018-09-18 09:15:00", "timeZoneFullName": "Asia/Kolkata", "timeZoneShortName": "IST", "uuid": "243e8f99-671d-37d5-8759-aab74718b695", "messageBoardId": "finmb_557443575", "gmtOffSetMilliseconds": 19800000, "maxAge": 1}, "incomeStatementHistory": {"incomeStatementHistory": [{"maxAge": 1, "endDate": "2020-03-31", "totalRevenue": 214041689, "costOfRevenue": 139548252, "grossProfit": 74493437, "researchDevelopment": {}, "sellingGeneralAdministrative": 24894904, "nonRecurring": {}, "otherOperatingExpenses": 18227209, "totalOperatingExpenses": 188211027, "operatingIncome": 25830662, "totalOtherIncomeExpenseNet": -5694303, "ebit": 25830662, "interestExpense": -5422428, "incomeBeforeTax": 20136359, "incomeTaxExpense": 5893339, "minorityInterest": {}, "netIncomeFromContinuingOps": 14243020, "discontinuedOperations": {}, "extraordinaryItems": {}, "effectOfAccountingCharges": {}, "otherItems": {}, "netIncome": 14243020, "netIncomeApplicableToCommonShares": 14243020}, {"maxAge": 1, "endDate": "2019-03-31", "totalRevenue": 175532426, "costOfRevenue": 112806695, "grossProfit": 62725731, "researchDevelopment": {}, "sellingGeneralAdministrative": 25110832, "nonRecurring": {}, "otherOperatingExpenses": 17173925, "totalOperatingExpenses": 157114370, "operatingIncome": 18418056, "totalOtherIncomeExpenseNet": -2686001, "ebit": 18418056, "interestExpense": -2077048, "incomeBeforeTax": 15732055, "incomeTaxExpense": 5142982, "minorityInterest": {}, "netIncomeFromContinuingOps": 10589073, "discontinuedOperations": {}, "extraordinaryItems": {}, "effectOfAccountingCharges": {}, "otherItems": {}, "netIncome": 10589073, "netIncomeApplicableToCommonShares": 10589073}, {"maxAge": 1, "endDate": "2018-03-31", "totalRevenue": 117748737, "costOfRevenue": 71325118, "grossProfit": 46423619, "researchDevelopment": {}, "sellingGeneralAdministrative": 16743611, "nonRecurring": {}, "otherOperatingExpenses": 14014126, "totalOperatingExpenses": 103087525, "operatingIncome": 14661212, "totalOtherIncomeExpenseNet": -1270078, "ebit": 14661212, "interestExpense": -1193279, "incomeBeforeTax": 13391134, "incomeTaxExpense": 4085781, "minorityInterest": {}, "netIncomeFromContinuingOps": 9305353, "discontinuedOperations": {}, "extraordinaryItems": {}, "effectOfAccountingCharges": {}, "otherItems": {}, "netIncome": 9305353, "netIncomeApplicableToCommonShares": 9305353}, {"maxAge": 1, "endDate": "2017-03-31", "totalRevenue": 47999000, "costOfRevenue": 31980000, "grossProfit": 16019000, "researchDevelopment": {}, "sellingGeneralAdministrative": 2272000, "nonRecurring": {}, "otherOperatingExpenses": 11174000, "totalOperatingExpenses": 45553000, "operatingIncome": 2446000, "totalOtherIncomeExpenseNet": -1731000, "ebit": 2446000, "interestExpense": -1587000, "incomeBeforeTax": 715000, "incomeTaxExpense": 221000, "minorityInterest": {}, "netIncomeFromContinuingOps": 494000, "discontinuedOperations": {}, "extraordinaryItems": {}, "effectOfAccountingCharges": {}, "otherItems": {}, "netIncome": 494000, "netIncomeApplicableToCommonShares": 494000}], "maxAge": 86400}, "fundOwnership": {"maxAge": 1, "ownershipList": []}, "summaryDetail": {"maxAge": 1, "priceHint": 2, "previousClose": 51.7, "open": 53.75, "dayLow": 51.35, "dayHigh": 53.75, "regularMarketPreviousClose": 51.7, "regularMarketOpen": 53.75, "regularMarketDayLow": 51.35, "regularMarketDayHigh": 53.75, "dividendRate": 0.31, "dividendYield": 0.0114, "exDividendDate": "2020-08-12 05:30:00", "payoutRatio": 0.2297, "beta": 1.377437, "trailingPE": 33.19355, "volume": 671, "regularMarketVolume": 671, "averageVolume": 0, "averageVolume10days": 0, "averageDailyVolume10Day": 0, "bid": 0.0, "ask": 0.0, "fiftyTwoWeekLow": 21.03095, "fiftyTwoWeekHigh": 53.75, "fiftyDayAverage": 27.5, "twoHundredDayAverage": 27.526785, "trailingAnnualDividendRate": 0.314, "trailingAnnualDividendYield": 0.006073501, "currency": "INR", "fromCurrency": null, "toCurrency": null, "lastMarket": null, "algorithm": null, "tradeable": false}, "incomeStatementHistoryQuarterly": {"incomeStatementHistory": [{"maxAge": 1, "endDate": "2020-12-31", "totalRevenue": 65497000, "costOfRevenue": 40111000, "grossProfit": 25386000, "researchDevelopment": {}, "sellingGeneralAdministrative": 8183000, "nonRecurring": {}, "otherOperatingExpenses": 5749000, "totalOperatingExpenses": 55703000, "operatingIncome": 9794000, "totalOtherIncomeExpenseNet": -1704000, "ebit": 9794000, "interestExpense": -1704000, "incomeBeforeTax": 8090000, "incomeTaxExpense": 2139000, "minorityInterest": {}, "netIncomeFromContinuingOps": 5951000, "discontinuedOperations": {}, "extraordinaryItems": {}, "effectOfAccountingCharges": {}, "otherItems": {}, "netIncome": 5951000, "netIncomeApplicableToCommonShares": 5951000}, {"maxAge": 1, "endDate": "2020-09-30", "totalRevenue": 58364633, "costOfRevenue": 42058949, "grossProfit": 16305685, "researchDevelopment": {}, "sellingGeneralAdministrative": 5930668, "nonRecurring": {}, "otherOperatingExpenses": 4923100, "totalOperatingExpenses": 54380765, "operatingIncome": 3983868, "totalOtherIncomeExpenseNet": -1426706, "ebit": 3983868, "interestExpense": -1426706, "incomeBeforeTax": 2557163, "incomeTaxExpense": 770934, "minorityInterest": {}, "netIncomeFromContinuingOps": 1786229, "discontinuedOperations": {}, "extraordinaryItems": {}, "effectOfAccountingCharges": {}, "otherItems": {}, "netIncome": 1786229, "netIncomeApplicableToCommonShares": 1786229}, {"maxAge": 1, "endDate": "2020-06-30", "totalRevenue": 58364633, "costOfRevenue": 42058949, "grossProfit": 16305685, "researchDevelopment": {}, "sellingGeneralAdministrative": 5930668, "nonRecurring": {}, "otherOperatingExpenses": 4923100, "totalOperatingExpenses": 54380765, "operatingIncome": 3983868, "totalOtherIncomeExpenseNet": -1426706, "ebit": 3983868, "interestExpense": -1426706, "incomeBeforeTax": 2557163, "incomeTaxExpense": 770934, "minorityInterest": {}, "netIncomeFromContinuingOps": 1786229, "discontinuedOperations": {}, "extraordinaryItems": {}, "effectOfAccountingCharges": {}, "otherItems": {}, "netIncome": 1786229, "netIncomeApplicableToCommonShares": 1786229}, {"maxAge": 1, "endDate": "2019-12-31", "totalRevenue": 59316000, "costOfRevenue": 40343000, "grossProfit": 18973000, "researchDevelopment": {}, "sellingGeneralAdministrative": 7049000, "nonRecurring": {}, "otherOperatingExpenses": 4729000, "totalOperatingExpenses": 53535000, "operatingIncome": 5781000, "totalOtherIncomeExpenseNet": -1373000, "ebit": 5781000, "interestExpense": -1373000, "incomeBeforeTax": 4408000, "incomeTaxExpense": 1574000, "minorityInterest": {}, "netIncomeFromContinuingOps": 2834000, "discontinuedOperations": {}, "extraordinaryItems": {}, "effectOfAccountingCharges": {}, "otherItems": {}, "netIncome": 2834000, "netIncomeApplicableToCommonShares": 2834000}], "maxAge": 86400}, "cashflowStatementHistoryQuarterly": {"cashflowStatements": [{"maxAge": 1, "endDate": "2020-12-31", "netIncome": 5951000, "changeToLiabilities": 0}, {"maxAge": 1, "endDate": "2020-09-30", "netIncome": 1786229, "depreciation": 1468050, "changeToNetincome": -244365, "changeToAccountReceivables": -1652239, "changeToLiabilities": -1368263, "changeToInventory": -3200519, "changeToOperatingActivities": -6775338, "totalCashFromOperatingActivities": -9986445, "capitalExpenditures": -5598176, "investments": -171111, "otherCashflowsFromInvestingActivities": 440333, "totalCashflowsFromInvestingActivities": -5202972, "netBorrowings": 16108153, "otherCashflowsFromFinancingActivities": -25492459, "totalCashFromFinancingActivities": 14529819, "changeInCash": -659598, "issuanceOfStock": 23914125}, {"maxAge": 1, "endDate": "2020-06-30", "netIncome": 1786229, "depreciation": 1468050, "changeToNetincome": -244365, "changeToAccountReceivables": -1652239, "changeToLiabilities": -1368263, "changeToInventory": -3200519, "changeToOperatingActivities": -6775338, "totalCashFromOperatingActivities": -9986445, "capitalExpenditures": -5598176, "investments": -171111, "otherCashflowsFromInvestingActivities": 440333, "totalCashflowsFromInvestingActivities": -5202972, "netBorrowings": 16108153, "otherCashflowsFromFinancingActivities": -25492459, "totalCashFromFinancingActivities": 14529819, "changeInCash": -659598, "issuanceOfStock": 23914125}, {"maxAge": 1, "endDate": "2019-12-31", "netIncome": 2834000, "depreciation": 1468050, "changeToNetincome": -244365, "changeToAccountReceivables": -1652239, "changeToLiabilities": 0, "changeToInventory": -3200519, "changeToOperatingActivities": -6775338, "totalCashFromOperatingActivities": -9986445, "capitalExpenditures": -5598176, "investments": -171111, "otherCashflowsFromInvestingActivities": 440333, "totalCashflowsFromInvestingActivities": -5202972, "netBorrowings": 16108153, "otherCashflowsFromFinancingActivities": -25492459, "totalCashFromFinancingActivities": 14529819, "changeInCash": -659598, "issuanceOfStock": 23914125}], "maxAge": 86400}, "insiderHolders": {"holders": [], "maxAge": 1}, "calendarEvents": {"maxAge": 1, "earnings": {"earningsDate": ["2021-02-12 05:30:S"]}, "exDividendDate": "2020-08-12 05:30:00"}, "price": {"maxAge": 1, "regularMarketChangePercent": -0.00483559, "regularMarketChange": -0.25, "regularMarketTime": "2021-04-30 15:27:33", "priceHint": 2, "regularMarketPrice": 51.45, "regularMarketDayHigh": 53.75, "regularMarketDayLow": 51.35, "regularMarketVolume": 671, "averageDailyVolume10Day": 0, "averageDailyVolume3Month": 0, "regularMarketPreviousClose": 51.7, "regularMarketSource": "FREE_REALTIME", "regularMarketOpen": 53.75, "exchange": "NSI", "exchangeName": "NSE", "exchangeDataDelayedBy": 15, "marketState": "CLOSED", "quoteType": "EQUITY", "symbol": "AARON.NS", "underlyingSymbol": null, "shortName": "Aaron Industries Limited", "longName": "Aaron Industries Limited", "currency": "INR", "quoteSourceName": "Delayed Quote", "currencySymbol": "\u20b9", "fromCurrency": null, "toCurrency": null, "lastMarket": null}, "balanceSheetHistory": {"balanceSheetStatements": [{"maxAge": 1, "endDate": "2020-03-31", "cash": 1450126, "netReceivables": 26051037, "inventory": 55653399, "otherCurrentAssets": 6879193, "totalCurrentAssets": 90033755, "longTermInvestments": 2217809, "propertyPlantEquipment": 96259433, "intangibleAssets": 247670, "otherAssets": 2374437, "totalAssets": 191133104, "accountsPayable": 15530651, "shortLongTermDebt": 8886602, "otherCurrentLiab": 5775448, "longTermDebt": 26670722, "otherLiab": 4991155, "totalCurrentLiabilities": 51460976, "totalLiab": 83122853, "commonStock": 52611140, "retainedEarnings": 24867130, "capitalSurplus": 30531983, "totalStockholderEquity": 108010253, "netTangibleAssets": 107762583}, {"maxAge": 1, "endDate": "2019-03-31", "cash": 3840205, "shortTermInvestments": 838398, "netReceivables": 20611801, "inventory": 45950120, "otherCurrentAssets": 13274881, "totalCurrentAssets": 84515405, "longTermInvestments": 410984, "propertyPlantEquipment": 86796866, "intangibleAssets": 265473, "otherAssets": 3136744, "totalAssets": 175125472, "accountsPayable": 16091632, "shortLongTermDebt": 8160753, "otherCurrentLiab": 5951779, "longTermDebt": 35497492, "otherLiab": 2458976, "totalCurrentLiabilities": 43436817, "totalLiab": 81393285, "commonStock": 47828380, "retainedEarnings": 10589068, "capitalSurplus": 35314743, "totalStockholderEquity": 93732191, "netTangibleAssets": 93466718}, {"maxAge": 1, "endDate": "2018-03-31", "cash": 86851, "shortTermInvestments": 838398, "netReceivables": 17452766, "inventory": 33105180, "otherCurrentAssets": 3119242, "totalCurrentAssets": 54602437, "propertyPlantEquipment": 14123365, "intangibleAssets": 355216, "otherAssets": 530000, "totalAssets": 69611018, "accountsPayable": 18387477, "shortLongTermDebt": 603189, "otherCurrentLiab": 2986495, "longTermDebt": 4308902, "otherLiab": 554718, "totalCurrentLiabilities": 29370276, "totalLiab": 34233896, "commonStock": 18804470, "retainedEarnings": 9305348, "capitalSurplus": 7267304, "totalStockholderEquity": 35377122, "netTangibleAssets": 35021906}, {"maxAge": 1, "endDate": "2017-03-31", "cash": 191000, "shortTermInvestments": 1126000, "netReceivables": 7011000, "inventory": 14950000, "otherCurrentAssets": 1047000, "totalCurrentAssets": 24325000, "propertyPlantEquipment": 1196000, "otherAssets": -96000, "deferredLongTermAssetCharges": -116000, "totalAssets": 25425000, "accountsPayable": 7743000, "otherCurrentLiab": 744000, "longTermDebt": 10438000, "otherLiab": -1000, "totalCurrentLiabilities": 12087000, "totalLiab": 22524000, "commonStock": 1884000, "retainedEarnings": 931000, "capitalSurplus": 86000, "totalStockholderEquity": 2901000, "netTangibleAssets": 2901000}], "maxAge": 86400}, "financialData": {"maxAge": 86400, "currentPrice": 51.45, "recommendationKey": "none", "totalCash": 130929, "totalCashPerShare": 0.013, "ebitda": 33419222, "totalDebt": 75403112, "totalRevenue": 239348688, "debtToEquity": 69.543, "revenuePerShare": 23.92, "grossProfits": 74493437, "earningsGrowth": 1.107, "revenueGrowth": 0.104, "grossMargins": 0.33106998, "ebitdaMargins": 0.13963, "operatingMargins": 0.11568, "profitMargins": 0.064780004, "financialCurrency": "INR"}}}