{"AARVI.NS": {"assetProfile": {"address1": "Marathon Innova", "address2": "Marathon Nextgen Complex 603, B1 Wing G.K.Road,Opp. Peninsula Park, Lower Pare", "city": "Mumbai", "zip": "400013", "country": "India", "phone": "91 22 4049 9999", "fax": "91 22 4049 9998", "website": "http://www.aarviencon.com", "industry": "Staffing & Employment Services", "sector": "Industrials", "longBusinessSummary": "Aarvi Encon Limited provides manpower outsourcing and consultancy services in India and the United Arab Emirates. The company offers information technology (IT) staffing, manpower outsourcing/technical staffing, project management, construction supervision, procurement assistance/expediting, inspection, pre-commissioning and commissioning, operation and maintenance, and shutdown, as well as engineering services. It serves the IT, engineering/EPC, oil and gas, LNG, PNG, metal and mineral, fertilizer, telecom, refinery/petrochemical, pipeline, infrastructure, power, renewable energy, cement, automobile, ports and terminals, and CGD/CNG, as well as metro and mono rail/railway industries. The company was founded in 1987 and is headquartered in Mumbai, India.", "fullTimeEmployees": 4087, "companyOfficers": [{"maxAge": 1, "name": "Mr. Virendra Dalpatram Sanghavi", "age": 78, "title": "MD & Founding Director", "yearBorn": 1942, "fiscalYear": 2020, "totalPay": 16800000, "exercisedValue": 0, "unexercisedValue": 0}, {"maxAge": 1, "name": "Mr. Jaydev Virendra Sanghavi", "age": 49, "title": "CFO & Exec. Director", "yearBorn": 1971, "fiscalYear": 2020, "totalPay": 16800000, "exercisedValue": 0, "unexercisedValue": 0}, {"maxAge": 1, "name": "Mr. Jay H. Shah", "title": "Company Sec. & Compliance Officer", "fiscalYear": 2020, "totalPay": 461000, "exercisedValue": 0, "unexercisedValue": 0}], "compensationAsOfEpochDate": "2020-12-31 05:30:00", "maxAge": 86400}, "cashflowStatementHistory": {"cashflowStatements": [{"maxAge": 1, "endDate": "2020-03-31", "netIncome": 71780000, "depreciation": 12281000, "changeToNetincome": -4215000, "changeToAccountReceivables": -89859000, "changeToLiabilities": 53062000, "changeToOperatingActivities": -6220000, "totalCashFromOperatingActivities": 36959000, "capitalExpenditures": -3448000, "investments": -3068000, "otherCashflowsFromInvestingActivities": 1701000, "totalCashflowsFromInvestingActivities": -4403000, "dividendsPaid": -17823000, "netBorrowings": 14607000, "otherCashflowsFromFinancingActivities": -16011000, "totalCashFromFinancingActivities": -19227000, "changeInCash": 13329000}, {"maxAge": 1, "endDate": "2019-03-31", "netIncome": 86329000, "depreciation": 9404000, "changeToNetincome": -83931000, "changeToAccountReceivables": -82598000, "changeToLiabilities": 26723000, "changeToOperatingActivities": 2641000, "totalCashFromOperatingActivities": -41286000, "capitalExpenditures": -62881000, "investments": 30857000, "otherCashflowsFromInvestingActivities": 11928000, "totalCashflowsFromInvestingActivities": -8441000, "dividendsPaid": -8897000, "netBorrowings": 32145000, "otherCashflowsFromFinancingActivities": -11442000, "totalCashFromFinancingActivities": 11806000, "changeInCash": -37921000}, {"maxAge": 1, "endDate": "2018-03-31", "netIncome": 77744660, "depreciation": 7453529, "changeToNetincome": -16922222, "changeToAccountReceivables": -54836315, "changeToLiabilities": -43389927, "changeToOperatingActivities": -43978361, "totalCashFromOperatingActivities": -73754406, "capitalExpenditures": -6783025, "investments": 30857000, "otherCashflowsFromInvestingActivities": 5554321, "totalCashflowsFromInvestingActivities": 6395796, "dividendsPaid": -8897000, "netBorrowings": -96508409, "otherCashflowsFromFinancingActivities": -34176086, "totalCashFromFinancingActivities": 81751505, "changeInCash": 14392895, "issuanceOfStock": 212436000}, {"maxAge": 1, "endDate": "2017-03-31", "netIncome": 53551088, "depreciation": 8844198, "changeToNetincome": -25599579, "changeToAccountReceivables": -79161393, "changeToLiabilities": 37457217, "changeToOperatingActivities": 11032331, "totalCashFromOperatingActivities": 6190587, "capitalExpenditures": -5611910, "investments": 30857000, "otherCashflowsFromInvestingActivities": 3101383, "totalCashflowsFromInvestingActivities": -2410992, "dividendsPaid": -3100000, "netBorrowings": 44963949, "otherCashflowsFromFinancingActivities": -746305, "totalCashFromFinancingActivities": 41117644, "changeInCash": 44897238, "issuanceOfStock": 212436000}], "maxAge": 86400}, "institutionOwnership": {"maxAge": 1, "ownershipList": []}, "majorHoldersBreakdown": {"maxAge": 1}, "balanceSheetHistoryQuarterly": {"balanceSheetStatements": [{"maxAge": 1, "endDate": "2020-12-31", "cash": 184494000, "shortTermInvestments": 164045000, "netReceivables": 347861000, "otherCurrentAssets": 15199000, "totalCurrentAssets": 711599000, "longTermInvestments": 123987000, "propertyPlantEquipment": 101007000, "goodWill": 2012000, "intangibleAssets": 1632000, "otherAssets": 142451000, "deferredLongTermAssetCharges": 1639000, "totalAssets": 1082688000, "accountsPayable": 51438000, "otherCurrentLiab": 148169000, "otherLiab": 14328000, "totalCurrentLiabilities": 249268000, "totalLiab": 263596000, "commonStock": 147840000, "treasuryStock": 671252000, "otherStockholderEquity": 671252000, "totalStockholderEquity": 819092000, "netTangibleAssets": 815448000}, {"maxAge": 1, "endDate": "2020-09-30", "cash": 102573000, "shortTermInvestments": 166719000, "netReceivables": 350926000, "otherCurrentAssets": 10971000, "totalCurrentAssets": 631189000, "longTermInvestments": 97318000, "propertyPlantEquipment": 101280000, "goodWill": 2012000, "intangibleAssets": 1294000, "otherAssets": 213891000, "deferredLongTermAssetCharges": 1639000, "totalAssets": 1046984000, "accountsPayable": 69821000, "otherCurrentLiab": 137628000, "otherLiab": 14328000, "totalCurrentLiabilities": 239312000, "totalLiab": 253640000, "commonStock": 147840000, "treasuryStock": 645504000, "otherStockholderEquity": 645504000, "totalStockholderEquity": 793344000, "netTangibleAssets": 790038000}, {"maxAge": 1, "endDate": "2020-06-30", "cash": 75621000, "shortTermInvestments": 148636000, "netReceivables": 403929000, "otherCurrentAssets": 9552000, "totalCurrentAssets": 637738000, "longTermInvestments": 97704000, "propertyPlantEquipment": 108823000, "goodWill": 2012000, "intangibleAssets": 1509000, "otherAssets": 207774000, "deferredLongTermAssetCharges": 1639000, "totalAssets": 1055560000, "accountsPayable": 62891000, "otherCurrentLiab": 137848000, "longTermDebt": 727000, "otherLiab": 15923000, "totalCurrentLiabilities": 247038000, "totalLiab": 263688000, "commonStock": 147840000, "treasuryStock": 644032000, "otherStockholderEquity": 644032000, "totalStockholderEquity": 791872000, "netTangibleAssets": 788351000}, {"maxAge": 1, "endDate": "2020-03-31", "cash": 64766000, "shortTermInvestments": 49201000, "netReceivables": 583034000, "otherCurrentAssets": 11368000, "totalCurrentAssets": 708369000, "longTermInvestments": 91343000, "propertyPlantEquipment": 111541000, "goodWill": 2012000, "intangibleAssets": 1535000, "otherAssets": 265306000, "deferredLongTermAssetCharges": 1618000, "totalAssets": 1180106000, "accountsPayable": 94936000, "shortLongTermDebt": 87410000, "otherCurrentLiab": 213365000, "longTermDebt": 838000, "otherLiab": 13535000, "totalCurrentLiabilities": 397868000, "totalLiab": 416864000, "commonStock": 147840000, "treasuryStock": 615402000, "otherStockholderEquity": 615402000, "totalStockholderEquity": 763242000, "netTangibleAssets": 759695000}], "maxAge": 86400}, "indexTrend": {"maxAge": 1, "symbol": "SP5", "peRatio": 19.7411, "pegRatio": 1.34172, "estimates": [{"period": "0q", "growth": 0.549}, {"period": "+1q", "growth": 0.431}, {"period": "0y", "growth": 0.305}, {"period": "+1y", "growth": 0.109}, {"period": "+5y", "growth": 0.120865}, {"period": "-5y"}]}, "defaultKeyStatistics": {"maxAge": 1, "priceHint": 2, "enterpriseValue": 375926944, "profitMargins": 0.05382, "floatShares": 3921699, "sharesOutstanding": 14784000, "beta": 1.077598, "category": null, "bookValue": 55.401, "priceToBook": 0.8700204, "fundFamily": null, "legalType": null, "lastFiscalYearEnd": "2020-03-31 05:30:00", "nextFiscalYearEnd": "2022-03-31 05:30:00", "mostRecentQuarter": "2020-12-31 05:30:00", "earningsQuarterlyGrowth": 1.196, "netIncomeToCommon": 114885000, "trailingEps": 7.762, "lastSplitFactor": null, "enterpriseToRevenue": 0.176, "enterpriseToEbitda": 3.22, "52WeekChange": 1.1422222, "SandP52WeekChange": 0.48148263, "lastDividendValue": 1.0, "lastDividendDate": 1599696000}, "summaryProfile": {"address1": "Marathon Innova", "address2": "Marathon Nextgen Complex 603, B1 Wing G.K.Road,Opp. Peninsula Park, Lower Pare", "city": "Mumbai", "zip": "400013", "country": "India", "phone": "91 22 4049 9999", "fax": "91 22 4049 9998", "website": "http://www.aarviencon.com", "industry": "Staffing & Employment Services", "sector": "Industrials", "longBusinessSummary": "Aarvi Encon Limited provides manpower outsourcing and consultancy services in India and the United Arab Emirates. The company offers information technology (IT) staffing, manpower outsourcing/technical staffing, project management, construction supervision, procurement assistance/expediting, inspection, pre-commissioning and commissioning, operation and maintenance, and shutdown, as well as engineering services. It serves the IT, engineering/EPC, oil and gas, LNG, PNG, metal and mineral, fertilizer, telecom, refinery/petrochemical, pipeline, infrastructure, power, renewable energy, cement, automobile, ports and terminals, and CGD/CNG, as well as metro and mono rail/railway industries. The company was founded in 1987 and is headquartered in Mumbai, India.", "fullTimeEmployees": 4087, "companyOfficers": [], "maxAge": 86400}, "netSharePurchaseActivity": {"maxAge": 1, "period": "6m", "buyInfoCount": 0, "buyInfoShares": 0, "sellInfoCount": 0, "netInfoCount": 0, "netInfoShares": 0, "totalInsiderShares": 0}, "quoteType": {"exchange": "NSI", "quoteType": "EQUITY", "symbol": "AARVI.NS", "underlyingSymbol": "AARVI.NS", "shortName": "Aarvi Encon Limited", "longName": "Aarvi Encon Limited", "firstTradeDateEpochUtc": "2017-10-06 09:15:00", "timeZoneFullName": "Asia/Kolkata", "timeZoneShortName": "IST", "uuid": "5da41406-31ad-3828-9ab4-5c6a745ecbe0", "messageBoardId": "finmb_411095137", "gmtOffSetMilliseconds": 19800000, "maxAge": 1}, "incomeStatementHistory": {"incomeStatementHistory": [{"maxAge": 1, "endDate": "2020-03-31", "totalRevenue": 2180504000, "costOfRevenue": 1460382000, "grossProfit": 720122000, "researchDevelopment": {}, "sellingGeneralAdministrative": 16454000, "nonRecurring": {}, "otherOperatingExpenses": 611076000, "totalOperatingExpenses": 2100323000, "operatingIncome": 80181000, "totalOtherIncomeExpenseNet": -10639000, "ebit": 80181000, "interestExpense": -16012000, "incomeBeforeTax": 69542000, "incomeTaxExpense": -2238000, "minorityInterest": {}, "netIncomeFromContinuingOps": 71780000, "discontinuedOperations": {}, "extraordinaryItems": {}, "effectOfAccountingCharges": {}, "otherItems": {}, "netIncome": 71780000, "netIncomeApplicableToCommonShares": 71780000}, {"maxAge": 1, "endDate": "2019-03-31", "totalRevenue": 2060380000, "costOfRevenue": 1433980000, "grossProfit": 626400000, "researchDevelopment": {}, "sellingGeneralAdministrative": 23698000, "nonRecurring": {}, "otherOperatingExpenses": 492564000, "totalOperatingExpenses": 1959792000, "operatingIncome": 100588000, "totalOtherIncomeExpenseNet": 681000, "ebit": 100588000, "interestExpense": -11443000, "incomeBeforeTax": 101269000, "incomeTaxExpense": 14940000, "minorityInterest": {}, "netIncomeFromContinuingOps": 86329000, "discontinuedOperations": {}, "extraordinaryItems": {}, "effectOfAccountingCharges": {}, "otherItems": {}, "netIncome": 86329000, "netIncomeApplicableToCommonShares": 86329000}, {"maxAge": 1, "endDate": "2018-03-31", "totalRevenue": 1734843017, "costOfRevenue": 1605514245, "grossProfit": 129328772, "researchDevelopment": {}, "sellingGeneralAdministrative": 8352876, "nonRecurring": {}, "otherOperatingExpenses": 22920068, "totalOperatingExpenses": 1644414948, "operatingIncome": 90428069, "totalOtherIncomeExpenseNet": 4993965, "ebit": 90428069, "interestExpense": -10279343, "incomeBeforeTax": 95422034, "incomeTaxExpense": 17677374, "minorityInterest": {}, "netIncomeFromContinuingOps": 77744660, "discontinuedOperations": {}, "extraordinaryItems": {}, "effectOfAccountingCharges": {}, "otherItems": {}, "netIncome": 77744660, "netIncomeApplicableToCommonShares": 77744660}, {"maxAge": 1, "endDate": "2017-03-31", "totalRevenue": 1531944765, "costOfRevenue": 1402246832, "grossProfit": 129697933, "researchDevelopment": {}, "sellingGeneralAdministrative": 7265694, "nonRecurring": {}, "otherOperatingExpenses": 29143704, "totalOperatingExpenses": 1447567153, "operatingIncome": 84377612, "totalOtherIncomeExpenseNet": -13186066, "ebit": 84377612, "interestExpense": -15282927, "incomeBeforeTax": 71191546, "incomeTaxExpense": 17640458, "minorityInterest": {}, "netIncomeFromContinuingOps": 53551088, "discontinuedOperations": {}, "extraordinaryItems": {}, "effectOfAccountingCharges": {}, "otherItems": {}, "netIncome": 53551088, "netIncomeApplicableToCommonShares": 53551088}], "maxAge": 86400}, "fundOwnership": {"maxAge": 1, "ownershipList": []}, "summaryDetail": {"maxAge": 1, "priceHint": 2, "previousClose": 48.4, "open": 48.15, "dayLow": 47.5, "dayHigh": 48.8, "regularMarketPreviousClose": 48.4, "regularMarketOpen": 48.15, "regularMarketDayLow": 47.5, "regularMarketDayHigh": 48.8, "dividendRate": 1.0, "dividendYield": 0.0201, "exDividendDate": "2020-09-10 05:30:00", "payoutRatio": 0.147, "beta": 1.077598, "trailingPE": 6.2097397, "volume": 11430, "regularMarketVolume": 11430, "averageVolume": 18781, "averageVolume10days": 15928, "averageDailyVolume10Day": 15928, "bid": 0.0, "ask": 0.0, "marketCap": 712588800, "fiftyTwoWeekLow": 21.4, "fiftyTwoWeekHigh": 62.5, "priceToSalesTrailing12Months": 0.333827, "fiftyDayAverage": 50.155716, "twoHundredDayAverage": 44.94895, "trailingAnnualDividendRate": 1.0, "trailingAnnualDividendYield": 0.020661157, "currency": "INR", "fromCurrency": null, "toCurrency": null, "lastMarket": null, "algorithm": null, "tradeable": false}, "incomeStatementHistoryQuarterly": {"incomeStatementHistory": [{"maxAge": 1, "endDate": "2020-12-31", "totalRevenue": 497928000, "costOfRevenue": 410277000, "grossProfit": 87651000, "researchDevelopment": {}, "sellingGeneralAdministrative": {}, "nonRecurring": {}, "otherOperatingExpenses": 71385000, "totalOperatingExpenses": 484117000, "operatingIncome": 13811000, "totalOtherIncomeExpenseNet": 9089000, "ebit": 13811000, "interestExpense": -800000, "incomeBeforeTax": 22900000, "incomeTaxExpense": -3565000, "minorityInterest": {}, "netIncomeFromContinuingOps": 26465000, "discontinuedOperations": {}, "extraordinaryItems": {}, "effectOfAccountingCharges": {}, "otherItems": {}, "netIncome": 26465000, "netIncomeApplicableToCommonShares": 26465000}, {"maxAge": 1, "endDate": "2020-09-30", "totalRevenue": 465788000, "costOfRevenue": 352302000, "grossProfit": 113486000, "researchDevelopment": {}, "sellingGeneralAdministrative": {}, "nonRecurring": {}, "otherOperatingExpenses": 88103000, "totalOperatingExpenses": 442560000, "operatingIncome": 23228000, "totalOtherIncomeExpenseNet": -23000, "ebit": 23228000, "interestExpense": -1152000, "incomeBeforeTax": 23205000, "incomeTaxExpense": 3856000, "minorityInterest": {}, "netIncomeFromContinuingOps": 19349000, "discontinuedOperations": {}, "extraordinaryItems": {}, "effectOfAccountingCharges": {}, "otherItems": {}, "netIncome": 19349000, "netIncomeApplicableToCommonShares": 19349000}, {"maxAge": 1, "endDate": "2020-06-30", "totalRevenue": 484269000, "costOfRevenue": 337886000, "grossProfit": 146383000, "researchDevelopment": {}, "sellingGeneralAdministrative": {}, "nonRecurring": {}, "otherOperatingExpenses": 116570000, "totalOperatingExpenses": 457119000, "operatingIncome": 27150000, "totalOtherIncomeExpenseNet": 3677000, "ebit": 27150000, "interestExpense": -2326000, "incomeBeforeTax": 30827000, "incomeTaxExpense": 2365000, "minorityInterest": {}, "netIncomeFromContinuingOps": 28462000, "discontinuedOperations": {}, "extraordinaryItems": {}, "effectOfAccountingCharges": {}, "otherItems": {}, "netIncome": 28462000, "netIncomeApplicableToCommonShares": 28462000}, {"maxAge": 1, "endDate": "2020-03-31", "totalRevenue": 686620000, "costOfRevenue": 416398000, "grossProfit": 270222000, "researchDevelopment": {}, "sellingGeneralAdministrative": {}, "nonRecurring": {}, "otherOperatingExpenses": 227335000, "totalOperatingExpenses": 646975000, "operatingIncome": 39645000, "totalOtherIncomeExpenseNet": -1274000, "ebit": 39645000, "interestExpense": -2463000, "incomeBeforeTax": 38371000, "incomeTaxExpense": -2238000, "minorityInterest": {}, "netIncomeFromContinuingOps": 40609000, "discontinuedOperations": {}, "extraordinaryItems": {}, "effectOfAccountingCharges": {}, "otherItems": {}, "netIncome": 40609000, "netIncomeApplicableToCommonShares": 40609000}], "maxAge": 86400}, "cashflowStatementHistoryQuarterly": {"cashflowStatements": [{"maxAge": 1, "endDate": "2020-12-31", "netIncome": 26465000, "changeToLiabilities": 0}, {"maxAge": 1, "endDate": "2020-09-30", "netIncome": 19349000, "changeToLiabilities": 0}, {"maxAge": 1, "endDate": "2020-06-30", "netIncome": 28462000, "changeToLiabilities": 0}, {"maxAge": 1, "endDate": "2020-03-31", "netIncome": 40609000, "changeToLiabilities": 0}], "maxAge": 86400}, "insiderHolders": {"holders": [], "maxAge": 1}, "calendarEvents": {"maxAge": 1, "earnings": {"earningsDate": ["2020-08-13 05:30:S"]}, "exDividendDate": "2020-09-10 05:30:00"}, "price": {"maxAge": 1, "regularMarketChangePercent": -0.004132247, "regularMarketChange": -0.20000076, "regularMarketTime": "2021-04-30 15:28:12", "priceHint": 2, "regularMarketPrice": 48.2, "regularMarketDayHigh": 48.8, "regularMarketDayLow": 47.5, "regularMarketVolume": 11430, "averageDailyVolume10Day": 15928, "averageDailyVolume3Month": 18781, "regularMarketPreviousClose": 48.4, "regularMarketSource": "FREE_REALTIME", "regularMarketOpen": 48.15, "exchange": "NSI", "exchangeName": "NSE", "exchangeDataDelayedBy": 15, "marketState": "CLOSED", "quoteType": "EQUITY", "symbol": "AARVI.NS", "underlyingSymbol": null, "shortName": "Aarvi Encon Limited", "longName": "Aarvi Encon Limited", "currency": "INR", "quoteSourceName": "Delayed Quote", "currencySymbol": "\u20b9", "fromCurrency": null, "toCurrency": null, "lastMarket": null, "marketCap": 712588800}, "balanceSheetHistory": {"balanceSheetStatements": [{"maxAge": 1, "endDate": "2020-03-31", "cash": 49176000, "netReceivables": 618686000, "otherCurrentAssets": 30106000, "totalCurrentAssets": 708369000, "longTermInvestments": 41520000, "propertyPlantEquipment": 111541000, "goodWill": 2012000, "intangibleAssets": 1535000, "otherAssets": 315129000, "deferredLongTermAssetCharges": 1618000, "totalAssets": 1180106000, "accountsPayable": 94936000, "shortLongTermDebt": 944000, "otherCurrentLiab": 203000, "longTermDebt": 838000, "otherLiab": 13535000, "totalCurrentLiabilities": 397868000, "totalLiab": 416864000, "commonStock": 147840000, "retainedEarnings": 455477000, "treasuryStock": 10696000, "capitalSurplus": 149229000, "otherStockholderEquity": 10696000, "totalStockholderEquity": 763242000, "netTangibleAssets": 759695000}, {"maxAge": 1, "endDate": "2019-03-31", "cash": 35847000, "netReceivables": 528533000, "otherCurrentAssets": 18691000, "totalCurrentAssets": 590488000, "longTermInvestments": 41453000, "propertyPlantEquipment": 121412000, "goodWill": 2012000, "intangibleAssets": 1305000, "otherAssets": 306837000, "deferredLongTermAssetCharges": 1627000, "totalAssets": 1063507000, "accountsPayable": 41717000, "shortLongTermDebt": 1263000, "otherCurrentLiab": 542000, "longTermDebt": 1721000, "otherLiab": 29302000, "totalCurrentLiabilities": 323911000, "totalLiab": 361714000, "commonStock": 147840000, "retainedEarnings": 401738000, "treasuryStock": 2986000, "capitalSurplus": 149229000, "otherStockholderEquity": 2986000, "totalStockholderEquity": 701793000, "netTangibleAssets": 698476000}, {"maxAge": 1, "endDate": "2018-03-31", "cash": 87348382, "netReceivables": 422993920, "otherCurrentAssets": 9396667, "totalCurrentAssets": 523980792, "longTermInvestments": 44564510, "propertyPlantEquipment": 64179916, "goodWill": 2011928, "intangibleAssets": 483890, "otherAssets": 192512990, "deferredLongTermAssetCharges": 1427263, "totalAssets": 827734026, "accountsPayable": 88094300, "otherCurrentLiab": 9179325, "longTermDebt": 2644569, "otherLiab": 1569591, "totalCurrentLiabilities": 197826857, "totalLiab": 202041017, "commonStock": 147840000, "retainedEarnings": 329092395, "treasuryStock": -438643, "capitalSurplus": 149199257, "otherStockholderEquity": -438643, "totalStockholderEquity": 625693009, "netTangibleAssets": 623197191}, {"maxAge": 1, "endDate": "2017-03-31", "cash": 66455486, "netReceivables": 360816712, "otherCurrentAssets": 20148730, "totalCurrentAssets": 450060447, "propertyPlantEquipment": 70790321, "goodWill": 2011928, "intangibleAssets": 259809, "otherAssets": 148846623, "totalAssets": 671969128, "accountsPayable": 131433404, "shortLongTermDebt": 14142216, "otherCurrentLiab": 19446472, "longTermDebt": 3359103, "otherLiab": 1662358, "totalCurrentLiabilities": 311366242, "totalLiab": 316387703, "commonStock": 31000000, "retainedEarnings": 324597325, "treasuryStock": -15900, "otherStockholderEquity": -15900, "totalStockholderEquity": 355581425, "netTangibleAssets": 353309688}], "maxAge": 86400}, "financialData": {"maxAge": 86400, "currentPrice": 48.2, "recommendationKey": "none", "totalCash": 348539008, "totalCashPerShare": 23.574, "ebitda": 116754248, "totalDebt": 11833000, "quickRatio": 2.782, "currentRatio": 2.855, "totalRevenue": 2134605056, "debtToEquity": 1.445, "revenuePerShare": 144.218, "returnOnAssets": 0.06445, "returnOnEquity": 0.14521, "grossProfits": 720122000, "earningsGrowth": 1.21, "revenueGrowth": -0.02, "grossMargins": 0.29736, "ebitdaMargins": 0.0547, "operatingMargins": 0.04893, "profitMargins": 0.05382, "financialCurrency": "INR"}}}