{"ABANSENT.BO": {"cashflowStatementHistory": {"cashflowStatements": [{"maxAge": 1, "endDate": "2020-03-31", "netIncome": 276312986, "depreciation": 15902776, "changeToNetincome": 86708677, "changeToAccountReceivables": -1066109835, "changeToLiabilities": 11092780, "changeToInventory": -330616341, "changeToOperatingActivities": 1038971043, "totalCashFromOperatingActivities": 33874066, "capitalExpenditures": -55101837, "totalCashflowsFromInvestingActivities": -112505458, "dividendsPaid": -1631076, "netBorrowings": 112628237, "otherCashflowsFromFinancingActivities": -77725976, "totalCashFromFinancingActivities": 33271185, "effectOfExchangeRate": 61597, "changeInCash": 904343510}, {"maxAge": 1, "endDate": "2019-03-31", "netIncome": 14083952, "depreciation": 34058, "changeToNetincome": 3895879, "changeToAccountReceivables": -145258903, "changeToLiabilities": 74979333, "changeToInventory": 28535000, "changeToOperatingActivities": 23429015, "totalCashFromOperatingActivities": -301666, "capitalExpenditures": -55101837, "totalCashflowsFromInvestingActivities": -112505458, "dividendsPaid": -1631076, "netBorrowings": 112628237, "otherCashflowsFromFinancingActivities": -77725976, "totalCashFromFinancingActivities": 33271185, "effectOfExchangeRate": 61597, "changeInCash": -301666}, {"maxAge": 1, "endDate": "2018-03-31", "netIncome": 1740479, "depreciation": 34058, "changeToNetincome": -286321, "changeToAccountReceivables": 46906030, "changeToLiabilities": 41150, "changeToInventory": -18588290, "changeToOperatingActivities": -75294699, "totalCashFromOperatingActivities": -45447593, "capitalExpenditures": -55101837, "otherCashflowsFromInvestingActivities": 684394, "totalCashflowsFromInvestingActivities": 684394, "dividendsPaid": -1631076, "netBorrowings": 112628237, "otherCashflowsFromFinancingActivities": -77725976, "totalCashFromFinancingActivities": 33271185, "effectOfExchangeRate": 61597, "changeInCash": -44763199}, {"maxAge": 1, "endDate": "2017-03-31", "netIncome": 1100128, "depreciation": 6158, "changeToNetincome": -4255645, "changeToAccountReceivables": -20381010, "changeToLiabilities": -1091678, "changeToInventory": -9946710, "changeToOperatingActivities": 30070956, "totalCashFromOperatingActivities": -4497801, "capitalExpenditures": -107550, "otherCashflowsFromInvestingActivities": 3228504, "totalCashflowsFromInvestingActivities": 3120954, "dividendsPaid": -1631076, "netBorrowings": 112628237, "otherCashflowsFromFinancingActivities": -77725976, "totalCashFromFinancingActivities": 33271185, "effectOfExchangeRate": 61597, "changeInCash": -1376847}], "maxAge": 86400}, "institutionOwnership": {"maxAge": 1, "ownershipList": []}, "balanceSheetHistoryQuarterly": {"balanceSheetStatements": [{"maxAge": 1, "endDate": "2020-06-30", "totalStockholderEquity": 546810527, "netTangibleAssets": 472170491}, {"maxAge": 1, "endDate": "2020-03-31", "cash": 73687123, "netReceivables": 4515403768, "inventory": 737387061, "otherCurrentAssets": 869558810, "totalCurrentAssets": 6203670987, "propertyPlantEquipment": 107103009, "goodWill": 62681151, "intangibleAssets": 11958885, "otherAssets": 26409761, "deferredLongTermAssetCharges": 15396419, "totalAssets": 6411823793, "accountsPayable": 3307472266, "shortLongTermDebt": 7295204, "otherCurrentLiab": 1120723838, "longTermDebt": 76422885, "otherLiab": 5372503, "totalCurrentLiabilities": 5779659281, "totalLiab": 5865013266, "commonStock": 139497760, "retainedEarnings": 297210817, "treasuryStock": 110101950, "otherStockholderEquity": 110101950, "totalStockholderEquity": 546810527, "netTangibleAssets": 472170491}, {"maxAge": 1, "endDate": "2019-12-31", "totalStockholderEquity": 326183000, "netTangibleAssets": 323374000}, {"maxAge": 1, "endDate": "2019-09-30", "cash": 761959000, "shortTermInvestments": 32108000, "netReceivables": 5543560000, "inventory": 159060000, "otherCurrentAssets": 156697000, "totalCurrentAssets": 6653384000, "longTermInvestments": 4028000, "propertyPlantEquipment": 38358000, "goodWill": 451000, "intangibleAssets": 2358000, "otherAssets": 1688000, "deferredLongTermAssetCharges": 1688000, "totalAssets": 6700267000, "accountsPayable": 4987340000, "shortLongTermDebt": 1175366000, "otherCurrentLiab": 72887000, "longTermDebt": 122256000, "otherLiab": 11119000, "totalCurrentLiabilities": 6240709000, "totalLiab": 6374084000, "commonStock": 139498000, "treasuryStock": 186685000, "otherStockholderEquity": 186685000, "totalStockholderEquity": 326183000, "netTangibleAssets": 323374000}], "maxAge": 86400}, "indexTrend": {"maxAge": 1, "symbol": "SP5", "peRatio": 19.7411, "pegRatio": 1.34172, "estimates": [{"period": "0q", "growth": 0.549}, {"period": "+1q", "growth": 0.431}, {"period": "0y", "growth": 0.305}, {"period": "+1y", "growth": 0.109}, {"period": "+5y", "growth": 0.120859005}, {"period": "-5y"}]}, "insiderTransactions": {"transactions": [{"maxAge": 1, "shares": 1033946, "filerUrl": "", "transactionText": "", "filerName": "Shreeji Corporate Solutions & Trade Pvt. Ltd.", "filerRelation": "Promoter", "moneyText": "", "startDate": "2016-03-29", "ownership": "D"}, {"maxAge": 1, "shares": 61510, "filerUrl": "", "transactionText": "", "filerName": "Saini (Gurmit Kaur Reshamsingh)", "filerRelation": "Promoter", "moneyText": "", "startDate": "2015-04-17", "ownership": "D"}, {"maxAge": 1, "shares": 192501, "filerUrl": "", "transactionText": "", "filerName": "Saini (Reshamsingh Pyarasingh)", "filerRelation": "Chairman of the Board", "moneyText": "", "startDate": "2015-04-17", "ownership": "D"}, {"maxAge": 1, "shares": 102267, "filerUrl": "", "transactionText": "", "filerName": "Saini (Sarabjitsingh Reshamsingh)", "filerRelation": "Director (Executive)", "moneyText": "", "startDate": "2015-04-17", "ownership": "D"}, {"maxAge": 1, "shares": 356278, "filerUrl": "", "transactionText": "", "filerName": "Shreeji Corporate Solutions & Trade Pvt. Ltd.", "filerRelation": "UNREPORTED", "moneyText": "", "startDate": "2015-04-17", "ownership": "D"}, {"maxAge": 1, "shares": 61510, "filerUrl": "", "transactionText": "", "filerName": "Saini (Gurmit Kaur Reshamsingh)", "filerRelation": "Promoter", "moneyText": "", "startDate": "2014-05-08", "ownership": "D"}, {"maxAge": 1, "shares": 192501, "filerUrl": "", "transactionText": "", "filerName": "Saini (Reshamsingh Pyarasingh)", "filerRelation": "Chairman of the Board", "moneyText": "", "startDate": "2014-05-08", "ownership": "D"}, {"maxAge": 1, "shares": 102267, "filerUrl": "", "transactionText": "", "filerName": "Saini (Sarabjitsingh Reshamsingh)", "filerRelation": "Director (Executive)", "moneyText": "", "startDate": "2014-05-08", "ownership": "D"}], "maxAge": 1}, "quoteType": {"exchange": "BSE", "quoteType": "EQUITY", "symbol": "ABANSENT.BO", "underlyingSymbol": "ABANSENT.BO", "shortName": "ABANS ENTERPRISES LTD", "longName": "ABans Enterprises Limited", "firstTradeDateEpochUtc": "2015-06-18 09:15:00", "timeZoneFullName": "Asia/Kolkata", "timeZoneShortName": "IST", "uuid": "00f88630-b8db-32b7-b337-2debf8116dd6", "messageBoardId": null, "gmtOffSetMilliseconds": 19800000, "maxAge": 1}, "incomeStatementHistory": {"incomeStatementHistory": [{"maxAge": 1, "endDate": "2020-03-31", "totalRevenue": 45384775015, "costOfRevenue": 45045874773, "grossProfit": 338900242, "researchDevelopment": {}, "sellingGeneralAdministrative": 67759954, "nonRecurring": {}, "otherOperatingExpenses": 27679216, "totalOperatingExpenses": 45158828699, "operatingIncome": 225946316, "totalOtherIncomeExpenseNet": 59412815, "ebit": 225946316, "interestExpense": -78115247, "incomeBeforeTax": 285359131, "incomeTaxExpense": 9046145, "minorityInterest": {}, "netIncomeFromContinuingOps": 276312986, "discontinuedOperations": {}, "extraordinaryItems": {}, "effectOfAccountingCharges": {}, "otherItems": {}, "netIncome": 276312986, "netIncomeApplicableToCommonShares": 276312986}, {"maxAge": 1, "endDate": "2019-03-31", "totalRevenue": 1313936634, "costOfRevenue": 1224202451, "grossProfit": 89734183, "researchDevelopment": {}, "sellingGeneralAdministrative": 5252937, "nonRecurring": {}, "otherOperatingExpenses": 3212519, "totalOperatingExpenses": 1232701965, "operatingIncome": 81234669, "totalOtherIncomeExpenseNet": -61114438, "ebit": 81234669, "interestExpense": -54000, "incomeBeforeTax": 20174231, "incomeTaxExpense": 6090279, "minorityInterest": {}, "netIncomeFromContinuingOps": 14083952, "discontinuedOperations": {}, "extraordinaryItems": {}, "effectOfAccountingCharges": {}, "otherItems": {}, "netIncome": 14083952, "netIncomeApplicableToCommonShares": 14083952}, {"maxAge": 1, "endDate": "2018-03-31", "totalRevenue": 696548240, "costOfRevenue": 672831833, "grossProfit": 23716407, "researchDevelopment": {}, "sellingGeneralAdministrative": 4498064, "nonRecurring": {}, "otherOperatingExpenses": 2426801, "totalOperatingExpenses": 679790756, "operatingIncome": 16757484, "totalOtherIncomeExpenseNet": -14391220, "ebit": 16757484, "interestExpense": -692109, "incomeBeforeTax": 2366264, "incomeTaxExpense": 625785, "minorityInterest": {}, "netIncomeFromContinuingOps": 1740479, "discontinuedOperations": {}, "extraordinaryItems": {}, "effectOfAccountingCharges": {}, "otherItems": {}, "netIncome": 1740479, "netIncomeApplicableToCommonShares": 1740479}, {"maxAge": 1, "endDate": "2017-03-31", "totalRevenue": 625061500, "costOfRevenue": 617631080, "grossProfit": 7430420, "researchDevelopment": {}, "sellingGeneralAdministrative": 3841692, "nonRecurring": {}, "otherOperatingExpenses": 2531617, "totalOperatingExpenses": 624010547, "operatingIncome": 1050953, "totalOtherIncomeExpenseNet": 379011, "ebit": 1050953, "interestExpense": -2849493, "incomeBeforeTax": 1429964, "incomeTaxExpense": 329836, "minorityInterest": {}, "netIncomeFromContinuingOps": 1100128, "discontinuedOperations": {}, "extraordinaryItems": {}, "effectOfAccountingCharges": {}, "otherItems": {}, "netIncome": 1100128, "netIncomeApplicableToCommonShares": 1100128}], "maxAge": 86400}, "fundOwnership": {"maxAge": 1, "ownershipList": []}, "summaryDetail": {"maxAge": 1, "priceHint": 2, "previousClose": 101.8, "open": 107.0, "dayLow": 102.0, "dayHigh": 107.0, "regularMarketPreviousClose": 101.8, "regularMarketOpen": 107.0, "regularMarketDayLow": 102.0, "regularMarketDayHigh": 107.0, "trailingPE": 4.718414, "volume": 406, "regularMarketVolume": 406, "averageVolume": 12457, "averageVolume10days": 55884, "averageDailyVolume10Day": 55884, "bid": 102.5, "ask": 103.45, "bidSize": 0, "askSize": 0, "marketCap": 1430552064, "fiftyTwoWeekLow": 102.0, "fiftyTwoWeekHigh": 303.0, "fiftyDayAverage": 149.46715, "twoHundredDayAverage": 168.9011, "trailingAnnualDividendRate": 0.1, "trailingAnnualDividendYield": 0.0009823183, "currency": "INR", "fromCurrency": null, "toCurrency": null, "lastMarket": null, "algorithm": null, "tradeable": false}, "incomeStatementHistoryQuarterly": {"incomeStatementHistory": [{"maxAge": 1, "endDate": "2020-06-30", "totalRevenue": 5062651000, "costOfRevenue": 4956289000, "grossProfit": 106362000, "researchDevelopment": {}, "sellingGeneralAdministrative": 20246000, "nonRecurring": {}, "otherOperatingExpenses": 16772000, "totalOperatingExpenses": 4996510000, "operatingIncome": 66141000, "totalOtherIncomeExpenseNet": -1674000, "ebit": 66141000, "interestExpense": -16823000, "incomeBeforeTax": 64467000, "incomeTaxExpense": 1170000, "minorityInterest": {}, "netIncomeFromContinuingOps": 63297000, "discontinuedOperations": {}, "extraordinaryItems": {}, "effectOfAccountingCharges": {}, "otherItems": {}, "netIncome": 63297000, "netIncomeApplicableToCommonShares": 63297000}, {"maxAge": 1, "endDate": "2020-03-31", "totalRevenue": 20341434015, "costOfRevenue": 20250775773, "grossProfit": 90658242, "researchDevelopment": {}, "sellingGeneralAdministrative": 31006954, "nonRecurring": {}, "otherOperatingExpenses": -10551784, "totalOperatingExpenses": 20276842699, "operatingIncome": 64591316, "totalOtherIncomeExpenseNet": -23965185, "ebit": 64591316, "interestExpense": -37734247, "incomeBeforeTax": 40626131, "incomeTaxExpense": -3019855, "minorityInterest": {}, "netIncomeFromContinuingOps": 43645986, "discontinuedOperations": {}, "extraordinaryItems": {}, "effectOfAccountingCharges": {}, "otherItems": {}, "netIncome": 43645986, "netIncomeApplicableToCommonShares": 43645986}, {"maxAge": 1, "endDate": "2019-12-31", "totalRevenue": 10194081000, "costOfRevenue": 10076329000, "grossProfit": 117752000, "researchDevelopment": {}, "sellingGeneralAdministrative": 12086000, "nonRecurring": {}, "otherOperatingExpenses": 13850000, "totalOperatingExpenses": 10107586000, "operatingIncome": 86495000, "totalOtherIncomeExpenseNet": 12131000, "ebit": 86495000, "interestExpense": -27046000, "incomeBeforeTax": 98626000, "incomeTaxExpense": 7351000, "minorityInterest": {}, "netIncomeFromContinuingOps": 91275000, "discontinuedOperations": {}, "extraordinaryItems": {}, "effectOfAccountingCharges": {}, "otherItems": {}, "netIncome": 91275000, "netIncomeApplicableToCommonShares": 91275000}, {"maxAge": 1, "endDate": "2019-09-30", "totalRevenue": 7805024000, "costOfRevenue": 7703219000, "grossProfit": 101805000, "researchDevelopment": {}, "sellingGeneralAdministrative": 16353000, "nonRecurring": {}, "otherOperatingExpenses": 17785000, "totalOperatingExpenses": 7742530000, "operatingIncome": 62494000, "totalOtherIncomeExpenseNet": 45153000, "ebit": 62494000, "interestExpense": -10977000, "incomeBeforeTax": 107647000, "incomeTaxExpense": 2606000, "minorityInterest": {}, "netIncomeFromContinuingOps": 105041000, "discontinuedOperations": {}, "extraordinaryItems": {}, "effectOfAccountingCharges": {}, "otherItems": {}, "netIncome": 105041000, "netIncomeApplicableToCommonShares": 105041000}], "maxAge": 86400}, "cashflowStatementHistoryQuarterly": {"cashflowStatements": [{"maxAge": 1, "endDate": "2020-06-30", "netIncome": 63297000, "changeToLiabilities": 0}, {"maxAge": 1, "endDate": "2020-03-31", "netIncome": 43645986, "changeToLiabilities": 0}, {"maxAge": 1, "endDate": "2019-12-31", "netIncome": 91275000, "changeToLiabilities": 0}, {"maxAge": 1, "endDate": "2019-09-30", "netIncome": 105041000, "changeToLiabilities": 0}], "maxAge": 86400}, "insiderHolders": {"holders": [{"maxAge": 1, "name": "Saini (Gurmit Kaur Reshamsingh)", "relation": "Promoter", "url": "", "transactionDescription": "Other", "latestTransDate": "2015-04-17", "positionDirect": 0, "positionDirectDate": "2015-04-17"}, {"maxAge": 1, "name": "Saini (Reshamsingh Pyarasingh)", "relation": "Chairman of the Board", "url": "", "transactionDescription": "Other", "latestTransDate": "2015-04-17", "positionDirect": 0, "positionDirectDate": "2015-04-17"}, {"maxAge": 1, "name": "Saini (Sarabjitsingh Reshamsingh)", "relation": "Director (Executive)", "url": "", "transactionDescription": "Other", "latestTransDate": "2015-04-17", "positionDirect": 0, "positionDirectDate": "2015-04-17"}, {"maxAge": 1, "name": "Shreeji Corporate Solutions & Trade Pvt. Ltd.", "relation": "Promoter", "url": "", "transactionDescription": "Sale", "latestTransDate": "2016-03-29", "positionDirect": 1390224, "positionDirectDate": "2016-03-29"}], "maxAge": 1}, "calendarEvents": {"maxAge": 1, "earnings": {"earningsDate": []}}, "price": {"maxAge": 1, "regularMarketChangePercent": 0.007367387, "regularMarketChange": 0.75, "regularMarketTime": "2021-04-30 15:28:53", "priceHint": 2, "regularMarketPrice": 102.55, "regularMarketDayHigh": 107.0, "regularMarketDayLow": 102.0, "regularMarketVolume": 406, "averageDailyVolume10Day": 55884, "averageDailyVolume3Month": 12457, "regularMarketPreviousClose": 101.8, "regularMarketSource": "FREE_REALTIME", "regularMarketOpen": 107.0, "exchange": "BSE", "exchangeName": "BSE", "exchangeDataDelayedBy": 0, "marketState": "CLOSED", "quoteType": "EQUITY", "symbol": "ABANSENT.BO", "underlyingSymbol": null, "shortName": "ABANS ENTERPRISES LTD", "longName": "ABans Enterprises Limited", "currency": "INR", "quoteSourceName": "Delayed Quote", "currencySymbol": "\u20b9", "fromCurrency": null, "toCurrency": null, "lastMarket": null, "marketCap": 1430552064}, "balanceSheetHistory": {"balanceSheetStatements": [{"maxAge": 1, "endDate": "2020-03-31", "cash": 73687123, "netReceivables": 4515403768, "inventory": 737387061, "otherCurrentAssets": 869558810, "totalCurrentAssets": 6203670987, "propertyPlantEquipment": 107103009, "goodWill": 62681151, "intangibleAssets": 11958885, "otherAssets": 26409761, "deferredLongTermAssetCharges": 15396419, "totalAssets": 6411823793, "accountsPayable": 3307472266, "shortLongTermDebt": 7295204, "otherCurrentLiab": 1120723838, "longTermDebt": 76422885, "otherLiab": 5372503, "totalCurrentLiabilities": 5779659281, "totalLiab": 5865013266, "commonStock": 139497760, "retainedEarnings": 297210817, "treasuryStock": 110101950, "otherStockholderEquity": 110101950, "totalStockholderEquity": 546810527, "netTangibleAssets": 472170491}, {"maxAge": 1, "endDate": "2019-03-31", "cash": 605817, "netReceivables": 242127287, "otherCurrentAssets": 2368139, "totalCurrentAssets": 245101243, "propertyPlantEquipment": 33277, "otherAssets": 1766, "deferredLongTermAssetCharges": 1766, "totalAssets": 245136286, "accountsPayable": 75021083, "otherCurrentLiab": 6692273, "otherLiab": 309606, "totalCurrentLiabilities": 82747079, "totalLiab": 83056685, "commonStock": 139497760, "retainedEarnings": 22579601, "treasuryStock": 2240, "otherStockholderEquity": 2240, "totalStockholderEquity": 162079601, "netTangibleAssets": 162079601}, {"maxAge": 1, "endDate": "2018-03-31", "cash": 907483, "netReceivables": 97198559, "inventory": 28535000, "otherCurrentAssets": 22458643, "totalCurrentAssets": 149099685, "propertyPlantEquipment": 67335, "otherAssets": 38035, "deferredLongTermAssetCharges": 38035, "totalAssets": 149205055, "accountsPayable": 41150, "otherCurrentLiab": 965011, "totalCurrentLiabilities": 1209406, "totalLiab": 1209406, "commonStock": 139497760, "retainedEarnings": 8495649, "treasuryStock": 2240, "otherStockholderEquity": 2240, "totalStockholderEquity": 147995649, "netTangibleAssets": 147995649}, {"maxAge": 1, "endDate": "2017-03-31", "cash": 45670682, "netReceivables": 143893068, "inventory": 9946710, "otherCurrentAssets": 1854213, "totalCurrentAssets": 201364673, "propertyPlantEquipment": 101392, "totalAssets": 201466065, "otherCurrentLiab": 614500, "otherLiab": 8067, "totalCurrentLiabilities": 55202827, "totalLiab": 55210894, "commonStock": 139497760, "retainedEarnings": 6755171, "treasuryStock": 2240, "otherStockholderEquity": 2240, "totalStockholderEquity": 146255171, "netTangibleAssets": 146255171}], "maxAge": 86400}, "financialData": {"maxAge": 86400, "currentPrice": 102.55, "recommendationKey": "none", "grossProfits": 338900242, "financialCurrency": "INR"}}}