{"ABB.BO": {"recommendationTrend": {"trend": [{"period": "0m", "strongBuy": 0, "buy": 0, "hold": 0, "sell": 0, "strongSell": 0}, {"period": "-1m", "strongBuy": 0, "buy": 0, "hold": 0, "sell": 0, "strongSell": 0}, {"period": "-2m", "strongBuy": 0, "buy": 0, "hold": 0, "sell": 0, "strongSell": 0}, {"period": "-3m", "strongBuy": 0, "buy": 0, "hold": 0, "sell": 0, "strongSell": 0}], "maxAge": 86400}, "cashflowStatementHistory": {"cashflowStatements": [{"maxAge": 1, "endDate": "2019-12-31", "netIncome": 3034000000, "depreciation": 886800000, "changeToNetincome": -179500000, "changeToAccountReceivables": -5450900000, "changeToLiabilities": 934600000, "changeToInventory": -810400000, "changeToOperatingActivities": 8172300000, "totalCashFromOperatingActivities": 6604100000, "capitalExpenditures": -1374100000, "investments": 900000, "otherCashflowsFromInvestingActivities": -2693000000, "totalCashflowsFromInvestingActivities": -3906800000, "dividendsPaid": -1017200000, "netBorrowings": 50300000, "otherCashflowsFromFinancingActivities": -500300000, "totalCashFromFinancingActivities": -1467200000, "effectOfExchangeRate": -2000000, "changeInCash": 1225100000}, {"maxAge": 1, "endDate": "2018-12-31", "netIncome": 5108900000, "depreciation": 927600000, "changeToNetincome": 1923600000, "changeToAccountReceivables": -6464600000, "changeToLiabilities": 4835200000, "changeToInventory": -1977900000, "changeToOperatingActivities": 1966400000, "totalCashFromOperatingActivities": 6319200000, "capitalExpenditures": -2436800000, "investments": 2826700000, "otherCashflowsFromInvestingActivities": 631900000, "totalCashflowsFromInvestingActivities": 1437100000, "dividendsPaid": -932400000, "netBorrowings": -6014300000, "otherCashflowsFromFinancingActivities": -990200000, "totalCashFromFinancingActivities": -7936900000, "effectOfExchangeRate": 12700000, "changeInCash": -167900000}, {"maxAge": 1, "endDate": "2017-12-31", "netIncome": 4199500000, "depreciation": 1012300000, "changeToNetincome": 301900000, "changeToAccountReceivables": 922400000, "changeToLiabilities": 5569800000, "changeToInventory": -2133000000, "changeToOperatingActivities": -1956300000, "totalCashFromOperatingActivities": 7916600000, "capitalExpenditures": -1858400000, "investments": -2461500000, "otherCashflowsFromInvestingActivities": 1102700000, "totalCashflowsFromInvestingActivities": -3205300000, "dividendsPaid": -847600000, "netBorrowings": 83100000, "otherCashflowsFromFinancingActivities": -945400000, "totalCashFromFinancingActivities": -1709900000, "effectOfExchangeRate": 21300000, "changeInCash": 3022700000}, {"maxAge": 1, "endDate": "2016-12-31", "netIncome": 3744700000, "depreciation": 1493100000, "changeToNetincome": 875800000, "changeToAccountReceivables": 2606500000, "changeToLiabilities": 588700000, "changeToInventory": -6800000, "changeToOperatingActivities": -692700000, "totalCashFromOperatingActivities": 8625700000, "capitalExpenditures": -1386900000, "investments": -4600000, "otherCashflowsFromInvestingActivities": 363400000, "totalCashflowsFromInvestingActivities": -681400000, "dividendsPaid": -784100000, "netBorrowings": 400000, "otherCashflowsFromFinancingActivities": -1004600000, "totalCashFromFinancingActivities": -1788300000, "effectOfExchangeRate": -2300000, "changeInCash": 6153700000}], "maxAge": 86400}, "institutionOwnership": {"maxAge": 1, "ownershipList": []}, "balanceSheetHistoryQuarterly": {"balanceSheetStatements": [{"maxAge": 1, "endDate": "2020-06-30", "cash": 15088000000, "shortTermInvestments": 10664000000, "netReceivables": 16424500000, "inventory": 11402100000, "otherCurrentAssets": 5454300000, "totalCurrentAssets": 59032900000, "propertyPlantEquipment": 8287800000, "goodWill": 146200000, "intangibleAssets": 56400000, "otherAssets": 6020900000, "deferredLongTermAssetCharges": 1207800000, "totalAssets": 73544200000, "accountsPayable": 15441900000, "otherCurrentLiab": 21597000000, "otherLiab": 46600000, "totalCurrentLiabilities": 37555600000, "totalLiab": 37700000000, "commonStock": 423800000, "treasuryStock": 35420400000, "otherStockholderEquity": 35420400000, "totalStockholderEquity": 35844200000, "netTangibleAssets": 35641600000}, {"maxAge": 1, "endDate": "2020-03-31", "totalStockholderEquity": 35201100000, "netTangibleAssets": 34982200000}, {"maxAge": 1, "endDate": "2019-12-31", "cash": 15949100000, "shortTermInvestments": 800000, "netReceivables": 31803200000, "inventory": 8617300000, "otherCurrentAssets": 7377600000, "totalCurrentAssets": 63981900000, "propertyPlantEquipment": 7792800000, "goodWill": 146200000, "intangibleAssets": 72700000, "otherAssets": 5014700000, "deferredLongTermAssetCharges": 1103400000, "totalAssets": 77008300000, "accountsPayable": 19016000000, "otherCurrentLiab": 20122400000, "otherLiab": 485300000, "totalCurrentLiabilities": 41251300000, "totalLiab": 41807200000, "commonStock": 423800000, "retainedEarnings": 34259600000, "treasuryStock": 84900000, "capitalSurplus": 432800000, "otherStockholderEquity": 84900000, "totalStockholderEquity": 35201100000, "netTangibleAssets": 34982200000}, {"maxAge": 1, "endDate": "2019-09-30", "totalStockholderEquity": 41458900000, "netTangibleAssets": 41231900000}], "maxAge": 86400}, "earningsHistory": {"history": [{"maxAge": 1, "epsActual": 8.09, "epsEstimate": 8.37, "epsDifference": -0.28, "surprisePercent": -0.033, "quarter": "2017-12-31", "period": "-4q"}, {"maxAge": 1, "epsActual": 4.84, "epsEstimate": 5.58, "epsDifference": -0.74, "surprisePercent": -0.133, "quarter": "2018-03-31", "period": "-3q"}, {"maxAge": 1, "epsActual": 4.82, "epsEstimate": 5.39, "epsDifference": -0.57, "surprisePercent": -0.106000006, "quarter": "2018-06-30", "period": "-2q"}, {"maxAge": 1, "epsActual": 5.11, "epsEstimate": 4.71, "epsDifference": 0.4, "surprisePercent": 0.085, "quarter": "2018-09-30", "period": "-1q"}], "maxAge": 86400}, "indexTrend": {"maxAge": 1, "symbol": "SP5", "peRatio": 19.7411, "pegRatio": 1.34172, "estimates": [{"period": "0q", "growth": 0.549}, {"period": "+1q", "growth": 0.431}, {"period": "0y", "growth": 0.305}, {"period": "+1y", "growth": 0.109}, {"period": "+5y", "growth": 0.120865}, {"period": "-5y"}]}, "industryTrend": {"maxAge": 1, "symbol": null, "estimates": []}, "insiderTransactions": {"transactions": [{"maxAge": 1, "shares": 13920808, "filerUrl": "", "transactionText": "", "filerName": "Life Insurance Corporation of India", "filerRelation": "Investment Advisor", "moneyText": "", "startDate": "2010-08-13", "ownership": "D"}, {"maxAge": 1, "shares": 4413809, "filerUrl": "", "transactionText": "", "filerName": "Life Insurance Corporation of India", "filerRelation": "Investment Advisor", "moneyText": "", "startDate": "2009-08-12", "ownership": "D"}], "maxAge": 1}, "quoteType": {"exchange": "BSE", "quoteType": "EQUITY", "symbol": "ABB.BO", "underlyingSymbol": "ABB.BO", "shortName": "ABB INDIA LIMITED", "longName": "ABB India Limited", "firstTradeDateEpochUtc": "2002-07-01 09:15:00", "timeZoneFullName": "Asia/Kolkata", "timeZoneShortName": "IST", "uuid": "5d36e103-e339-379b-b5e9-099da8cab0c7", "messageBoardId": null, "gmtOffSetMilliseconds": 19800000, "maxAge": 1}, "incomeStatementHistory": {"incomeStatementHistory": [{"maxAge": 1, "endDate": "2019-12-31", "totalRevenue": 73150600000, "costOfRevenue": 48898800000, "grossProfit": 24251800000, "researchDevelopment": {}, "sellingGeneralAdministrative": 6109900000, "nonRecurring": {}, "otherOperatingExpenses": 12409200000, "totalOperatingExpenses": 68321900000, "operatingIncome": 4828700000, "totalOtherIncomeExpenseNet": -388700000, "ebit": 4828700000, "interestExpense": -103300000, "incomeBeforeTax": 4440000000, "incomeTaxExpense": 1417700000, "minorityInterest": {}, "netIncomeFromContinuingOps": 3022300000, "discontinuedOperations": 11700000, "extraordinaryItems": {}, "effectOfAccountingCharges": {}, "otherItems": {}, "netIncome": 3034000000, "netIncomeApplicableToCommonShares": 3034000000}, {"maxAge": 1, "endDate": "2018-12-31", "totalRevenue": 67006200000, "costOfRevenue": 45418200000, "grossProfit": 21588000000, "researchDevelopment": {}, "sellingGeneralAdministrative": 5629200000, "nonRecurring": {}, "otherOperatingExpenses": 10813600000, "totalOperatingExpenses": 62788600000, "operatingIncome": 4217600000, "totalOtherIncomeExpenseNet": -266200000, "ebit": 4217600000, "interestExpense": -427600000, "incomeBeforeTax": 3951400000, "incomeTaxExpense": 1409500000, "minorityInterest": {}, "netIncomeFromContinuingOps": 2541900000, "discontinuedOperations": 2567000000, "extraordinaryItems": {}, "effectOfAccountingCharges": {}, "otherItems": {}, "netIncome": 5108900000, "netIncomeApplicableToCommonShares": 5108900000}, {"maxAge": 1, "endDate": "2017-12-31", "totalRevenue": 60937300000, "costOfRevenue": 41238100000, "grossProfit": 19699200000, "researchDevelopment": {}, "sellingGeneralAdministrative": 5499300000, "nonRecurring": {}, "otherOperatingExpenses": 9725800000, "totalOperatingExpenses": 57475500000, "operatingIncome": 3461800000, "totalOtherIncomeExpenseNet": -123500000, "ebit": 3461800000, "interestExpense": -483600000, "incomeBeforeTax": 3338300000, "incomeTaxExpense": 1083500000, "minorityInterest": {}, "netIncomeFromContinuingOps": 2254800000, "discontinuedOperations": 1944700000, "extraordinaryItems": {}, "effectOfAccountingCharges": {}, "otherItems": {}, "netIncome": 4199500000, "netIncomeApplicableToCommonShares": 4199500000}, {"maxAge": 1, "endDate": "2016-12-31", "totalRevenue": 86422100000, "costOfRevenue": 56567500000, "grossProfit": 29854600000, "researchDevelopment": {}, "sellingGeneralAdministrative": 7931900000, "nonRecurring": {}, "otherOperatingExpenses": 14466500000, "totalOperatingExpenses": 80475400000, "operatingIncome": 5946700000, "totalOtherIncomeExpenseNet": -214000000, "ebit": 5946700000, "interestExpense": -794700000, "incomeBeforeTax": 5732700000, "incomeTaxExpense": 1988000000, "minorityInterest": {}, "netIncomeFromContinuingOps": 3744700000, "discontinuedOperations": 1944700000, "extraordinaryItems": {}, "effectOfAccountingCharges": {}, "otherItems": {}, "netIncome": 3744700000, "netIncomeApplicableToCommonShares": 3744700000}], "maxAge": 86400}, "fundOwnership": {"maxAge": 1, "ownershipList": []}, "summaryDetail": {"maxAge": 1, "priceHint": 2, "previousClose": 1383.15, "open": 1382.0, "dayLow": 1362.3, "dayHigh": 1399.0, "regularMarketPreviousClose": 1383.15, "regularMarketOpen": 1382.0, "regularMarketDayLow": 1362.3, "regularMarketDayHigh": 1399.0, "trailingPE": 212.9929, "forwardPE": 43.79949, "volume": 11122, "regularMarketVolume": 11122, "averageVolume": 17691, "averageVolume10days": 17066, "averageDailyVolume10Day": 17066, "bid": 1380.2, "ask": 1386.1, "bidSize": 0, "askSize": 0, "marketCap": 293015781376, "fiftyTwoWeekLow": 722.45, "fiftyTwoWeekHigh": 1633.75, "fiftyDayAverage": 1394.0957, "twoHundredDayAverage": 1090.6799, "trailingAnnualDividendRate": 4.8, "trailingAnnualDividendYield": 0.0034703396, "currency": "INR", "fromCurrency": null, "toCurrency": null, "lastMarket": null, "algorithm": null, "tradeable": false}, "sectorTrend": {"maxAge": 1, "symbol": null, "estimates": []}, "incomeStatementHistoryQuarterly": {"incomeStatementHistory": [{"maxAge": 1, "endDate": "2020-06-30", "totalRevenue": 9857800000, "costOfRevenue": 6419300000, "grossProfit": 3438500000, "researchDevelopment": {}, "sellingGeneralAdministrative": 1202000000, "nonRecurring": {}, "otherOperatingExpenses": 2002100000, "totalOperatingExpenses": 9872400000, "operatingIncome": -14600000, "totalOtherIncomeExpenseNet": 248700000, "ebit": -14600000, "interestExpense": -37500000, "incomeBeforeTax": 234100000, "incomeTaxExpense": 66600000, "minorityInterest": {}, "netIncomeFromContinuingOps": 167500000, "discontinuedOperations": -4700000, "extraordinaryItems": {}, "effectOfAccountingCharges": {}, "otherItems": {}, "netIncome": 162800000, "netIncomeApplicableToCommonShares": 162800000}, {"maxAge": 1, "endDate": "2020-03-31", "totalRevenue": 15222400000, "costOfRevenue": 9927200000, "grossProfit": 5295200000, "researchDevelopment": {}, "sellingGeneralAdministrative": 1633400000, "nonRecurring": {}, "otherOperatingExpenses": 3516800000, "totalOperatingExpenses": 15348100000, "operatingIncome": -125700000, "totalOtherIncomeExpenseNet": 991800000, "ebit": -125700000, "interestExpense": -33900000, "incomeBeforeTax": 866100000, "incomeTaxExpense": 206100000, "minorityInterest": {}, "netIncomeFromContinuingOps": 660000000, "discontinuedOperations": -13600000, "extraordinaryItems": {}, "effectOfAccountingCharges": {}, "otherItems": {}, "netIncome": 646400000, "netIncomeApplicableToCommonShares": 646400000}, {"maxAge": 1, "endDate": "2019-12-31", "totalRevenue": 19934400000, "costOfRevenue": 13634400000, "grossProfit": 6300000000, "researchDevelopment": {}, "sellingGeneralAdministrative": 1778900000, "nonRecurring": {}, "otherOperatingExpenses": 2715900000, "totalOperatingExpenses": 18353400000, "operatingIncome": 1581000000, "totalOtherIncomeExpenseNet": -781400000, "ebit": 1581000000, "interestExpense": -33900000, "incomeBeforeTax": 799600000, "incomeTaxExpense": 153000000, "minorityInterest": {}, "netIncomeFromContinuingOps": 646600000, "discontinuedOperations": -1431300000, "extraordinaryItems": {}, "effectOfAccountingCharges": {}, "otherItems": {}, "netIncome": -784700000, "netIncomeApplicableToCommonShares": -784700000}, {"maxAge": 1, "endDate": "2019-09-30", "totalRevenue": 17456200000, "costOfRevenue": 11352000000, "grossProfit": 6104200000, "researchDevelopment": {}, "sellingGeneralAdministrative": 1394900000, "nonRecurring": {}, "otherOperatingExpenses": 3475700000, "totalOperatingExpenses": 16449200000, "operatingIncome": 1007000000, "totalOtherIncomeExpenseNet": 119900000, "ebit": 1007000000, "interestExpense": -44200000, "incomeBeforeTax": 1126900000, "incomeTaxExpense": 338800000, "minorityInterest": {}, "netIncomeFromContinuingOps": 788100000, "discontinuedOperations": 564700000, "extraordinaryItems": {}, "effectOfAccountingCharges": {}, "otherItems": {}, "netIncome": 1352800000, "netIncomeApplicableToCommonShares": 1352800000}], "maxAge": 86400}, "cashflowStatementHistoryQuarterly": {"cashflowStatements": [{"maxAge": 1, "endDate": "2020-06-30", "netIncome": 162800000, "changeToLiabilities": 0}, {"maxAge": 1, "endDate": "2020-03-31", "netIncome": 646400000, "changeToLiabilities": 0}, {"maxAge": 1, "endDate": "2019-12-31", "netIncome": -784700000, "changeToLiabilities": 0}, {"maxAge": 1, "endDate": "2019-09-30", "netIncome": 1352800000, "changeToLiabilities": 0}], "maxAge": 86400}, "insiderHolders": {"holders": [{"maxAge": 1, "name": "Life Insurance Corporation of India", "relation": "Investment Advisor", "url": "", "transactionDescription": "Sale", "latestTransDate": "2010-08-13", "positionDirect": 20330322, "positionDirectDate": "2010-08-13"}], "maxAge": 1}, "earnings": {"maxAge": 86400, "earningsChart": {"quarterly": [{"date": "4Q2017", "actual": 8.09, "estimate": 8.37}, {"date": "1Q2018", "actual": 4.84, "estimate": 5.58}, {"date": "2Q2018", "actual": 4.82, "estimate": 5.39}, {"date": "3Q2018", "actual": 5.11, "estimate": 4.71}], "currentQuarterEstimateDate": "4Q", "currentQuarterEstimateYear": 2018, "earningsDate": ["2020-07-24 05:30:S"]}, "financialsChart": {"yearly": [{"date": 2016, "revenue": 86422100000, "earnings": 3744700000}, {"date": 2017, "revenue": 60937300000, "earnings": 4199500000}, {"date": 2018, "revenue": 67006200000, "earnings": 5108900000}, {"date": 2019, "revenue": 73150600000, "earnings": 3034000000}], "quarterly": [{"date": "3Q2019", "revenue": 17456200000, "earnings": 1352800000}, {"date": "4Q2019", "revenue": 19934400000, "earnings": -784700000}, {"date": "1Q2020", "revenue": 15222400000, "earnings": 646400000}, {"date": "2Q2020", "revenue": 9857800000, "earnings": 162800000}]}, "financialCurrency": "INR"}, "calendarEvents": {"maxAge": 1, "earnings": {"earningsDate": ["2020-07-24 05:30:S"], "revenueAverage": 30845600000, "revenueLow": 23630000000, "revenueHigh": 33885000000}}, "price": {"maxAge": 1, "regularMarketChangePercent": -0.0002892126, "regularMarketChange": -0.4000244, "regularMarketTime": "2021-04-30 15:29:23", "priceHint": 2, "regularMarketPrice": 1382.75, "regularMarketDayHigh": 1399.0, "regularMarketDayLow": 1362.3, "regularMarketVolume": 11122, "averageDailyVolume10Day": 17066, "averageDailyVolume3Month": 17691, "regularMarketPreviousClose": 1383.15, "regularMarketSource": "FREE_REALTIME", "regularMarketOpen": 1382.0, "exchange": "BSE", "exchangeName": "BSE", "exchangeDataDelayedBy": 0, "marketState": "CLOSED", "quoteType": "EQUITY", "symbol": "ABB.BO", "underlyingSymbol": null, "shortName": "ABB INDIA LIMITED", "longName": "ABB India Limited", "currency": "INR", "quoteSourceName": "Delayed Quote", "currencySymbol": "\u20b9", "fromCurrency": null, "toCurrency": null, "lastMarket": null, "marketCap": 293015781376}, "balanceSheetHistory": {"balanceSheetStatements": [{"maxAge": 1, "endDate": "2019-12-31", "cash": 15949100000, "shortTermInvestments": 800000, "netReceivables": 31803200000, "inventory": 8617300000, "otherCurrentAssets": 7377600000, "totalCurrentAssets": 63981900000, "propertyPlantEquipment": 7792800000, "goodWill": 146200000, "intangibleAssets": 72700000, "otherAssets": 5014700000, "deferredLongTermAssetCharges": 1103400000, "totalAssets": 77008300000, "accountsPayable": 19016000000, "otherCurrentLiab": 20122400000, "otherLiab": 485300000, "totalCurrentLiabilities": 41251300000, "totalLiab": 41807200000, "commonStock": 423800000, "retainedEarnings": 34259600000, "treasuryStock": 84900000, "capitalSurplus": 432800000, "otherStockholderEquity": 84900000, "totalStockholderEquity": 35201100000, "netTangibleAssets": 34982200000}, {"maxAge": 1, "endDate": "2018-12-31", "cash": 14724000000, "shortTermInvestments": 800000, "netReceivables": 20313100000, "inventory": 9278500000, "otherCurrentAssets": 30689700000, "totalCurrentAssets": 75251200000, "longTermInvestments": 900000, "propertyPlantEquipment": 9543600000, "goodWill": 146200000, "intangibleAssets": 72200000, "otherAssets": 5754900000, "deferredLongTermAssetCharges": 1149600000, "totalAssets": 90769000000, "accountsPayable": 18745100000, "otherCurrentLiab": 30052900000, "otherLiab": 357800000, "totalCurrentLiabilities": 50317700000, "totalLiab": 50695800000, "commonStock": 423800000, "retainedEarnings": 38962700000, "treasuryStock": 86700000, "capitalSurplus": 600000000, "otherStockholderEquity": 86700000, "totalStockholderEquity": 40073200000, "netTangibleAssets": 39854800000}, {"maxAge": 1, "endDate": "2017-12-31", "cash": 14891900000, "shortTermInvestments": 160400000, "netReceivables": 36227400000, "inventory": 11535500000, "otherCurrentAssets": 3726700000, "totalCurrentAssets": 69327600000, "longTermInvestments": 1700000, "propertyPlantEquipment": 12590800000, "goodWill": 464200000, "intangibleAssets": 296400000, "otherAssets": 6199800000, "deferredLongTermAssetCharges": 1173000000, "totalAssets": 88880500000, "accountsPayable": 27131100000, "shortLongTermDebt": 6000000000, "otherCurrentLiab": 16588100000, "otherLiab": 465400000, "totalCurrentLiabilities": 52304800000, "totalLiab": 52811600000, "commonStock": 423800000, "retainedEarnings": 33458400000, "treasuryStock": 1586700000, "capitalSurplus": 600000000, "otherStockholderEquity": 1586700000, "totalStockholderEquity": 36068900000, "netTangibleAssets": 35308300000}, {"maxAge": 1, "endDate": "2016-12-31", "cash": 11891600000, "shortTermInvestments": 800000, "netReceivables": 34910000000, "inventory": 9402500000, "otherCurrentAssets": 2293400000, "totalCurrentAssets": 58649500000, "longTermInvestments": 162300000, "propertyPlantEquipment": 12365700000, "goodWill": 464200000, "intangibleAssets": 397000000, "otherAssets": 5273300000, "deferredLongTermAssetCharges": 1303800000, "totalAssets": 77312000000, "accountsPayable": 21573000000, "otherCurrentLiab": 13727600000, "longTermDebt": 6000000000, "otherLiab": 559900000, "totalCurrentLiabilities": 37885100000, "totalLiab": 44445000000, "commonStock": 423800000, "retainedEarnings": 30871700000, "treasuryStock": 971500000, "capitalSurplus": 600000000, "otherStockholderEquity": 971500000, "totalStockholderEquity": 32867000000, "netTangibleAssets": 32005800000}], "maxAge": 86400}, "earningsTrend": {"trend": [{"maxAge": 1, "period": "0q", "endDate": "2018-12-31", "growth": {}, "earningsEstimate": {"avg": 0.0, "low": 0.0, "high": 0.0, "yearAgoEps": 8.09, "numberOfAnalysts": 0, "growth": {}}, "revenueEstimate": {"avg": 30845600000, "low": 23630000000, "high": 33885000000, "numberOfAnalysts": 5, "yearAgoRevenue": 27794000000, "growth": 0.11}, "epsTrend": {"current": 0.0, "7daysAgo": 8.62, "30daysAgo": 8.62, "60daysAgo": 8.62, "90daysAgo": 8.62}, "epsRevisions": {"upLast7days": 0, "upLast30days": 0, "downLast30days": 0, "downLast90days": {}}}, {"maxAge": 1, "period": "+1q", "endDate": "2019-03-31", "growth": {}, "earningsEstimate": {"avg": 0.0, "low": 0.0, "high": 0.0, "yearAgoEps": 4.84, "numberOfAnalysts": 0, "growth": {}}, "revenueEstimate": {"avg": 25900000000, "low": 25900000000, "high": 25900000000, "numberOfAnalysts": 1, "yearAgoRevenue": 25254800000, "growth": 0.025999999}, "epsTrend": {"current": 0.0, "7daysAgo": 0.0, "30daysAgo": 0.0, "60daysAgo": 0.0, "90daysAgo": 0.0}, "epsRevisions": {"upLast7days": 0, "upLast30days": 0, "downLast30days": 0, "downLast90days": {}}}, {"maxAge": 1, "period": "0y", "endDate": "2018-12-31", "growth": {}, "earningsEstimate": {"avg": 0.0, "low": 0.0, "high": 0.0, "yearAgoEps": {}, "numberOfAnalysts": 0, "growth": {}}, "revenueEstimate": {"avg": 108748000000, "low": 103780000000, "high": 113494000000, "numberOfAnalysts": 27, "yearAgoRevenue": 93751000000, "growth": 0.16}, "epsTrend": {"current": 0.0, "7daysAgo": 25.24, "30daysAgo": 25.24, "60daysAgo": 25.24, "90daysAgo": 25.24}, "epsRevisions": {"upLast7days": 0, "upLast30days": 2, "downLast30days": 0, "downLast90days": {}}}, {"maxAge": 1, "period": "+1y", "endDate": "2019-12-31", "growth": {}, "earningsEstimate": {"avg": 0.0, "low": 0.0, "high": 0.0, "yearAgoEps": {}, "numberOfAnalysts": 0, "growth": {}}, "revenueEstimate": {"avg": 120037000000, "low": 74280000000, "high": 147201000000, "numberOfAnalysts": 27, "yearAgoRevenue": 108748000000, "growth": 0.103999995}, "epsTrend": {"current": 0.0, "7daysAgo": 31.57, "30daysAgo": 31.57, "60daysAgo": 31.57, "90daysAgo": 31.57}, "epsRevisions": {"upLast7days": 0, "upLast30days": 0, "downLast30days": 0, "downLast90days": {}}}, {"maxAge": 1, "period": "+5y", "endDate": null, "growth": 0.2318, "earningsEstimate": {"avg": {}, "low": {}, "high": {}, "yearAgoEps": {}, "numberOfAnalysts": {}, "growth": {}}, "revenueEstimate": {"avg": {}, "low": {}, "high": {}, "numberOfAnalysts": {}, "yearAgoRevenue": {}, "growth": {}}, "epsTrend": {"current": {}, "7daysAgo": {}, "30daysAgo": {}, "60daysAgo": {}, "90daysAgo": {}}, "epsRevisions": {"upLast7days": {}, "upLast30days": {}, "downLast30days": {}, "downLast90days": {}}}, {"maxAge": 1, "period": "-5y", "endDate": null, "growth": {}, "earningsEstimate": {"avg": {}, "low": {}, "high": {}, "yearAgoEps": {}, "numberOfAnalysts": {}, "growth": {}}, "revenueEstimate": {"avg": {}, "low": {}, "high": {}, "numberOfAnalysts": {}, "yearAgoRevenue": {}, "growth": {}}, "epsTrend": {"current": {}, "7daysAgo": {}, "30daysAgo": {}, "60daysAgo": {}, "90daysAgo": {}}, "epsRevisions": {"upLast7days": {}, "upLast30days": {}, "downLast30days": {}, "downLast90days": {}}}], "maxAge": 1}, "financialData": {"maxAge": 86400, "currentPrice": 1382.75, "targetHighPrice": 1700.0, "targetLowPrice": 942.0, "targetMeanPrice": 1305.44, "targetMedianPrice": 1381.0, "recommendationKey": "none", "numberOfAnalystOpinions": 25, "grossProfits": 24251800000, "financialCurrency": "INR"}}}