{"ABB.NS": {"assetProfile": {"address1": "Plot No. 5 & 6, 2nd Stage", "address2": "Peenya Industrial Area IV Peenya", "city": "Bengaluru", "zip": "560058", "country": "India", "phone": "91 80 2294 9150", "fax": "91 80 2294 9148", "website": "http://new.abb.com/indian-subcontinent", "industry": "Specialty Industrial Machinery", "sector": "Industrials", "longBusinessSummary": "ABB India Limited develops and sells products and system solutions to utilities, industries, channel partners, and original equipment manufacturers worldwide. The company operates through Motion, Robotics and Discrete Automation, Electrification, and Industrial Automation segments. The Motion segment produces and provides motors, generators, and drives that provide power, motion, and control for a range of automation applications; and offers solutions and related services. The Robotics and Discrete Automation segment provides value-added solutions in robotics, machine, and factory automation. The Electrification segment offers a range of digital and connected solutions for low- and medium-voltage applications, which include EV infrastructure, solar inverters, modular substations, distribution automation, power protection, wiring accessories, switchgear, enclosures, cabling, sensing, and control products. The Industrial Automation segment provides products, systems, and services, including turnkey engineering, control systems, measurement products, life cycle services, outsourced maintenance, and industry specific products for the optimization of the productivity of industrial processes in oil and gas, power, chemicals and pharmaceuticals, pulp and paper, metals and minerals, marine, and turbocharging industries. The company was formerly known as ABB Limited and changed its name to ABB India Limited in June 2013. The company was incorporated in 1949 and is based in Bengaluru, India. ABB India Limited is a subsidiary of ABB Asea Brown Boveri Ltd.", "fullTimeEmployees": 3255, "companyOfficers": [{"maxAge": 1, "name": "Mr. Sanjeev  Sharma", "age": 55, "title": "MD & Director", "yearBorn": 1965, "fiscalYear": 2020, "totalPay": 75700000, "exercisedValue": 0, "unexercisedValue": 0}, {"maxAge": 1, "name": "Mr. T. K. Sridhar", "title": "CFO & Chief Investor Relations Officer", "fiscalYear": 2019, "exercisedValue": 0, "unexercisedValue": 0}, {"maxAge": 1, "name": "Mr. Raman Kumar Singh", "title": "Country HR Officer", "exercisedValue": 0, "unexercisedValue": 0}, {"maxAge": 1, "name": "Mr. Nuguri  Venu", "title": "Head of Power Grids Division - South Asia", "exercisedValue": 0, "unexercisedValue": 0}, {"maxAge": 1, "name": "Mr. G. N. V. Subba Rao", "title": "Head of India Centre for Global R&D", "exercisedValue": 0, "unexercisedValue": 0}, {"maxAge": 1, "name": "Mr. C. P. Vyas", "title": "Pres of Electrification Products", "exercisedValue": 0, "unexercisedValue": 0}, {"maxAge": 1, "name": "Mr. Sanjeev  Arora", "title": "Pres of Motion", "exercisedValue": 0, "unexercisedValue": 0}, {"maxAge": 1, "name": "Mr. Subrata  Karmakar", "title": "Pres of Robotics & Discrete Automation", "exercisedValue": 0, "unexercisedValue": 0}, {"maxAge": 1, "name": "Mr. G.  Balaji", "title": "Head of Energy Division Process Automation", "exercisedValue": 0, "unexercisedValue": 0}], "auditRisk": 7, "boardRisk": 3, "compensationRisk": 3, "shareHolderRightsRisk": 4, "overallRisk": 2, "governanceEpochDate": "2021-04-01 05:30:00", "compensationAsOfEpochDate": "2020-12-31 05:30:00", "maxAge": 86400}, "recommendationTrend": {"trend": [{"period": "0m", "strongBuy": 0, "buy": 0, "hold": 0, "sell": 0, "strongSell": 0}, {"period": "-1m", "strongBuy": 1, "buy": 5, "hold": 3, "sell": 10, "strongSell": 7}, {"period": "-2m", "strongBuy": 1, "buy": 4, "hold": 4, "sell": 10, "strongSell": 7}, {"period": "-3m", "strongBuy": 1, "buy": 4, "hold": 5, "sell": 10, "strongSell": 7}], "maxAge": 86400}, "cashflowStatementHistory": {"cashflowStatements": [{"maxAge": 1, "endDate": "2020-12-31", "netIncome": 2192200000, "depreciation": 1188400000, "changeToNetincome": -84100000, "changeToAccountReceivables": 3066800000, "changeToLiabilities": -2716400000, "changeToInventory": -535300000, "changeToOperatingActivities": 55400000, "totalCashFromOperatingActivities": 3182200000, "capitalExpenditures": -1213800000, "otherCashflowsFromInvestingActivities": 4114900000, "totalCashflowsFromInvestingActivities": 4424400000, "dividendsPaid": -1017200000, "netBorrowings": -336600000, "otherCashflowsFromFinancingActivities": -168700000, "totalCashFromFinancingActivities": -1522500000, "effectOfExchangeRate": 6300000, "changeInCash": 6090400000}, {"maxAge": 1, "endDate": "2019-12-31", "netIncome": 3034000000, "depreciation": 886800000, "changeToNetincome": -179500000, "changeToAccountReceivables": -5450900000, "changeToLiabilities": 934600000, "changeToInventory": -810400000, "changeToOperatingActivities": 8172300000, "totalCashFromOperatingActivities": 6604100000, "capitalExpenditures": -1374100000, "investments": 900000, "otherCashflowsFromInvestingActivities": -2693000000, "totalCashflowsFromInvestingActivities": -3906800000, "dividendsPaid": -1017200000, "netBorrowings": 50300000, "otherCashflowsFromFinancingActivities": -500300000, "totalCashFromFinancingActivities": -1467200000, "effectOfExchangeRate": -2000000, "changeInCash": 1225100000}, {"maxAge": 1, "endDate": "2018-12-31", "netIncome": 5108900000, "depreciation": 927600000, "changeToNetincome": 1923600000, "changeToAccountReceivables": -6464600000, "changeToLiabilities": 4835200000, "changeToInventory": -1977900000, "changeToOperatingActivities": 1966400000, "totalCashFromOperatingActivities": 6319200000, "capitalExpenditures": -2436800000, "investments": 2826700000, "otherCashflowsFromInvestingActivities": 631900000, "totalCashflowsFromInvestingActivities": 1437100000, "dividendsPaid": -932400000, "netBorrowings": -6014300000, "otherCashflowsFromFinancingActivities": -990200000, "totalCashFromFinancingActivities": -7936900000, "effectOfExchangeRate": 12700000, "changeInCash": -167900000}, {"maxAge": 1, "endDate": "2017-12-31", "netIncome": 4199500000, "depreciation": 1012300000, "changeToNetincome": 301900000, "changeToAccountReceivables": 922400000, "changeToLiabilities": 5569800000, "changeToInventory": -2133000000, "changeToOperatingActivities": -1956300000, "totalCashFromOperatingActivities": 7916600000, "capitalExpenditures": -1858400000, "investments": -2461500000, "otherCashflowsFromInvestingActivities": 1102700000, "totalCashflowsFromInvestingActivities": -3205300000, "dividendsPaid": -847600000, "netBorrowings": 83100000, "otherCashflowsFromFinancingActivities": -945400000, "totalCashFromFinancingActivities": -1709900000, "effectOfExchangeRate": 21300000, "changeInCash": 3022700000}], "maxAge": 86400}, "indexTrend": {"maxAge": 1, "symbol": "SP5", "peRatio": 19.7411, "pegRatio": 1.34172, "estimates": [{"period": "0q", "growth": 0.549}, {"period": "+1q", "growth": 0.431}, {"period": "0y", "growth": 0.305}, {"period": "+1y", "growth": 0.109}, {"period": "+5y", "growth": 0.120865}, {"period": "-5y"}]}, "defaultKeyStatistics": {"maxAge": 1, "priceHint": 2, "enterpriseValue": 271251144704, "forwardPE": 39.0625, "profitMargins": 0.04992, "floatShares": 52445204, "sharesOutstanding": 211908000, "heldPercentInsiders": 0.75, "heldPercentInstitutions": 0.13374, "beta": 0.929648, "category": null, "bookValue": 170.186, "priceToBook": 8.116119, "fundFamily": null, "legalType": null, "lastFiscalYearEnd": "2020-12-31 05:30:00", "nextFiscalYearEnd": "2022-12-31 05:30:00", "mostRecentQuarter": "2021-03-31 05:30:00", "earningsQuarterlyGrowth": 1.186, "netIncomeToCommon": 3150599936, "trailingEps": 13.96, "forwardEps": 35.36, "pegRatio": 3.01, "lastSplitFactor": "5:1", "lastSplitDate": "2007-06-28 05:30:00", "enterpriseToRevenue": 4.576, "enterpriseToEbitda": 71.335, "52WeekChange": 0.57049465, "SandP52WeekChange": 0.48148263, "lastDividendValue": 5.0, "lastDividendDate": 1618876800}, "industryTrend": {"maxAge": 1, "symbol": null, "estimates": []}, "quoteType": {"exchange": "NSI", "quoteType": "EQUITY", "symbol": "ABB.NS", "underlyingSymbol": "ABB.NS", "shortName": "ABB INDIA LTD", "longName": "ABB India Limited", "firstTradeDateEpochUtc": "2002-07-01 09:15:00", "timeZoneFullName": "Asia/Kolkata", "timeZoneShortName": "IST", "uuid": "333b2b94-c2eb-37ab-8862-a2c20b8cb33b", "messageBoardId": "finmb_878520", "gmtOffSetMilliseconds": 19800000, "maxAge": 1}, "incomeStatementHistory": {"incomeStatementHistory": [{"maxAge": 1, "endDate": "2020-12-31", "totalRevenue": 58209500000, "costOfRevenue": 38990600000, "grossProfit": 19218900000, "researchDevelopment": {}, "sellingGeneralAdministrative": 5707600000, "nonRecurring": {}, "otherOperatingExpenses": 10664500000, "totalOperatingExpenses": 56566300000, "operatingIncome": 1643200000, "totalOtherIncomeExpenseNet": 1400500000, "ebit": 1643200000, "interestExpense": -101800000, "incomeBeforeTax": 3043700000, "incomeTaxExpense": 739300000, "minorityInterest": {}, "netIncomeFromContinuingOps": 2304400000, "discontinuedOperations": -112200000, "extraordinaryItems": {}, "effectOfAccountingCharges": {}, "otherItems": {}, "netIncome": 2192200000, "netIncomeApplicableToCommonShares": 2192200000}, {"maxAge": 1, "endDate": "2019-12-31", "totalRevenue": 73150600000, "costOfRevenue": 48898800000, "grossProfit": 24251800000, "researchDevelopment": {}, "sellingGeneralAdministrative": 6109900000, "nonRecurring": {}, "otherOperatingExpenses": 12409200000, "totalOperatingExpenses": 68321900000, "operatingIncome": 4828700000, "totalOtherIncomeExpenseNet": -388700000, "ebit": 4828700000, "interestExpense": -103300000, "incomeBeforeTax": 4440000000, "incomeTaxExpense": 1417700000, "minorityInterest": {}, "netIncomeFromContinuingOps": 3022300000, "discontinuedOperations": 11700000, "extraordinaryItems": {}, "effectOfAccountingCharges": {}, "otherItems": {}, "netIncome": 3034000000, "netIncomeApplicableToCommonShares": 3034000000}, {"maxAge": 1, "endDate": "2018-12-31", "totalRevenue": 67006200000, "costOfRevenue": 45418200000, "grossProfit": 21588000000, "researchDevelopment": {}, "sellingGeneralAdministrative": 5629200000, "nonRecurring": {}, "otherOperatingExpenses": 10813600000, "totalOperatingExpenses": 62788600000, "operatingIncome": 4217600000, "totalOtherIncomeExpenseNet": -266200000, "ebit": 4217600000, "interestExpense": -427600000, "incomeBeforeTax": 3951400000, "incomeTaxExpense": 1409500000, "minorityInterest": {}, "netIncomeFromContinuingOps": 2541900000, "discontinuedOperations": 2567000000, "extraordinaryItems": {}, "effectOfAccountingCharges": {}, "otherItems": {}, "netIncome": 5108900000, "netIncomeApplicableToCommonShares": 5108900000}, {"maxAge": 1, "endDate": "2017-12-31", "totalRevenue": 60937300000, "costOfRevenue": 41238100000, "grossProfit": 19699200000, "researchDevelopment": {}, "sellingGeneralAdministrative": 5499300000, "nonRecurring": {}, "otherOperatingExpenses": 9725800000, "totalOperatingExpenses": 57475500000, "operatingIncome": 3461800000, "totalOtherIncomeExpenseNet": -123500000, "ebit": 3461800000, "interestExpense": -483600000, "incomeBeforeTax": 3338300000, "incomeTaxExpense": 1083500000, "minorityInterest": {}, "netIncomeFromContinuingOps": 2254800000, "discontinuedOperations": 1944700000, "extraordinaryItems": {}, "effectOfAccountingCharges": {}, "otherItems": {}, "netIncome": 4199500000, "netIncomeApplicableToCommonShares": 4199500000}], "maxAge": 86400}, "fundOwnership": {"maxAge": 1, "ownershipList": [{"maxAge": 1, "reportDate": "2021-01-31", "organization": "Vanguard International Stock Index-Emerging Markets Stk", "pctHeld": 0.0033000002, "position": 694450, "value": 964104935}, {"maxAge": 1, "reportDate": "2021-01-31", "organization": "Vanguard International Stock Index-Total Intl Stock Indx", "pctHeld": 0.0031, "position": 653761, "value": 907616396}, {"maxAge": 1, "reportDate": "2021-02-28", "organization": "Aberdeen Standard SICAV I-Indian Equity Fd", "pctHeld": 0.0021, "position": 450847, "value": 688961843}, {"maxAge": 1, "reportDate": "2020-12-31", "organization": "Matthews International  Fds-Matthews India Fd", "pctHeld": 0.001, "position": 211441, "value": 256277064}, {"maxAge": 1, "reportDate": "2021-01-31", "organization": "Vanguard Intl Equity Index Fds-FTSE All World ex U.S. Index Fund", "pctHeld": 0.0005, "position": 95839, "value": 133053283}, {"maxAge": 1, "reportDate": "2021-02-28", "organization": "Schwab Strategic Tr-Schwab Emerging Markets Equity ETF", "pctHeld": 0.00029999999, "position": 65073, "value": 99441304}, {"maxAge": 1, "reportDate": "2021-01-31", "organization": "Vanguard Intl Equity Index - Total World Stock Index Fd", "pctHeld": 0.0001, "position": 19787, "value": 27470292}, {"maxAge": 1, "reportDate": "2021-01-31", "organization": "DFA Emerging Markets Core Equity Portfolio", "pctHeld": 0.0001, "position": 16880, "value": 23434504}, {"maxAge": 1, "reportDate": "2020-12-31", "organization": "Parametric Tax-Managed Emerging Markets Fund", "pctHeld": 0.0001, "position": 13800, "value": 16726290}]}, "summaryDetail": {"maxAge": 1, "priceHint": 2, "previousClose": 1381.3, "open": 1375.0, "dayLow": 1360.0, "dayHigh": 1399.4, "regularMarketPreviousClose": 1381.3, "regularMarketOpen": 1375.0, "regularMarketDayLow": 1360.0, "regularMarketDayHigh": 1399.4, "dividendRate": 5.0, "dividendYield": 0.0036000002, "exDividendDate": "2021-04-20 05:30:00", "payoutRatio": 0.4416, "beta": 0.929648, "trailingPE": 98.94341, "forwardPE": 39.0625, "volume": 167179, "regularMarketVolume": 167179, "averageVolume": 159924, "averageVolume10days": 233621, "averageDailyVolume10Day": 233621, "bid": 0.0, "ask": 0.0, "bidSize": 0, "askSize": 0, "marketCap": 293090197504, "fiftyTwoWeekLow": 722.0, "fiftyTwoWeekHigh": 1635.0, "priceToSalesTrailing12Months": 4.9442835, "fiftyDayAverage": 1396.2177, "twoHundredDayAverage": 1258.0247, "trailingAnnualDividendRate": 5.0, "trailingAnnualDividendYield": 0.0036197784, "currency": "INR", "fromCurrency": null, "toCurrency": null, "lastMarket": null, "algorithm": null, "tradeable": false}, "insiderHolders": {"holders": [{"maxAge": 1, "name": "Life Insurance Corporation of India", "relation": "Investment Advisor", "url": "", "transactionDescription": "Sale", "latestTransDate": "2010-08-13", "positionDirect": 20330322, "positionDirectDate": "2010-08-13"}], "maxAge": 1}, "calendarEvents": {"maxAge": 1, "earnings": {"earningsDate": [], "earningsAverage": 5.92, "earningsLow": 5.92, "earningsHigh": 5.92}, "exDividendDate": "2021-04-20 05:30:00"}, "price": {"maxAge": 1, "regularMarketChangePercent": -3.6233134e-05, "regularMarketChange": -0.050048828, "regularMarketTime": "2021-04-30 15:29:56", "priceHint": 2, "regularMarketPrice": 1381.25, "regularMarketDayHigh": 1399.4, "regularMarketDayLow": 1360.0, "regularMarketVolume": 167179, "averageDailyVolume10Day": 233621, "averageDailyVolume3Month": 159924, "regularMarketPreviousClose": 1381.3, "regularMarketSource": "FREE_REALTIME", "regularMarketOpen": 1375.0, "exchange": "NSI", "exchangeName": "NSE", "exchangeDataDelayedBy": 15, "marketState": "CLOSED", "quoteType": "EQUITY", "symbol": "ABB.NS", "underlyingSymbol": null, "shortName": "ABB INDIA LTD", "longName": "ABB India Limited", "currency": "INR", "quoteSourceName": "Delayed Quote", "currencySymbol": "\u20b9", "fromCurrency": null, "toCurrency": null, "lastMarket": null, "marketCap": 293090197504}, "balanceSheetHistory": {"balanceSheetStatements": [{"maxAge": 1, "endDate": "2020-12-31", "cash": 22039500000, "shortTermInvestments": 800000, "netReceivables": 27393400000, "inventory": 8408300000, "otherCurrentAssets": 2694100000, "totalCurrentAssets": 60836400000, "propertyPlantEquipment": 8378400000, "goodWill": 146200000, "intangibleAssets": 51300000, "otherAssets": 6492700000, "deferredLongTermAssetCharges": 1172100000, "totalAssets": 75905000000, "accountsPayable": 17207400000, "otherCurrentLiab": 19251200000, "otherLiab": 52700000, "totalCurrentLiabilities": 39339200000, "totalLiab": 39841200000, "commonStock": 423800000, "retainedEarnings": 35122300000, "treasuryStock": 84900000, "capitalSurplus": 432800000, "otherStockholderEquity": 84900000, "totalStockholderEquity": 36063800000, "netTangibleAssets": 35866300000}, {"maxAge": 1, "endDate": "2019-12-31", "cash": 15949100000, "shortTermInvestments": 800000, "netReceivables": 31803200000, "inventory": 8617300000, "otherCurrentAssets": 7377600000, "totalCurrentAssets": 63981900000, "propertyPlantEquipment": 7792800000, "goodWill": 146200000, "intangibleAssets": 72700000, "otherAssets": 5014700000, "deferredLongTermAssetCharges": 1103400000, "totalAssets": 77008300000, "accountsPayable": 19016000000, "otherCurrentLiab": 20122400000, "otherLiab": 485300000, "totalCurrentLiabilities": 41251300000, "totalLiab": 41807200000, "commonStock": 423800000, "retainedEarnings": 34259600000, "treasuryStock": 84900000, "capitalSurplus": 432800000, "otherStockholderEquity": 84900000, "totalStockholderEquity": 35201100000, "netTangibleAssets": 34982200000}, {"maxAge": 1, "endDate": "2018-12-31", "cash": 14724000000, "shortTermInvestments": 800000, "netReceivables": 20313100000, "inventory": 9278500000, "otherCurrentAssets": 30689700000, "totalCurrentAssets": 75251200000, "longTermInvestments": 900000, "propertyPlantEquipment": 9543600000, "goodWill": 146200000, "intangibleAssets": 72200000, "otherAssets": 5754900000, "deferredLongTermAssetCharges": 1149600000, "totalAssets": 90769000000, "accountsPayable": 18745100000, "otherCurrentLiab": 30052900000, "otherLiab": 357800000, "totalCurrentLiabilities": 50317700000, "totalLiab": 50695800000, "commonStock": 423800000, "retainedEarnings": 38962700000, "treasuryStock": 86700000, "capitalSurplus": 600000000, "otherStockholderEquity": 86700000, "totalStockholderEquity": 40073200000, "netTangibleAssets": 39854800000}, {"maxAge": 1, "endDate": "2017-12-31", "cash": 14891900000, "shortTermInvestments": 160400000, "netReceivables": 36227400000, "inventory": 11535500000, "otherCurrentAssets": 3726700000, "totalCurrentAssets": 69327600000, "longTermInvestments": 1700000, "propertyPlantEquipment": 12590800000, "goodWill": 464200000, "intangibleAssets": 296400000, "otherAssets": 6199800000, "deferredLongTermAssetCharges": 1173000000, "totalAssets": 88880500000, "accountsPayable": 27131100000, "shortLongTermDebt": 6000000000, "otherCurrentLiab": 16588100000, "otherLiab": 465400000, "totalCurrentLiabilities": 52304800000, "totalLiab": 52811600000, "commonStock": 423800000, "retainedEarnings": 33458400000, "treasuryStock": 1586700000, "capitalSurplus": 600000000, "otherStockholderEquity": 1586700000, "totalStockholderEquity": 36068900000, "netTangibleAssets": 35308300000}], "maxAge": 86400}, "earningsTrend": {"trend": [{"maxAge": 1, "period": "0q", "endDate": "2018-03-31", "growth": 0.42299998, "earningsEstimate": {"avg": 5.92, "low": 5.92, "high": 5.92, "yearAgoEps": 4.16, "numberOfAnalysts": 1, "growth": 0.42299998}, "revenueEstimate": {"avg": 0, "low": 0, "high": 0, "numberOfAnalysts": 0, "yearAgoRevenue": {}, "growth": {}}, "epsTrend": {"current": 5.92, "7daysAgo": 5.92, "30daysAgo": 0.0, "60daysAgo": 0.0, "90daysAgo": 0.0}, "epsRevisions": {"upLast7days": 0, "upLast30days": 0, "downLast30days": 0, "downLast90days": {}}}, {"maxAge": 1, "period": "+1q", "endDate": "2018-06-30", "growth": 0.395, "earningsEstimate": {"avg": 4.94, "low": 4.94, "high": 4.94, "yearAgoEps": 3.54, "numberOfAnalysts": 1, "growth": 0.395}, "revenueEstimate": {"avg": 0, "low": 0, "high": 0, "numberOfAnalysts": 0, "yearAgoRevenue": {}, "growth": {}}, "epsTrend": {"current": 4.94, "7daysAgo": 4.94, "30daysAgo": 0.0, "60daysAgo": 0.0, "90daysAgo": 0.0}, "epsRevisions": {"upLast7days": 0, "upLast30days": 0, "downLast30days": 0, "downLast90days": {}}}, {"maxAge": 1, "period": "0y", "endDate": "2018-12-31", "growth": 0.432, "earningsEstimate": {"avg": 28.39, "low": 24.5, "high": 34.4, "yearAgoEps": 19.82, "numberOfAnalysts": 23, "growth": 0.432}, "revenueEstimate": {"avg": 107847000000, "low": 95536000000, "high": 120716000000, "numberOfAnalysts": 23, "yearAgoRevenue": 93751000000, "growth": 0.15}, "epsTrend": {"current": 28.39, "7daysAgo": 28.39, "30daysAgo": 29.53, "60daysAgo": 29.35, "90daysAgo": 29.35}, "epsRevisions": {"upLast7days": 0, "upLast30days": 6, "downLast30days": 0, "downLast90days": {}}}, {"maxAge": 1, "period": "+1y", "endDate": "2019-12-31", "growth": 0.246, "earningsEstimate": {"avg": 35.36, "low": 28.56, "high": 45.6, "yearAgoEps": 28.39, "numberOfAnalysts": 22, "growth": 0.246}, "revenueEstimate": {"avg": 124686000000, "low": 110928000000, "high": 147299000000, "numberOfAnalysts": 22, "yearAgoRevenue": 107847000000, "growth": 0.156}, "epsTrend": {"current": 35.36, "7daysAgo": 35.36, "30daysAgo": 36.22, "60daysAgo": 36.43, "90daysAgo": 36.43}, "epsRevisions": {"upLast7days": 0, "upLast30days": 8, "downLast30days": 1, "downLast90days": {}}}, {"maxAge": 1, "period": "+5y", "endDate": null, "growth": 0.1784, "earningsEstimate": {"avg": {}, "low": {}, "high": {}, "yearAgoEps": {}, "numberOfAnalysts": {}, "growth": {}}, "revenueEstimate": {"avg": {}, "low": {}, "high": {}, "numberOfAnalysts": {}, "yearAgoRevenue": {}, "growth": {}}, "epsTrend": {"current": {}, "7daysAgo": {}, "30daysAgo": {}, "60daysAgo": {}, "90daysAgo": {}}, "epsRevisions": {"upLast7days": {}, "upLast30days": {}, "downLast30days": {}, "downLast90days": {}}}, {"maxAge": 1, "period": "-5y", "endDate": null, "growth": 0.31997, "earningsEstimate": {"avg": {}, "low": {}, "high": {}, "yearAgoEps": {}, "numberOfAnalysts": {}, "growth": {}}, "revenueEstimate": {"avg": {}, "low": {}, "high": {}, "numberOfAnalysts": {}, "yearAgoRevenue": {}, "growth": {}}, "epsTrend": {"current": {}, "7daysAgo": {}, "30daysAgo": {}, "60daysAgo": {}, "90daysAgo": {}}, "epsRevisions": {"upLast7days": {}, "upLast30days": {}, "downLast30days": {}, "downLast90days": {}}}], "maxAge": 1}, "institutionOwnership": {"maxAge": 1, "ownershipList": []}, "majorHoldersBreakdown": {"maxAge": 1, "insidersPercentHeld": 0.75, "institutionsPercentHeld": 0.13374, "institutionsFloatPercentHeld": 0.53497005, "institutionsCount": 53}, "balanceSheetHistoryQuarterly": {"balanceSheetStatements": [{"maxAge": 1, "endDate": "2021-03-31", "totalStockholderEquity": 36063800000, "netTangibleAssets": 35866300000}, {"maxAge": 1, "endDate": "2020-12-31", "cash": 22039500000, "shortTermInvestments": 800000, "netReceivables": 27393400000, "inventory": 8408300000, "otherCurrentAssets": 2694100000, "totalCurrentAssets": 60836400000, "propertyPlantEquipment": 8378400000, "goodWill": 146200000, "intangibleAssets": 51300000, "otherAssets": 6492700000, "deferredLongTermAssetCharges": 1172100000, "totalAssets": 75905000000, "accountsPayable": 17207400000, "otherCurrentLiab": 19251200000, "otherLiab": 52700000, "totalCurrentLiabilities": 39339200000, "totalLiab": 39841200000, "commonStock": 423800000, "retainedEarnings": 35122300000, "treasuryStock": 84900000, "capitalSurplus": 432800000, "otherStockholderEquity": 84900000, "totalStockholderEquity": 36063800000, "netTangibleAssets": 35866300000}, {"maxAge": 1, "endDate": "2020-09-30", "totalStockholderEquity": 35844200000, "netTangibleAssets": 35641600000}, {"maxAge": 1, "endDate": "2020-06-30", "cash": 15088000000, "shortTermInvestments": 10664000000, "netReceivables": 16424500000, "inventory": 11402100000, "otherCurrentAssets": 5454300000, "totalCurrentAssets": 59032900000, "propertyPlantEquipment": 8287800000, "goodWill": 146200000, "intangibleAssets": 56400000, "otherAssets": 6020900000, "deferredLongTermAssetCharges": 1207800000, "totalAssets": 73544200000, "accountsPayable": 15441900000, "otherCurrentLiab": 21597000000, "otherLiab": 46600000, "totalCurrentLiabilities": 37555600000, "totalLiab": 37700000000, "commonStock": 423800000, "treasuryStock": 35420400000, "otherStockholderEquity": 35420400000, "totalStockholderEquity": 35844200000, "netTangibleAssets": 35641600000}], "maxAge": 86400}, "earningsHistory": {"history": [{"maxAge": 1, "epsActual": 4.16, "epsEstimate": 4.33, "epsDifference": -0.17, "surprisePercent": -0.039, "quarter": "2017-03-31", "period": "-4q"}, {"maxAge": 1, "epsActual": 3.54, "epsEstimate": 4.33, "epsDifference": -0.79, "surprisePercent": -0.18200001, "quarter": "2017-06-30", "period": "-3q"}, {"maxAge": 1, "epsActual": 3.94, "epsEstimate": 4.16, "epsDifference": -0.22, "surprisePercent": -0.053000003, "quarter": "2017-09-30", "period": "-2q"}, {"maxAge": 1, "epsActual": 8.09, "epsEstimate": 8.37, "epsDifference": -0.28, "surprisePercent": -0.033, "quarter": "2017-12-31", "period": "-1q"}], "maxAge": 86400}, "summaryProfile": {"address1": "Plot No. 5 & 6, 2nd Stage", "address2": "Peenya Industrial Area IV Peenya", "city": "Bengaluru", "zip": "560058", "country": "India", "phone": "91 80 2294 9150", "fax": "91 80 2294 9148", "website": "http://new.abb.com/indian-subcontinent", "industry": "Specialty Industrial Machinery", "sector": "Industrials", "longBusinessSummary": "ABB India Limited develops and sells products and system solutions to utilities, industries, channel partners, and original equipment manufacturers worldwide. The company operates through Motion, Robotics and Discrete Automation, Electrification, and Industrial Automation segments. The Motion segment produces and provides motors, generators, and drives that provide power, motion, and control for a range of automation applications; and offers solutions and related services. The Robotics and Discrete Automation segment provides value-added solutions in robotics, machine, and factory automation. The Electrification segment offers a range of digital and connected solutions for low- and medium-voltage applications, which include EV infrastructure, solar inverters, modular substations, distribution automation, power protection, wiring accessories, switchgear, enclosures, cabling, sensing, and control products. The Industrial Automation segment provides products, systems, and services, including turnkey engineering, control systems, measurement products, life cycle services, outsourced maintenance, and industry specific products for the optimization of the productivity of industrial processes in oil and gas, power, chemicals and pharmaceuticals, pulp and paper, metals and minerals, marine, and turbocharging industries. The company was formerly known as ABB Limited and changed its name to ABB India Limited in June 2013. The company was incorporated in 1949 and is based in Bengaluru, India. ABB India Limited is a subsidiary of ABB Asea Brown Boveri Ltd.", "fullTimeEmployees": 3255, "companyOfficers": [], "maxAge": 86400}, "netSharePurchaseActivity": {"maxAge": 1, "period": "6m", "buyInfoCount": 0, "buyInfoShares": 0, "sellInfoCount": 0, "netInfoCount": 0, "netInfoShares": 0, "netPercentInsiderShares": 0.0, "totalInsiderShares": 158931280}, "insiderTransactions": {"transactions": [{"maxAge": 1, "shares": 13920808, "filerUrl": "", "transactionText": "", "filerName": "Life Insurance Corporation of India", "filerRelation": "Investment Advisor", "moneyText": "", "startDate": "2010-08-13", "ownership": "D"}, {"maxAge": 1, "shares": 4413809, "filerUrl": "", "transactionText": "", "filerName": "Life Insurance Corporation of India", "filerRelation": "Investment Advisor", "moneyText": "", "startDate": "2009-08-12", "ownership": "D"}], "maxAge": 1}, "sectorTrend": {"maxAge": 1, "symbol": null, "estimates": []}, "incomeStatementHistoryQuarterly": {"incomeStatementHistory": [{"maxAge": 1, "endDate": "2021-03-31", "totalRevenue": 16291500000, "costOfRevenue": 10861000000, "grossProfit": 5430500000, "researchDevelopment": {}, "sellingGeneralAdministrative": 1537700000, "nonRecurring": {}, "otherOperatingExpenses": 2570300000, "totalOperatingExpenses": 15221600000, "operatingIncome": 1069900000, "totalOtherIncomeExpenseNet": 966100000, "ebit": 1069900000, "interestExpense": -31800000, "incomeBeforeTax": 2036000000, "incomeTaxExpense": 529800000, "minorityInterest": {}, "netIncomeFromContinuingOps": 1506200000, "discontinuedOperations": -92900000, "extraordinaryItems": {}, "effectOfAccountingCharges": {}, "otherItems": {}, "netIncome": 1413300000, "netIncomeApplicableToCommonShares": 1413300000}, {"maxAge": 1, "endDate": "2020-12-31", "totalRevenue": 17007600000, "costOfRevenue": 11688000000, "grossProfit": 5319600000, "researchDevelopment": {}, "sellingGeneralAdministrative": 1520200000, "nonRecurring": {}, "otherOperatingExpenses": 2546000000, "totalOperatingExpenses": 16190700000, "operatingIncome": 816900000, "totalOtherIncomeExpenseNet": -13000000, "ebit": 816900000, "interestExpense": -2400000, "incomeBeforeTax": 803900000, "incomeTaxExpense": 181900000, "minorityInterest": {}, "netIncomeFromContinuingOps": 622000000, "discontinuedOperations": -46400000, "extraordinaryItems": {}, "effectOfAccountingCharges": {}, "otherItems": {}, "netIncome": 575600000, "netIncomeApplicableToCommonShares": 575600000}, {"maxAge": 1, "endDate": "2020-09-30", "totalRevenue": 16121700000, "costOfRevenue": 10956100000, "grossProfit": 5165600000, "researchDevelopment": {}, "sellingGeneralAdministrative": 1352000000, "nonRecurring": {}, "otherOperatingExpenses": 2599600000, "totalOperatingExpenses": 15155100000, "operatingIncome": 966600000, "totalOtherIncomeExpenseNet": 173000000, "ebit": 966600000, "interestExpense": -28000000, "incomeBeforeTax": 1139600000, "incomeTaxExpense": 284700000, "minorityInterest": {}, "netIncomeFromContinuingOps": 854900000, "discontinuedOperations": -47500000, "extraordinaryItems": {}, "effectOfAccountingCharges": {}, "otherItems": {}, "netIncome": 807400000, "netIncomeApplicableToCommonShares": 807400000}, {"maxAge": 1, "endDate": "2020-06-30", "totalRevenue": 9857800000, "costOfRevenue": 6419300000, "grossProfit": 3438500000, "researchDevelopment": {}, "sellingGeneralAdministrative": 1202000000, "nonRecurring": {}, "otherOperatingExpenses": 2002100000, "totalOperatingExpenses": 9872400000, "operatingIncome": -14600000, "totalOtherIncomeExpenseNet": 248700000, "ebit": -14600000, "interestExpense": -37500000, "incomeBeforeTax": 234100000, "incomeTaxExpense": 66600000, "minorityInterest": {}, "netIncomeFromContinuingOps": 167500000, "discontinuedOperations": -4700000, "extraordinaryItems": {}, "effectOfAccountingCharges": {}, "otherItems": {}, "netIncome": 162800000, "netIncomeApplicableToCommonShares": 162800000}], "maxAge": 86400}, "cashflowStatementHistoryQuarterly": {"cashflowStatements": [{"maxAge": 1, "endDate": "2021-03-31", "netIncome": 1413300000, "changeToLiabilities": 0}, {"maxAge": 1, "endDate": "2020-12-31", "netIncome": 575600000, "changeToLiabilities": 0}, {"maxAge": 1, "endDate": "2020-09-30", "netIncome": 807400000, "changeToLiabilities": 0}, {"maxAge": 1, "endDate": "2020-06-30", "netIncome": 162800000, "changeToLiabilities": 0}], "maxAge": 86400}, "earnings": {"maxAge": 86400, "earningsChart": {"quarterly": [{"date": "1Q2017", "actual": 4.16, "estimate": 4.33}, {"date": "2Q2017", "actual": 3.54, "estimate": 4.33}, {"date": "3Q2017", "actual": 3.94, "estimate": 4.16}, {"date": "4Q2017", "actual": 8.09, "estimate": 8.37}], "currentQuarterEstimate": 5.92, "currentQuarterEstimateDate": "1Q", "currentQuarterEstimateYear": 2018, "earningsDate": []}, "financialsChart": {"yearly": [{"date": 2017, "revenue": 60937300000, "earnings": 4199500000}, {"date": 2018, "revenue": 67006200000, "earnings": 5108900000}, {"date": 2019, "revenue": 73150600000, "earnings": 3034000000}, {"date": 2020, "revenue": 58209500000, "earnings": 2192200000}], "quarterly": [{"date": "2Q2020", "revenue": 9857800000, "earnings": 162800000}, {"date": "3Q2020", "revenue": 16121700000, "earnings": 807400000}, {"date": "4Q2020", "revenue": 17007600000, "earnings": 575600000}, {"date": "1Q2021", "revenue": 16291500000, "earnings": 1413300000}]}, "financialCurrency": "INR"}, "financialData": {"maxAge": 86400, "currentPrice": 1381.25, "targetHighPrice": 2050.0, "targetLowPrice": 915.0, "targetMeanPrice": 1385.32, "targetMedianPrice": 1380.0, "recommendationMean": 3.5, "recommendationKey": "hold", "numberOfAnalystOpinions": 25, "totalCash": 22040299520, "totalCashPerShare": 104.009, "ebitda": 3802475008, "totalDebt": 582400000, "totalRevenue": 59278598144, "debtToEquity": 1.615, "revenuePerShare": 279.752, "grossProfits": 19218900000, "earningsGrowth": 1.187, "revenueGrowth": 0.07, "grossMargins": 0.32650003, "ebitdaMargins": 0.06415, "operatingMargins": 0.04789, "profitMargins": 0.04992, "financialCurrency": "INR"}}}