{"ABBOTINDIA.NS": {"assetProfile": {"address1": "Godrej BKC", "address2": "16th Floor, Plot C, \u00e2\u0080\u009cG\u00e2\u0080\u009d Block Bandra-Kurla Complex Near MCA Club, Bandra (East)", "city": "Mumbai", "zip": "400051", "country": "India", "phone": "91 22 5046 1000", "fax": "91 22 5016 9400", "website": "http://www.abbott.co.in", "industry": "Drug Manufacturers\u2014General", "sector": "Healthcare", "longBusinessSummary": "Abbott India Limited operates as a pharmaceutical company in India. It offers pharmaceutical products for various therapeutic areas, such as women's health, gastroenterology, metabolics, central nervous system, pain management, nutritional supplements, vitamins, insomnia, vaccines, consumer health, etc. The company was formerly known as Knoll Pharmaceuticals Limited and changed its name to Abbott India Limited in July 2002. Abbott India Limited was founded in 1944 and is headquartered in Mumbai, India. Abbott India Limited operates as a subsidiary of Abbott Capital India Limited.", "fullTimeEmployees": 3551, "companyOfficers": [{"maxAge": 1, "name": "Mr. Rajiv  Sonalker", "age": 61, "title": "CFO & Whole-time Director", "yearBorn": 1959, "fiscalYear": 2020, "totalPay": 33000000, "exercisedValue": 0, "unexercisedValue": 0}, {"maxAge": 1, "name": "Ms. Krupa Ketan Anandpara", "title": "Associate Director - Secretarial, Compliance Officer & Company Sec.", "fiscalYear": 2020, "totalPay": 7700000, "exercisedValue": 0, "unexercisedValue": 0}, {"maxAge": 1, "name": "Mr. Anil  Joseph", "age": 45, "title": "MD & Director", "yearBorn": 1975, "exercisedValue": 0, "unexercisedValue": 0}, {"maxAge": 1, "name": "Ms. Keya  Phatnani", "title": "Director of HR", "exercisedValue": 0, "unexercisedValue": 0}, {"maxAge": 1, "name": "Mr. Michael J. Warmuth", "age": 57, "title": "Exec. VP of Pharmaceuticals Division", "yearBorn": 1963, "exercisedValue": 0, "unexercisedValue": 0}], "compensationAsOfEpochDate": "2020-12-31 05:30:00", "maxAge": 86400}, "cashflowStatementHistory": {"cashflowStatements": [{"maxAge": 1, "endDate": "2020-03-31", "netIncome": 5929326000, "depreciation": 575213000, "changeToNetincome": -949453000, "changeToAccountReceivables": -419632000, "changeToLiabilities": -85102000, "changeToInventory": 796232000, "changeToOperatingActivities": 406728000, "totalCashFromOperatingActivities": 6261091000, "capitalExpenditures": -157310000, "investments": -5059652000, "otherCashflowsFromInvestingActivities": 1203338000, "totalCashflowsFromInvestingActivities": -4011907000, "dividendsPaid": -1062465000, "netBorrowings": -500490000, "otherCashflowsFromFinancingActivities": -286171000, "totalCashFromFinancingActivities": -2167866000, "changeInCash": 81318000}, {"maxAge": 1, "endDate": "2019-03-31", "netIncome": 4503318000, "depreciation": 159739000, "changeToNetincome": -1039731000, "changeToAccountReceivables": -131000000, "changeToLiabilities": 1859988000, "changeToInventory": -214611000, "changeToOperatingActivities": -170274000, "totalCashFromOperatingActivities": 4991307000, "capitalExpenditures": -123135000, "investments": -5540934000, "otherCashflowsFromInvestingActivities": 2926255000, "totalCashflowsFromInvestingActivities": -2570048000, "dividendsPaid": -1062465000, "netBorrowings": -500490000, "otherCashflowsFromFinancingActivities": -259257000, "totalCashFromFinancingActivities": -1427969000, "changeInCash": 993290000}, {"maxAge": 1, "endDate": "2018-03-31", "netIncome": 4012178000, "depreciation": 151369000, "changeToNetincome": -791311000, "changeToAccountReceivables": -878530000, "changeToLiabilities": 47776000, "changeToInventory": -846960000, "changeToOperatingActivities": -191872000, "totalCashFromOperatingActivities": 1527037000, "capitalExpenditures": -167442000, "investments": -1051279000, "otherCashflowsFromInvestingActivities": -1370367000, "totalCashflowsFromInvestingActivities": -2148352000, "dividendsPaid": -849972000, "netBorrowings": -500490000, "otherCashflowsFromFinancingActivities": -174300000, "totalCashFromFinancingActivities": -1024272000, "changeInCash": -1645587000}, {"maxAge": 1, "endDate": "2017-03-31", "netIncome": 2766488000, "depreciation": 151787000, "changeToNetincome": -525603000, "changeToAccountReceivables": -339600000, "changeToLiabilities": 2472396000, "changeToInventory": -1305283000, "changeToOperatingActivities": -162278000, "totalCashFromOperatingActivities": 3072192000, "capitalExpenditures": -206603000, "investments": -1893696000, "otherCashflowsFromInvestingActivities": 553232000, "totalCashflowsFromInvestingActivities": -1554132000, "dividendsPaid": -743726000, "netBorrowings": -500490000, "otherCashflowsFromFinancingActivities": -153884000, "totalCashFromFinancingActivities": -897610000, "changeInCash": 620450000}], "maxAge": 86400}, "institutionOwnership": {"maxAge": 1, "ownershipList": []}, "majorHoldersBreakdown": {"maxAge": 1, "insidersPercentHeld": 0.74986, "institutionsPercentHeld": 0.0422, "institutionsFloatPercentHeld": 0.16871001, "institutionsCount": 28}, "balanceSheetHistoryQuarterly": {"balanceSheetStatements": [{"maxAge": 1, "endDate": "2020-12-31", "totalStockholderEquity": 22624000000, "netTangibleAssets": 22617900000}, {"maxAge": 1, "endDate": "2020-09-30", "cash": 19422400000, "netReceivables": 4369400000, "inventory": 6891600000, "otherCurrentAssets": 726900000, "totalCurrentAssets": 31410300000, "longTermInvestments": 397200000, "propertyPlantEquipment": 2631700000, "intangibleAssets": 6100000, "otherAssets": 356700000, "deferredLongTermAssetCharges": 191800000, "totalAssets": 34802000000, "accountsPayable": 6938300000, "otherCurrentLiab": 2587000000, "otherLiab": 991800000, "totalCurrentLiabilities": 9875500000, "totalLiab": 12178000000, "commonStock": 212500000, "treasuryStock": 22411500000, "otherStockholderEquity": 22411500000, "totalStockholderEquity": 22624000000, "netTangibleAssets": 22617900000}, {"maxAge": 1, "endDate": "2020-06-30", "totalStockholderEquity": 24317100000, "netTangibleAssets": 24308100000}, {"maxAge": 1, "endDate": "2020-03-31", "cash": 1451379000, "shortTermInvestments": 20466758000, "netReceivables": 4539008000, "inventory": 5271651000, "otherCurrentAssets": 261243000, "totalCurrentAssets": 32046399000, "propertyPlantEquipment": 2705709000, "intangibleAssets": 8987000, "otherAssets": 707391000, "deferredLongTermAssetCharges": 144421000, "totalAssets": 35468486000, "accountsPayable": 6577718000, "otherCurrentLiab": 969041000, "otherLiab": 848375000, "totalCurrentLiabilities": 8911006000, "totalLiab": 11151413000, "commonStock": 212493000, "retainedEarnings": 23775685000, "treasuryStock": 328895000, "otherStockholderEquity": 328895000, "totalStockholderEquity": 24317073000, "netTangibleAssets": 24308086000}], "maxAge": 86400}, "indexTrend": {"maxAge": 1, "symbol": "SP5", "peRatio": 19.7411, "pegRatio": 1.34172, "estimates": [{"period": "0q", "growth": 0.549}, {"period": "+1q", "growth": 0.431}, {"period": "0y", "growth": 0.305}, {"period": "+1y", "growth": 0.109}, {"period": "+5y", "growth": 0.120865}, {"period": "-5y"}]}, "defaultKeyStatistics": {"maxAge": 1, "priceHint": 2, "enterpriseValue": 300930072576, "profitMargins": 0.15547, "floatShares": 5218362, "sharesOutstanding": 21249300, "heldPercentInsiders": 0.74986, "heldPercentInstitutions": 0.0422, "beta": -0.03746, "category": null, "bookValue": 1064.659, "priceToBook": 14.231551, "fundFamily": null, "legalType": null, "lastFiscalYearEnd": "2020-03-31 05:30:00", "nextFiscalYearEnd": "2022-03-31 05:30:00", "mostRecentQuarter": "2020-12-31 05:30:00", "earningsQuarterlyGrowth": -0.051, "netIncomeToCommon": 6491926016, "trailingEps": 305.517, "lastSplitFactor": null, "enterpriseToRevenue": 7.207, "enterpriseToEbitda": 36.624, "52WeekChange": -0.16727352, "SandP52WeekChange": 0.48148263, "lastDividendValue": 143.0, "lastDividendDate": 1598832000}, "summaryProfile": {"address1": "Godrej BKC", "address2": "16th Floor, Plot C, \u00e2\u0080\u009cG\u00e2\u0080\u009d Block Bandra-Kurla Complex Near MCA Club, Bandra (East)", "city": "Mumbai", "zip": "400051", "country": "India", "phone": "91 22 5046 1000", "fax": "91 22 5016 9400", "website": "http://www.abbott.co.in", "industry": "Drug Manufacturers\u2014General", "sector": "Healthcare", "longBusinessSummary": "Abbott India Limited operates as a pharmaceutical company in India. It offers pharmaceutical products for various therapeutic areas, such as women's health, gastroenterology, metabolics, central nervous system, pain management, nutritional supplements, vitamins, insomnia, vaccines, consumer health, etc. The company was formerly known as Knoll Pharmaceuticals Limited and changed its name to Abbott India Limited in July 2002. Abbott India Limited was founded in 1944 and is headquartered in Mumbai, India. Abbott India Limited operates as a subsidiary of Abbott Capital India Limited.", "fullTimeEmployees": 3551, "companyOfficers": [], "maxAge": 86400}, "netSharePurchaseActivity": {"maxAge": 1, "period": "6m", "buyInfoCount": 0, "buyInfoShares": 0, "sellInfoCount": 0, "netInfoCount": 0, "netInfoShares": 0, "netPercentInsiderShares": 0.0, "totalInsiderShares": 15934525}, "quoteType": {"exchange": "NSI", "quoteType": "EQUITY", "symbol": "ABBOTINDIA.NS", "underlyingSymbol": "ABBOTINDIA.NS", "shortName": "ABBOTT INDIA LTD", "longName": "Abbott India Limited", "firstTradeDateEpochUtc": "2002-08-12 09:15:00", "timeZoneFullName": "Asia/Kolkata", "timeZoneShortName": "IST", "uuid": "fcc0ae23-ea96-3972-b294-97ea94bbc9ed", "messageBoardId": "finmb_9608883", "gmtOffSetMilliseconds": 19800000, "maxAge": 1}, "incomeStatementHistory": {"incomeStatementHistory": [{"maxAge": 1, "endDate": "2020-03-31", "totalRevenue": 40931441000, "costOfRevenue": 23251630000, "grossProfit": 17679811000, "researchDevelopment": {}, "sellingGeneralAdministrative": 6226468000, "nonRecurring": {}, "otherOperatingExpenses": 3799907000, "totalOperatingExpenses": 33876708000, "operatingIncome": 7054733000, "totalOtherIncomeExpenseNet": 972182000, "ebit": 7054733000, "interestExpense": -61252000, "incomeBeforeTax": 8026915000, "incomeTaxExpense": 2097589000, "minorityInterest": {}, "netIncomeFromContinuingOps": 5929326000, "discontinuedOperations": {}, "extraordinaryItems": {}, "effectOfAccountingCharges": {}, "otherItems": {}, "netIncome": 5929326000, "netIncomeApplicableToCommonShares": 5929326000}, {"maxAge": 1, "endDate": "2019-03-31", "totalRevenue": 36786030000, "costOfRevenue": 20974843000, "grossProfit": 15811187000, "researchDevelopment": {}, "sellingGeneralAdministrative": 6014747000, "nonRecurring": {}, "otherOperatingExpenses": 3697853000, "totalOperatingExpenses": 30863519000, "operatingIncome": 5922511000, "totalOtherIncomeExpenseNet": 1066030000, "ebit": 5922511000, "interestExpense": -1621000, "incomeBeforeTax": 6988541000, "incomeTaxExpense": 2485223000, "minorityInterest": {}, "netIncomeFromContinuingOps": 4503318000, "discontinuedOperations": {}, "extraordinaryItems": {}, "effectOfAccountingCharges": {}, "otherItems": {}, "netIncome": 4503318000, "netIncomeApplicableToCommonShares": 4503318000}, {"maxAge": 1, "endDate": "2018-03-31", "totalRevenue": 32985035000, "costOfRevenue": 19121994000, "grossProfit": 13863041000, "researchDevelopment": {}, "sellingGeneralAdministrative": 5313934000, "nonRecurring": {}, "otherOperatingExpenses": 3240072000, "totalOperatingExpenses": 27848825000, "operatingIncome": 5136210000, "totalOtherIncomeExpenseNet": 1078616000, "ebit": 5136210000, "interestExpense": -18670000, "incomeBeforeTax": 6214826000, "incomeTaxExpense": 2202648000, "minorityInterest": {}, "netIncomeFromContinuingOps": 4012178000, "discontinuedOperations": {}, "extraordinaryItems": {}, "effectOfAccountingCharges": {}, "otherItems": {}, "netIncome": 4012178000, "netIncomeApplicableToCommonShares": 4012178000}, {"maxAge": 1, "endDate": "2017-03-31", "totalRevenue": 29025581000, "costOfRevenue": 17197781000, "grossProfit": 11827800000, "researchDevelopment": {}, "sellingGeneralAdministrative": 4491500000, "nonRecurring": {}, "otherOperatingExpenses": 3287850000, "totalOperatingExpenses": 25166483000, "operatingIncome": 3859098000, "totalOtherIncomeExpenseNet": 505819000, "ebit": 3859098000, "interestExpense": -711000, "incomeBeforeTax": 4364917000, "incomeTaxExpense": 1598429000, "minorityInterest": {}, "netIncomeFromContinuingOps": 2766488000, "discontinuedOperations": {}, "extraordinaryItems": {}, "effectOfAccountingCharges": {}, "otherItems": {}, "netIncome": 2766488000, "netIncomeApplicableToCommonShares": 2766488000}], "maxAge": 86400}, "fundOwnership": {"maxAge": 1, "ownershipList": [{"maxAge": 1, "reportDate": "2021-01-31", "organization": "Goldman Sachs Emerging Markets Equity Fund", "pctHeld": 0.0014, "position": 28850, "value": 410306142}, {"maxAge": 1, "reportDate": "2020-12-31", "organization": "Eaton Vance Greater India Portfolio", "pctHeld": 0.0008, "position": 16649, "value": 262539745}, {"maxAge": 1, "reportDate": "2021-01-31", "organization": "DFA Emerging Markets Small Cap Series", "pctHeld": 0.0007, "position": 15291, "value": 217469366}, {"maxAge": 1, "reportDate": "2021-01-31", "organization": "DFA Emerging Markets Core Equity Portfolio", "pctHeld": 0.0004, "position": 9321, "value": 132563728}, {"maxAge": 1, "reportDate": "2021-01-31", "organization": "DFA Investment Dimensions-Emerging Markets Social Core Equity", "pctHeld": 0.0001, "position": 1520, "value": 21617516}, {"maxAge": 1, "reportDate": "2020-12-31", "organization": "GuideStone Fds Tr-Emerging Markets Equity Fd", "pctHeld": 0.0001, "position": 1136, "value": 17913697}]}, "summaryDetail": {"maxAge": 1, "priceHint": 2, "previousClose": 14997.25, "open": 15000.0, "dayLow": 14850.0, "dayHigh": 15294.95, "regularMarketPreviousClose": 14997.25, "regularMarketOpen": 15000.0, "regularMarketDayLow": 14850.0, "regularMarketDayHigh": 15294.95, "dividendRate": 107.0, "dividendYield": 0.0070999996, "exDividendDate": "2020-08-31 05:30:00", "payoutRatio": 0.3502, "fiveYearAvgDividendYield": 0.65, "beta": -0.03746, "trailingPE": 49.593803, "volume": 11969, "regularMarketVolume": 11969, "averageVolume": 15678, "averageVolume10days": 9247, "averageDailyVolume10Day": 9247, "bid": 0.0, "ask": 0.0, "bidSize": 0, "askSize": 0, "marketCap": 321895890944, "fiftyTwoWeekLow": 13959.8, "fiftyTwoWeekHigh": 18679.75, "priceToSalesTrailing12Months": 7.7087994, "fiftyDayAverage": 14950.212, "twoHundredDayAverage": 15154.469, "trailingAnnualDividendRate": 107.0, "trailingAnnualDividendYield": 0.0071346415, "currency": "INR", "fromCurrency": null, "toCurrency": null, "lastMarket": null, "algorithm": null, "tradeable": false}, "incomeStatementHistoryQuarterly": {"incomeStatementHistory": [{"maxAge": 1, "endDate": "2020-12-31", "totalRevenue": 10953700000, "costOfRevenue": 5997000000, "grossProfit": 4956700000, "researchDevelopment": {}, "sellingGeneralAdministrative": 1196400000, "nonRecurring": {}, "otherOperatingExpenses": 1342100000, "totalOperatingExpenses": 8681900000, "operatingIncome": 2271800000, "totalOtherIncomeExpenseNet": 107000000, "ebit": 2271800000, "interestExpense": -43100000, "incomeBeforeTax": 2378800000, "incomeTaxExpense": 607400000, "minorityInterest": {}, "netIncomeFromContinuingOps": 1771400000, "discontinuedOperations": {}, "extraordinaryItems": {}, "effectOfAccountingCharges": {}, "otherItems": {}, "netIncome": 1771400000, "netIncomeApplicableToCommonShares": 1771400000}, {"maxAge": 1, "endDate": "2020-09-30", "totalRevenue": 10548500000, "costOfRevenue": 5750200000, "grossProfit": 4798300000, "researchDevelopment": {}, "sellingGeneralAdministrative": 1232800000, "nonRecurring": {}, "otherOperatingExpenses": 1158400000, "totalOperatingExpenses": 8284300000, "operatingIncome": 2264200000, "totalOtherIncomeExpenseNet": 172700000, "ebit": 2264200000, "interestExpense": -47900000, "incomeBeforeTax": 2436900000, "incomeTaxExpense": 629600000, "minorityInterest": {}, "netIncomeFromContinuingOps": 1807300000, "discontinuedOperations": {}, "extraordinaryItems": {}, "effectOfAccountingCharges": {}, "otherItems": {}, "netIncome": 1807300000, "netIncomeApplicableToCommonShares": 1807300000}, {"maxAge": 1, "endDate": "2020-06-30", "totalRevenue": 10642700000, "costOfRevenue": 6100400000, "grossProfit": 4542300000, "researchDevelopment": {}, "sellingGeneralAdministrative": 1284800000, "nonRecurring": {}, "otherOperatingExpenses": 923300000, "totalOperatingExpenses": 8449500000, "operatingIncome": 2193200000, "totalOtherIncomeExpenseNet": 231800000, "ebit": 2193200000, "interestExpense": -44500000, "incomeBeforeTax": 2425000000, "incomeTaxExpense": 621500000, "minorityInterest": {}, "netIncomeFromContinuingOps": 1803500000, "discontinuedOperations": {}, "extraordinaryItems": {}, "effectOfAccountingCharges": {}, "otherItems": {}, "netIncome": 1803500000, "netIncomeApplicableToCommonShares": 1803500000}, {"maxAge": 1, "endDate": "2020-03-31", "totalRevenue": 9612041000, "costOfRevenue": 5651130000, "grossProfit": 3960911000, "researchDevelopment": {}, "sellingGeneralAdministrative": 2628468000, "nonRecurring": {}, "otherOperatingExpenses": -140893000, "totalOperatingExpenses": 8289408000, "operatingIncome": 1322633000, "totalOtherIncomeExpenseNet": 166682000, "ebit": 1322633000, "interestExpense": -4152000, "incomeBeforeTax": 1489315000, "incomeTaxExpense": 379589000, "minorityInterest": {}, "netIncomeFromContinuingOps": 1109726000, "discontinuedOperations": {}, "extraordinaryItems": {}, "effectOfAccountingCharges": {}, "otherItems": {}, "netIncome": 1109726000, "netIncomeApplicableToCommonShares": 1109726000}], "maxAge": 86400}, "cashflowStatementHistoryQuarterly": {"cashflowStatements": [{"maxAge": 1, "endDate": "2020-12-31", "netIncome": 1771400000, "changeToLiabilities": 0}, {"maxAge": 1, "endDate": "2020-09-30", "netIncome": 1807300000, "changeToLiabilities": 0}, {"maxAge": 1, "endDate": "2020-06-30", "netIncome": 1803500000, "changeToLiabilities": 0}, {"maxAge": 1, "endDate": "2020-03-31", "netIncome": 1109726000, "changeToLiabilities": 0}], "maxAge": 86400}, "insiderHolders": {"holders": [], "maxAge": 1}, "calendarEvents": {"maxAge": 1, "earnings": {"earningsDate": []}, "exDividendDate": "2020-08-31 05:30:00"}, "price": {"maxAge": 1, "regularMarketChangePercent": 0.010301889, "regularMarketChange": 154.5, "regularMarketTime": "2021-04-30 15:29:58", "priceHint": 2, "regularMarketPrice": 15151.75, "regularMarketDayHigh": 15294.95, "regularMarketDayLow": 14850.0, "regularMarketVolume": 11969, "averageDailyVolume10Day": 9247, "averageDailyVolume3Month": 15678, "regularMarketPreviousClose": 14997.25, "regularMarketSource": "FREE_REALTIME", "regularMarketOpen": 15000.0, "exchange": "NSI", "exchangeName": "NSE", "exchangeDataDelayedBy": 15, "marketState": "CLOSED", "quoteType": "EQUITY", "symbol": "ABBOTINDIA.NS", "underlyingSymbol": null, "shortName": "ABBOTT INDIA LTD", "longName": "Abbott India Limited", "currency": "INR", "quoteSourceName": "Delayed Quote", "currencySymbol": "\u20b9", "fromCurrency": null, "toCurrency": null, "lastMarket": null, "marketCap": 321895890944}, "balanceSheetHistory": {"balanceSheetStatements": [{"maxAge": 1, "endDate": "2020-03-31", "cash": 1451379000, "shortTermInvestments": 20466758000, "netReceivables": 4539008000, "inventory": 5271651000, "otherCurrentAssets": 261243000, "totalCurrentAssets": 32046399000, "propertyPlantEquipment": 2705709000, "intangibleAssets": 8987000, "otherAssets": 707391000, "deferredLongTermAssetCharges": 144421000, "totalAssets": 35468486000, "accountsPayable": 6577718000, "otherCurrentLiab": 969041000, "otherLiab": 848375000, "totalCurrentLiabilities": 8911006000, "totalLiab": 11151413000, "commonStock": 212493000, "retainedEarnings": 23775685000, "treasuryStock": 328895000, "otherStockholderEquity": 328895000, "totalStockholderEquity": 24317073000, "netTangibleAssets": 24308086000}, {"maxAge": 1, "endDate": "2019-03-31", "cash": 1370061000, "shortTermInvestments": 15420760000, "netReceivables": 4292079000, "inventory": 6067883000, "otherCurrentAssets": 396835000, "totalCurrentAssets": 27609845000, "propertyPlantEquipment": 1038403000, "intangibleAssets": 18508000, "otherAssets": 742360000, "deferredLongTermAssetCharges": 130739000, "totalAssets": 29409116000, "accountsPayable": 6635157000, "otherCurrentLiab": 929566000, "otherLiab": 754330000, "totalCurrentLiabilities": 8568934000, "totalLiab": 9323264000, "commonStock": 212493000, "retainedEarnings": 19575021000, "treasuryStock": 298338000, "otherStockholderEquity": 298338000, "totalStockholderEquity": 20085852000, "netTangibleAssets": 20067344000}, {"maxAge": 1, "endDate": "2018-03-31", "cash": 376771000, "shortTermInvestments": 9873500000, "netReceivables": 5639854000, "inventory": 5853272000, "otherCurrentAssets": 856910000, "totalCurrentAssets": 22654720000, "longTermInvestments": 36607000, "propertyPlantEquipment": 807525000, "intangibleAssets": 27960000, "otherAssets": 635079000, "deferredLongTermAssetCharges": 145996000, "totalAssets": 24161891000, "accountsPayable": 4806248000, "otherCurrentLiab": 938845000, "otherLiab": 553451000, "totalCurrentLiabilities": 6680835000, "totalLiab": 7234286000, "commonStock": 212493000, "retainedEarnings": 16463834000, "treasuryStock": 251278000, "otherStockholderEquity": 251278000, "totalStockholderEquity": 16927605000, "netTangibleAssets": 16899645000}, {"maxAge": 1, "endDate": "2017-03-31", "cash": 2022358000, "shortTermInvestments": 8826000000, "netReceivables": 2300840000, "inventory": 5006312000, "otherCurrentAssets": 721254000, "totalCurrentAssets": 18930168000, "longTermInvestments": 29999000, "propertyPlantEquipment": 1127952000, "intangibleAssets": 30814000, "otherAssets": 539110000, "deferredLongTermAssetCharges": 123805000, "totalAssets": 20658043000, "accountsPayable": 4746934000, "otherCurrentLiab": 666365000, "otherLiab": 472195000, "totalCurrentLiabilities": 6316408000, "totalLiab": 6788603000, "commonStock": 212493000, "retainedEarnings": 13471183000, "treasuryStock": 185764000, "otherStockholderEquity": 185764000, "totalStockholderEquity": 13869440000, "netTangibleAssets": 13838626000}], "maxAge": 86400}, "financialData": {"maxAge": 86400, "currentPrice": 15151.75, "recommendationKey": "none", "totalCash": 19422400512, "totalCashPerShare": 913.995, "ebitda": 8216830976, "totalDebt": 1660899968, "totalRevenue": 41756942336, "debtToEquity": 7.341, "revenuePerShare": 1965.128, "returnOnEquity": 0.29544002, "grossProfits": 17679811000, "earningsGrowth": -0.051, "revenueGrowth": 0.016, "grossMargins": 0.43725, "ebitdaMargins": 0.19678, "operatingMargins": 0.19283001, "profitMargins": 0.15547, "financialCurrency": "INR"}}}