{"ABCAPITAL.NS": {"assetProfile": {"address1": "One Indiabulls Centre", "address2": "Tower 1,18th Floor Jupiter Mill Compound 841, Senapati Bapat Marg, Elphinstone Road", "city": "Mumbai", "zip": "400013", "country": "India", "phone": "91 22 4356 7000", "fax": "91 22 4356 7111", "website": "http://www.adityabirlacapital.com", "industry": "Financial Conglomerates", "sector": "Financial Services", "longBusinessSummary": "Aditya Birla Capital Limited, through its subsidiaries, provides various financial products and services in India and internationally. It offers life insurance products, such as protection, wealth with protection, children's future, health, retirement, and savings with protection insurance; health; wellness; motor, damage, natural calamities, personal accident cover, and third party legal liability; and travel insurance products. The company also provides financing solutions, such as home loans, loans against property, and personal loans; lines of credit, business loans, working capital demand loans, and supply chain financing solutions for small and medium enterprises; and loans against shares, mutual funds, and life insurance policy, as well as ESOP and IPO financing, and promoter and margin trade funding services. In addition, it offers investment services, such as mutual funds, pension funds, stocks and securities, real estate investment, wealth management, and portfolio management services. Further, the company provides financial and IT enabled services; private equity investment, and advisory and management services; stock broking and depository services; and risk advisory, fund management, asset management, and trustee services, as well as other business support and value added services. Additionally, it offers advising solutions, such as MoneyForLife Planner, an online tool that offers personalized financial planning solution; and ABC of Money, which provides money solutions. The company was formerly known as Aditya Birla Financial Services Limited and changed its name to Aditya Birla Capital Limited in June 2017. The company was incorporated in 2007 and is based in Mumbai, India. Aditya Birla Capital Limited is a subsidiary of Grasim Industries Limited.", "fullTimeEmployees": 21000, "companyOfficers": [{"maxAge": 1, "name": "Mr. Ajay  Srinivasan", "age": 57, "title": "Chief Exec. Officer", "yearBorn": 1963, "fiscalYear": 2020, "totalPay": 282200000, "exercisedValue": 0, "unexercisedValue": 0}, {"maxAge": 1, "name": "Ms. Pinky Atul Mehta", "age": 53, "title": "Chief Financial Officer", "yearBorn": 1967, "fiscalYear": 2020, "totalPay": 27100000, "exercisedValue": 0, "unexercisedValue": 0}, {"maxAge": 1, "name": "Mr. Mukesh  Malik", "title": "Chief Operating Officer", "exercisedValue": 0, "unexercisedValue": 0}, {"maxAge": 1, "name": "Mr. Anantha Subrahmanya Dhananjaya", "title": "Chief Compliance & Risk Officer", "exercisedValue": 0, "unexercisedValue": 0}, {"maxAge": 1, "name": "Mr. Ajay  Kakar", "title": "Chief Marketing Officer", "exercisedValue": 0, "unexercisedValue": 0}, {"maxAge": 1, "name": "Mr. Subhro  Bhaduri", "title": "Chief Human Resource Officer", "exercisedValue": 0, "unexercisedValue": 0}, {"maxAge": 1, "name": "Mr. Pramo  Selvaratnam", "title": "Pres of Strategy & Bus. Devel.", "exercisedValue": 0, "unexercisedValue": 0}, {"maxAge": 1, "name": "Ms. Poonam Vijay Thakkar", "title": "Head of Analytics & Digital Communications L&D", "exercisedValue": 0, "unexercisedValue": 0}, {"maxAge": 1, "name": "Mr. Rakesh Kumar Singh", "title": "MD & CEO of Aditya Birla Fin. Limited", "exercisedValue": 0, "unexercisedValue": 0}, {"maxAge": 1, "name": "Mr. Tushar Harendra Shah", "age": 55, "title": "Chief Exec. Officer of Infrastructure & Structured Fin. of Aditya Birla Fin. Limited", "yearBorn": 1965, "exercisedValue": 0, "unexercisedValue": 0}], "compensationAsOfEpochDate": "2020-12-31 05:30:00", "maxAge": 86400}, "recommendationTrend": {"trend": [{"period": "0m", "strongBuy": 0, "buy": 0, "hold": 0, "sell": 0, "strongSell": 0}, {"period": "-1m", "strongBuy": 0, "buy": 0, "hold": 0, "sell": 0, "strongSell": 0}, {"period": "-2m", "strongBuy": 0, "buy": 0, "hold": 0, "sell": 0, "strongSell": 0}, {"period": "-3m", "strongBuy": 0, "buy": 0, "hold": 0, "sell": 0, "strongSell": 0}], "maxAge": 86400}, "cashflowStatementHistory": {"cashflowStatements": [{"maxAge": 1, "endDate": "2020-03-31", "netIncome": 9197800000, "depreciation": 1359700000, "changeToNetincome": 12370200000, "changeToLiabilities": -93100000, "changeToOperatingActivities": 18132700000, "totalCashFromOperatingActivities": 41650700000, "capitalExpenditures": -1572900000, "investments": -31154600000, "otherCashflowsFromInvestingActivities": 1683000000, "totalCashflowsFromInvestingActivities": -31016300000, "netBorrowings": -12436700000, "otherCashflowsFromFinancingActivities": 1670200000, "totalCashFromFinancingActivities": 10228400000, "changeInCash": 20862800000, "issuanceOfStock": 20994900000}, {"maxAge": 1, "endDate": "2019-03-31", "netIncome": 8709400000, "depreciation": 433400000, "changeToNetincome": 11013700000, "changeToLiabilities": 1522700000, "changeToOperatingActivities": -124766500000, "totalCashFromOperatingActivities": -102558100000, "capitalExpenditures": -1625000000, "investments": -6860200000, "otherCashflowsFromInvestingActivities": 1530000000, "totalCashflowsFromInvestingActivities": -6904300000, "netBorrowings": 107004000000, "otherCashflowsFromFinancingActivities": 1507400000, "totalCashFromFinancingActivities": 108518300000, "changeInCash": -944100000, "issuanceOfStock": 6900000}, {"maxAge": 1, "endDate": "2018-03-31", "netIncome": 6930600000, "depreciation": 463800000, "changeToNetincome": -383200000, "changeToLiabilities": 506000000, "changeToOperatingActivities": -126977800000, "totalCashFromOperatingActivities": -118937000000, "capitalExpenditures": -1565700000, "investments": 1928800000, "otherCashflowsFromInvestingActivities": 1530000000, "totalCashflowsFromInvestingActivities": 375400000, "netBorrowings": 112220300000, "otherCashflowsFromFinancingActivities": 816700000, "totalCashFromFinancingActivities": 120062100000, "changeInCash": 1500500000, "issuanceOfStock": 7025100000}, {"maxAge": 1, "endDate": "2017-03-31", "netIncome": 5300000000, "depreciation": 268000000, "changeToNetincome": 5242300000, "changeToLiabilities": -360400000, "changeToOperatingActivities": -86309600000, "totalCashFromOperatingActivities": -75696000000, "capitalExpenditures": -1221200000, "investments": -7863200000, "otherCashflowsFromInvestingActivities": 90000000, "totalCashflowsFromInvestingActivities": -21222200000, "netBorrowings": 80763500000, "otherCashflowsFromFinancingActivities": 3170600000, "totalCashFromFinancingActivities": 98703600000, "changeInCash": 6776500000, "issuanceOfStock": 28780600000}], "maxAge": 86400}, "indexTrend": {"maxAge": 1, "symbol": "SP5", "peRatio": 19.7411, "pegRatio": 1.34172, "estimates": [{"period": "0q", "growth": 0.549}, {"period": "+1q", "growth": 0.431}, {"period": "0y", "growth": 0.305}, {"period": "+1y", "growth": 0.109}, {"period": "+5y", "growth": 0.120865}, {"period": "-5y"}]}, "defaultKeyStatistics": {"maxAge": 1, "priceHint": 2, "enterpriseValue": 779364401152, "forwardPE": 16.179379, "profitMargins": 0.06185, "floatShares": 701059380, "sharesOutstanding": 2415280128, "heldPercentInsiders": 0.77371, "heldPercentInstitutions": 0.0529, "beta": 1.156071, "category": null, "bookValue": 54.334, "priceToBook": 2.1082563, "fundFamily": null, "legalType": null, "lastFiscalYearEnd": "2020-03-31 05:30:00", "nextFiscalYearEnd": "2022-03-31 05:30:00", "mostRecentQuarter": "2020-12-31 05:30:00", "earningsQuarterlyGrowth": 0.153, "netIncomeToCommon": 8950800384, "trailingEps": 3.727, "forwardEps": 7.08, "pegRatio": 0.89, "lastSplitFactor": null, "enterpriseToRevenue": 5.386, "52WeekChange": 1.5010917, "SandP52WeekChange": 0.48148263}, "industryTrend": {"maxAge": 1, "symbol": null, "estimates": []}, "quoteType": {"exchange": "NSI", "quoteType": "EQUITY", "symbol": "ABCAPITAL.NS", "underlyingSymbol": "ABCAPITAL.NS", "shortName": "ADITYA BIRLA CAPIT", "longName": "Aditya Birla Capital Limited", "firstTradeDateEpochUtc": "2017-09-01 09:15:00", "timeZoneFullName": "Asia/Kolkata", "timeZoneShortName": "IST", "uuid": "493adb51-e8bc-3fb8-9150-121221022bf6", "messageBoardId": "finmb_98190481", "gmtOffSetMilliseconds": 19800000, "maxAge": 1}, "incomeStatementHistory": {"incomeStatementHistory": [{"maxAge": 1, "endDate": "2020-03-31", "totalRevenue": 122120800000, "costOfRevenue": 90902700000, "grossProfit": 31218100000, "researchDevelopment": {}, "sellingGeneralAdministrative": 7905500000, "nonRecurring": {}, "otherOperatingExpenses": 11904600000, "totalOperatingExpenses": 111738400000, "operatingIncome": 10382400000, "totalOtherIncomeExpenseNet": 2415000000, "ebit": 0, "interestExpense": {}, "incomeBeforeTax": 12797400000, "incomeTaxExpense": 4136300000, "minorityInterest": 13195900000, "netIncomeFromContinuingOps": 8661100000, "discontinuedOperations": {}, "extraordinaryItems": {}, "effectOfAccountingCharges": {}, "otherItems": {}, "netIncome": 9197800000, "netIncomeApplicableToCommonShares": 9197800000}, {"maxAge": 1, "endDate": "2019-03-31", "totalRevenue": 110687600000, "costOfRevenue": 83573300000, "grossProfit": 27114300000, "researchDevelopment": {}, "sellingGeneralAdministrative": 9086400000, "nonRecurring": {}, "otherOperatingExpenses": 5895600000, "totalOperatingExpenses": 99134200000, "operatingIncome": 11553400000, "totalOtherIncomeExpenseNet": 2253100000, "ebit": 0, "interestExpense": {}, "incomeBeforeTax": 13806500000, "incomeTaxExpense": 5693500000, "minorityInterest": 11574300000, "netIncomeFromContinuingOps": 8113000000, "discontinuedOperations": {}, "extraordinaryItems": {}, "effectOfAccountingCharges": {}, "otherItems": {}, "netIncome": 8709400000, "netIncomeApplicableToCommonShares": 8709400000}, {"maxAge": 1, "endDate": "2018-03-31", "totalRevenue": 85098600000, "costOfRevenue": 61524500000, "grossProfit": 23574100000, "researchDevelopment": {}, "sellingGeneralAdministrative": 8052900000, "nonRecurring": {}, "otherOperatingExpenses": 5875100000, "totalOperatingExpenses": 75895200000, "operatingIncome": 9203400000, "totalOtherIncomeExpenseNet": 1755000000, "ebit": 0, "interestExpense": {}, "incomeBeforeTax": 10958400000, "incomeTaxExpense": 4027600000, "minorityInterest": 10560100000, "netIncomeFromContinuingOps": 6930800000, "discontinuedOperations": {}, "extraordinaryItems": {}, "effectOfAccountingCharges": {}, "otherItems": {}, "netIncome": 6930600000, "netIncomeApplicableToCommonShares": 6930600000}, {"maxAge": 1, "endDate": "2017-03-31", "totalRevenue": 35845700000, "costOfRevenue": 7620100000, "grossProfit": 28225600000, "researchDevelopment": {}, "sellingGeneralAdministrative": 9141500000, "nonRecurring": {}, "otherOperatingExpenses": 8032500000, "totalOperatingExpenses": 25225800000, "operatingIncome": 10619900000, "totalOtherIncomeExpenseNet": 37500000, "ebit": 0, "interestExpense": {}, "incomeBeforeTax": 10657400000, "incomeTaxExpense": 3745900000, "minorityInterest": 19665000000, "netIncomeFromContinuingOps": 6911500000, "discontinuedOperations": {}, "extraordinaryItems": {}, "effectOfAccountingCharges": {}, "otherItems": {}, "netIncome": 5300000000, "netIncomeApplicableToCommonShares": 5290300000}], "maxAge": 86400}, "fundOwnership": {"maxAge": 1, "ownershipList": [{"maxAge": 1, "reportDate": "2021-01-31", "organization": "Vanguard International Stock Index-Emerging Markets Stk", "pctHeld": 0.0033000002, "position": 7882448, "value": 636901798}, {"maxAge": 1, "reportDate": "2021-01-31", "organization": "Vanguard International Stock Index-Total Intl Stock Indx", "pctHeld": 0.0031, "position": 7535974, "value": 608906699}, {"maxAge": 1, "reportDate": "2021-03-31", "organization": "iShares Core MSCI Emerging Markets ETF", "pctHeld": 0.0023999999, "position": 5896699, "value": 703476190}, {"maxAge": 1, "reportDate": "2021-01-31", "organization": "DFA Investment Dimensions-DFA Emerging Mkts Value", "pctHeld": 0.0011999999, "position": 2879031, "value": 232625704}, {"maxAge": 1, "reportDate": "2021-01-31", "organization": "DFA Emerging Markets Core Equity Portfolio", "pctHeld": 0.00090000004, "position": 2263199, "value": 182866479}, {"maxAge": 1, "reportDate": "2021-01-31", "organization": "Vanguard Intl Equity Index Fds-FTSE All World ex U.S. Index Fund", "pctHeld": 0.0004, "position": 1025991, "value": 82900072}, {"maxAge": 1, "reportDate": "2021-01-31", "organization": "DFA Emerging Markets Small Cap Series", "pctHeld": 0.0004, "position": 939391, "value": 75902792}, {"maxAge": 1, "reportDate": "2021-03-31", "organization": "iShares MSCI India Small Cap ETF", "pctHeld": 0.0004, "position": 856788, "value": 102214808}, {"maxAge": 1, "reportDate": "2021-03-31", "organization": "SEI Institutional Investment Tr-Emerging Markets Equity Fd", "pctHeld": 0.00029999999, "position": 702219, "value": 83774726}, {"maxAge": 1, "reportDate": "2021-02-28", "organization": "Schwab Strategic Tr-Schwab Emerging Markets Equity ETF", "pctHeld": 0.00029999999, "position": 666708, "value": 82438444}]}, "summaryDetail": {"maxAge": 1, "priceHint": 2, "previousClose": 115.9, "open": 114.8, "dayLow": 113.35, "dayHigh": 116.45, "regularMarketPreviousClose": 115.9, "regularMarketOpen": 114.8, "regularMarketDayLow": 113.35, "regularMarketDayHigh": 116.45, "payoutRatio": 0.0, "beta": 1.156071, "trailingPE": 30.735176, "forwardPE": 16.179379, "volume": 2014333, "regularMarketVolume": 2014333, "averageVolume": 5645610, "averageVolume10days": 2631786, "averageDailyVolume10Day": 2631786, "bid": 0.0, "ask": 0.0, "bidSize": 0, "askSize": 0, "marketCap": 276670349312, "fiftyTwoWeekLow": 41.2, "fiftyTwoWeekHigh": 139.7, "priceToSalesTrailing12Months": 1.9119282, "fiftyDayAverage": 120.361115, "twoHundredDayAverage": 96.42034, "currency": "INR", "fromCurrency": null, "toCurrency": null, "lastMarket": null, "algorithm": null, "tradeable": false}, "insiderHolders": {"holders": [{"maxAge": 1, "name": "Agarwal (Avantika)", "relation": "UNREPORTED", "url": "", "transactionDescription": "Acquisition", "latestTransDate": "2021-03-05", "positionDirect": 30000, "positionDirectDate": "2021-03-05"}, {"maxAge": 1, "name": "Amin (Ankesh)", "relation": "UNREPORTED", "url": "", "transactionDescription": "Other", "latestTransDate": "2021-03-23", "positionDirect": 18724, "positionDirectDate": "2021-03-23"}, {"maxAge": 1, "name": "Hebbar (Nitin)", "relation": "UNREPORTED", "url": "", "transactionDescription": "Other", "latestTransDate": "2021-03-23", "positionDirect": 11500, "positionDirectDate": "2021-03-23"}, {"maxAge": 1, "name": "IGH Holdings Pvt Ltd", "relation": "Promoter", "url": "", "transactionDescription": "Acquisition", "latestTransDate": "2021-03-01", "positionDirect": 53367810, "positionDirectDate": "2021-03-01"}, {"maxAge": 1, "name": "Malik (Mukesh)", "relation": "UNREPORTED", "url": "", "transactionDescription": "Acquisition", "latestTransDate": "2020-09-29", "positionDirect": 200000, "positionDirectDate": "2020-09-29"}, {"maxAge": 1, "name": "Miranka (Sanjay Kumar)", "relation": "UNREPORTED", "url": "", "transactionDescription": "Other", "latestTransDate": "2021-03-23", "positionDirect": 57518, "positionDirectDate": "2021-03-23"}, {"maxAge": 1, "name": "Patil (Mahesh)", "relation": "UNREPORTED", "url": "", "transactionDescription": "Other", "latestTransDate": "2020-11-27", "positionDirect": 122500, "positionDirectDate": "2020-11-27"}, {"maxAge": 1, "name": "Sahrawat (Loveleen)", "relation": "UNREPORTED", "url": "", "transactionDescription": "Other", "latestTransDate": "2021-03-23", "positionDirect": 32460, "positionDirectDate": "2021-03-23"}, {"maxAge": 1, "name": "Srinivasan (Ajay)", "relation": "UNREPORTED", "url": "", "transactionDescription": "Other", "latestTransDate": "2020-10-01", "positionDirect": 433682, "positionDirectDate": "2020-10-01"}, {"maxAge": 1, "name": "Sushil (Agarwal)", "relation": "UNREPORTED", "url": "", "transactionDescription": "Other", "latestTransDate": "2021-02-23", "positionDirect": 289160, "positionDirectDate": "2021-02-23"}], "maxAge": 1}, "calendarEvents": {"maxAge": 1, "earnings": {"earningsDate": [], "earningsAverage": 1.48, "earningsLow": 1.48, "earningsHigh": 1.48}}, "price": {"maxAge": 1, "regularMarketChangePercent": -0.011647958, "regularMarketChange": -1.3499985, "regularMarketTime": "2021-04-30 15:30:01", "priceHint": 2, "regularMarketPrice": 114.55, "regularMarketDayHigh": 116.45, "regularMarketDayLow": 113.35, "regularMarketVolume": 2014333, "averageDailyVolume10Day": 2631786, "averageDailyVolume3Month": 5645610, "regularMarketPreviousClose": 115.9, "regularMarketSource": "FREE_REALTIME", "regularMarketOpen": 114.8, "exchange": "NSI", "exchangeName": "NSE", "exchangeDataDelayedBy": 15, "marketState": "CLOSED", "quoteType": "EQUITY", "symbol": "ABCAPITAL.NS", "underlyingSymbol": null, "shortName": "ADITYA BIRLA CAPIT", "longName": "Aditya Birla Capital Limited", "currency": "INR", "quoteSourceName": "Delayed Quote", "currencySymbol": "\u20b9", "fromCurrency": null, "toCurrency": null, "lastMarket": null, "marketCap": 276670349312}, "balanceSheetHistory": {"balanceSheetStatements": [{"maxAge": 1, "endDate": "2020-03-31", "cash": 28251900000, "netReceivables": 592842500000, "otherCurrentAssets": 233579600000, "totalCurrentAssets": 994575700000, "longTermInvestments": 116597800000, "propertyPlantEquipment": 4318900000, "goodWill": 5700400000, "intangibleAssets": 2373500000, "otherAssets": 14123700000, "deferredLongTermAssetCharges": 2715800000, "totalAssets": 1137690000000, "accountsPayable": 5145400000, "shortLongTermDebt": 116379100000, "otherCurrentLiab": 479600000, "longTermDebt": 381532100000, "otherLiab": 428683000000, "deferredLongTermLiab": 65300000, "minorityInterest": 13195900000, "totalCurrentLiabilities": 186046600000, "totalLiab": 998736200000, "commonStock": 24137600000, "retainedEarnings": 38312200000, "treasuryStock": 2714200000, "capitalSurplus": 60593900000, "otherStockholderEquity": 2714200000, "totalStockholderEquity": 125757900000, "netTangibleAssets": 117684000000}, {"maxAge": 1, "endDate": "2019-03-31", "cash": 7389100000, "netReceivables": 623687400000, "otherCurrentAssets": 256960700000, "totalCurrentAssets": 989587200000, "longTermInvestments": 86296100000, "propertyPlantEquipment": 1370100000, "goodWill": 5800300000, "intangibleAssets": 1930400000, "otherAssets": 11935400000, "deferredLongTermAssetCharges": 2220300000, "totalAssets": 1096919500000, "accountsPayable": 5234800000, "shortLongTermDebt": 79995600000, "otherCurrentLiab": 847400000, "longTermDebt": 354855900000, "otherLiab": 414769100000, "deferredLongTermLiab": 205200000, "minorityInterest": 11574300000, "totalCurrentLiabilities": 220596400000, "totalLiab": 990221700000, "commonStock": 22014000000, "retainedEarnings": 29437600000, "treasuryStock": 2229100000, "capitalSurplus": 41442800000, "otherStockholderEquity": 2229100000, "totalStockholderEquity": 95123500000, "netTangibleAssets": 87392800000}, {"maxAge": 1, "endDate": "2018-03-31", "cash": 8459900000, "netReceivables": 509316500000, "otherCurrentAssets": 251065800000, "totalCurrentAssets": 852604300000, "longTermInvestments": 64817700000, "propertyPlantEquipment": 1386300000, "goodWill": 5800300000, "intangibleAssets": 1514800000, "otherAssets": 11018500000, "deferredLongTermAssetCharges": 1583000000, "totalAssets": 937141900000, "accountsPayable": 4502600000, "shortLongTermDebt": 44672000000, "otherCurrentLiab": 508600000, "longTermDebt": 240210000000, "otherLiab": 377254200000, "deferredLongTermLiab": 251800000, "minorityInterest": 10560100000, "totalCurrentLiabilities": 223727600000, "totalLiab": 841203400000, "commonStock": 22010400000, "retainedEarnings": 20276400000, "treasuryStock": 1669600000, "capitalSurplus": 41422000000, "otherStockholderEquity": 1669600000, "totalStockholderEquity": 85378400000, "netTangibleAssets": 78063300000}, {"maxAge": 1, "endDate": "2017-03-31", "cash": 8037000000, "netReceivables": 384078900000, "otherCurrentAssets": 33645400000, "totalCurrentAssets": 425761300000, "longTermInvestments": 122295600000, "propertyPlantEquipment": 1085400000, "goodWill": 5800300000, "intangibleAssets": 1240600000, "otherAssets": 225229800000, "deferredLongTermAssetCharges": 1068000000, "totalAssets": 781413000000, "accountsPayable": 6988200000, "shortLongTermDebt": 30565000000, "otherCurrentLiab": 16352000000, "longTermDebt": 183054300000, "otherLiab": 329283800000, "minorityInterest": 19665000000, "totalCurrentLiabilities": 183424300000, "totalLiab": 695793100000, "commonStock": 12322400000, "retainedEarnings": 17685200000, "treasuryStock": 501000000, "capitalSurplus": 35446300000, "otherStockholderEquity": 501000000, "totalStockholderEquity": 65954900000, "netTangibleAssets": 58914000000}], "maxAge": 86400}, "earningsTrend": {"trend": [{"maxAge": 1, "period": "0q", "endDate": "2018-06-30", "growth": {}, "earningsEstimate": {"avg": 1.48, "low": 1.48, "high": 1.48, "yearAgoEps": {}, "numberOfAnalysts": 1, "growth": {}}, "revenueEstimate": {"avg": 0, "low": 0, "high": 0, "numberOfAnalysts": 0, "yearAgoRevenue": {}, "growth": {}}, "epsTrend": {"current": 1.48, "7daysAgo": 1.48, "30daysAgo": 1.26, "60daysAgo": 1.26, "90daysAgo": 1.26}, "epsRevisions": {"upLast7days": 0, "upLast30days": 1, "downLast30days": 0, "downLast90days": {}}}, {"maxAge": 1, "period": "+1q", "endDate": "2018-09-30", "growth": {}, "earningsEstimate": {"avg": 1.1, "low": 1.1, "high": 1.1, "yearAgoEps": {}, "numberOfAnalysts": 1, "growth": {}}, "revenueEstimate": {"avg": 0, "low": 0, "high": 0, "numberOfAnalysts": 0, "yearAgoRevenue": {}, "growth": {}}, "epsTrend": {"current": 1.1, "7daysAgo": 1.1, "30daysAgo": 1.26, "60daysAgo": 1.26, "90daysAgo": 1.26}, "epsRevisions": {"upLast7days": 0, "upLast30days": 0, "downLast30days": 0, "downLast90days": {}}}, {"maxAge": 1, "period": "0y", "endDate": "2019-03-31", "growth": {}, "earningsEstimate": {"avg": 4.78, "low": 4.78, "high": 4.78, "yearAgoEps": {}, "numberOfAnalysts": 1, "growth": {}}, "revenueEstimate": {"avg": 127223000000, "low": 127223000000, "high": 127223000000, "numberOfAnalysts": 1, "yearAgoRevenue": {}, "growth": {}}, "epsTrend": {"current": 4.78, "7daysAgo": 4.78, "30daysAgo": 4.78, "60daysAgo": 4.96, "90daysAgo": 5.17}, "epsRevisions": {"upLast7days": 0, "upLast30days": 0, "downLast30days": 0, "downLast90days": {}}}, {"maxAge": 1, "period": "+1y", "endDate": "2020-03-31", "growth": 0.48099998, "earningsEstimate": {"avg": 7.08, "low": 7.08, "high": 7.08, "yearAgoEps": 4.78, "numberOfAnalysts": 1, "growth": 0.48099998}, "revenueEstimate": {"avg": 160807000000, "low": 160807000000, "high": 160807000000, "numberOfAnalysts": 1, "yearAgoRevenue": 127223000000, "growth": 0.264}, "epsTrend": {"current": 7.08, "7daysAgo": 7.08, "30daysAgo": 7.08, "60daysAgo": 6.73, "90daysAgo": 7.21}, "epsRevisions": {"upLast7days": 0, "upLast30days": 0, "downLast30days": 0, "downLast90days": {}}}, {"maxAge": 1, "period": "+5y", "endDate": null, "growth": 0.3073, "earningsEstimate": {"avg": {}, "low": {}, "high": {}, "yearAgoEps": {}, "numberOfAnalysts": {}, "growth": {}}, "revenueEstimate": {"avg": {}, "low": {}, "high": {}, "numberOfAnalysts": {}, "yearAgoRevenue": {}, "growth": {}}, "epsTrend": {"current": {}, "7daysAgo": {}, "30daysAgo": {}, "60daysAgo": {}, "90daysAgo": {}}, "epsRevisions": {"upLast7days": {}, "upLast30days": {}, "downLast30days": {}, "downLast90days": {}}}, {"maxAge": 1, "period": "-5y", "endDate": null, "growth": {}, "earningsEstimate": {"avg": {}, "low": {}, "high": {}, "yearAgoEps": {}, "numberOfAnalysts": {}, "growth": {}}, "revenueEstimate": {"avg": {}, "low": {}, "high": {}, "numberOfAnalysts": {}, "yearAgoRevenue": {}, "growth": {}}, "epsTrend": {"current": {}, "7daysAgo": {}, "30daysAgo": {}, "60daysAgo": {}, "90daysAgo": {}}, "epsRevisions": {"upLast7days": {}, "upLast30days": {}, "downLast30days": {}, "downLast90days": {}}}], "maxAge": 1}, "institutionOwnership": {"maxAge": 1, "ownershipList": []}, "majorHoldersBreakdown": {"maxAge": 1, "insidersPercentHeld": 0.77371, "institutionsPercentHeld": 0.0529, "institutionsFloatPercentHeld": 0.23376, "institutionsCount": 37}, "balanceSheetHistoryQuarterly": {"balanceSheetStatements": [{"maxAge": 1, "endDate": "2020-12-31", "totalStockholderEquity": 130569900000, "netTangibleAssets": 122341000000}, {"maxAge": 1, "endDate": "2020-09-30", "cash": 17943200000, "netReceivables": 574759500000, "otherCurrentAssets": 257495600000, "totalCurrentAssets": 851040200000, "longTermInvestments": 284092400000, "propertyPlantEquipment": 4695300000, "goodWill": 5700400000, "intangibleAssets": 2528500000, "otherAssets": 7106700000, "deferredLongTermAssetCharges": 3579500000, "totalAssets": 1155163500000, "accountsPayable": 4599600000, "otherCurrentLiab": 1109400000, "longTermDebt": 504284900000, "otherLiab": 496304200000, "minorityInterest": 14355600000, "totalCurrentLiabilities": 5763600000, "totalLiab": 1010238000000, "commonStock": 24141300000, "treasuryStock": 106428600000, "otherStockholderEquity": 106428600000, "totalStockholderEquity": 130569900000, "netTangibleAssets": 122341000000}, {"maxAge": 1, "endDate": "2020-06-30", "totalStockholderEquity": 125757900000, "netTangibleAssets": 117684000000}, {"maxAge": 1, "endDate": "2020-03-31", "cash": 28251900000, "netReceivables": 592842500000, "otherCurrentAssets": 233579600000, "totalCurrentAssets": 994575700000, "longTermInvestments": 116597800000, "propertyPlantEquipment": 4318900000, "goodWill": 5700400000, "intangibleAssets": 2373500000, "otherAssets": 14123700000, "deferredLongTermAssetCharges": 2715800000, "totalAssets": 1137690000000, "accountsPayable": 5145400000, "shortLongTermDebt": 116379100000, "otherCurrentLiab": 479600000, "longTermDebt": 381532100000, "otherLiab": 428683000000, "deferredLongTermLiab": 65300000, "minorityInterest": 13195900000, "totalCurrentLiabilities": 186046600000, "totalLiab": 998736200000, "commonStock": 24137600000, "retainedEarnings": 38312200000, "treasuryStock": 2714200000, "capitalSurplus": 60593900000, "otherStockholderEquity": 2714200000, "totalStockholderEquity": 125757900000, "netTangibleAssets": 117684000000}], "maxAge": 86400}, "earningsHistory": {"history": [{"maxAge": 1, "epsActual": {}, "epsEstimate": {}, "epsDifference": {}, "surprisePercent": {}, "quarter": {}, "period": "-4q"}, {"maxAge": 1, "epsActual": {}, "epsEstimate": {}, "epsDifference": {}, "surprisePercent": {}, "quarter": {}, "period": "-3q"}, {"maxAge": 1, "epsActual": 0.98, "epsEstimate": 1.11, "epsDifference": -0.13, "surprisePercent": -0.117, "quarter": "2017-12-31", "period": "-2q"}, {"maxAge": 1, "epsActual": 0.94, "epsEstimate": 0.93, "epsDifference": 0.01, "surprisePercent": 0.011, "quarter": "2018-03-31", "period": "-1q"}], "maxAge": 86400}, "summaryProfile": {"address1": "One Indiabulls Centre", "address2": "Tower 1,18th Floor Jupiter Mill Compound 841, Senapati Bapat Marg, Elphinstone Road", "city": "Mumbai", "zip": "400013", "country": "India", "phone": "91 22 4356 7000", "fax": "91 22 4356 7111", "website": "http://www.adityabirlacapital.com", "industry": "Financial Conglomerates", "sector": "Financial Services", "longBusinessSummary": "Aditya Birla Capital Limited, through its subsidiaries, provides various financial products and services in India and internationally. It offers life insurance products, such as protection, wealth with protection, children's future, health, retirement, and savings with protection insurance; health; wellness; motor, damage, natural calamities, personal accident cover, and third party legal liability; and travel insurance products. The company also provides financing solutions, such as home loans, loans against property, and personal loans; lines of credit, business loans, working capital demand loans, and supply chain financing solutions for small and medium enterprises; and loans against shares, mutual funds, and life insurance policy, as well as ESOP and IPO financing, and promoter and margin trade funding services. In addition, it offers investment services, such as mutual funds, pension funds, stocks and securities, real estate investment, wealth management, and portfolio management services. Further, the company provides financial and IT enabled services; private equity investment, and advisory and management services; stock broking and depository services; and risk advisory, fund management, asset management, and trustee services, as well as other business support and value added services. Additionally, it offers advising solutions, such as MoneyForLife Planner, an online tool that offers personalized financial planning solution; and ABC of Money, which provides money solutions. The company was formerly known as Aditya Birla Financial Services Limited and changed its name to Aditya Birla Capital Limited in June 2017. The company was incorporated in 2007 and is based in Mumbai, India. Aditya Birla Capital Limited is a subsidiary of Grasim Industries Limited.", "fullTimeEmployees": 21000, "companyOfficers": [], "maxAge": 86400}, "netSharePurchaseActivity": {"maxAge": 1, "period": "6m", "buyInfoCount": 0, "buyInfoShares": 0, "sellInfoCount": 0, "netInfoCount": 0, "netInfoShares": 0, "netPercentInsiderShares": 0.0, "totalInsiderShares": 1861288320}, "insiderTransactions": {"transactions": [{"maxAge": 1, "shares": 46440, "value": 73612, "filerUrl": "", "transactionText": "Other at price 1.59 per share.", "filerName": "Miranka (Sanjay Kumar)", "filerRelation": "UNREPORTED", "moneyText": "", "startDate": "2021-03-23", "ownership": "D"}, {"maxAge": 1, "shares": 32460, "value": 49280, "filerUrl": "", "transactionText": "Other at price 1.52 per share.", "filerName": "Sahrawat (Loveleen)", "filerRelation": "UNREPORTED", "moneyText": "", "startDate": "2021-03-23", "ownership": "D"}, {"maxAge": 1, "shares": 7224, "value": 7606, "filerUrl": "", "transactionText": "Other at price 1.05 per share.", "filerName": "Amin (Ankesh)", "filerRelation": "UNREPORTED", "moneyText": "", "startDate": "2021-03-23", "ownership": "D"}, {"maxAge": 1, "shares": 10000, "value": 15851, "filerUrl": "", "transactionText": "Other at price 1.59 per share.", "filerName": "Hebbar (Nitin)", "filerRelation": "UNREPORTED", "moneyText": "", "startDate": "2021-03-23", "ownership": "D"}, {"maxAge": 1, "shares": 2000, "value": 3476, "filerUrl": "", "transactionText": "Acquisition at price 1.74 per share.", "filerName": "Amin (Ankesh)", "filerRelation": "UNREPORTED", "moneyText": "", "startDate": "2021-03-18", "ownership": "D"}, {"maxAge": 1, "shares": 2000, "value": 3693, "filerUrl": "", "transactionText": "Acquisition at price 1.85 per share.", "filerName": "Amin (Ankesh)", "filerRelation": "UNREPORTED", "moneyText": "", "startDate": "2021-03-17", "ownership": "D"}, {"maxAge": 1, "shares": 2000, "value": 3557, "filerUrl": "", "transactionText": "Acquisition at price 1.78 per share.", "filerName": "Amin (Ankesh)", "filerRelation": "UNREPORTED", "moneyText": "", "startDate": "2021-03-12", "ownership": "D"}, {"maxAge": 1, "shares": 30000, "value": 52770, "filerUrl": "", "transactionText": "Acquisition at price 1.76 per share.", "filerName": "Agarwal (Avantika)", "filerRelation": "UNREPORTED", "moneyText": "", "startDate": "2021-03-05", "ownership": "D"}, {"maxAge": 1, "shares": 1300000, "value": 2280070, "filerUrl": "", "transactionText": "Acquisition at price 1.75 per share.", "filerName": "IGH Holdings Pvt Ltd", "filerRelation": "Promoter", "moneyText": "", "startDate": "2021-03-01", "ownership": "D"}, {"maxAge": 1, "shares": 850000, "value": 1379465, "filerUrl": "", "transactionText": "Acquisition at price 1.62 per share.", "filerName": "IGH Holdings Pvt Ltd", "filerRelation": "Promoter", "moneyText": "", "startDate": "2021-02-26", "ownership": "D"}, {"maxAge": 1, "shares": 665000, "value": 1116202, "filerUrl": "", "transactionText": "Acquisition at price 1.68 per share.", "filerName": "IGH Holdings Pvt Ltd", "filerRelation": "Promoter", "moneyText": "", "startDate": "2021-02-25", "ownership": "D"}, {"maxAge": 1, "shares": 1775000, "value": 2950227, "filerUrl": "", "transactionText": "Acquisition at price 1.66 per share.", "filerName": "IGH Holdings Pvt Ltd", "filerRelation": "Promoter", "moneyText": "", "startDate": "2021-02-24", "ownership": "D"}, {"maxAge": 1, "shares": 45040, "value": 6220, "filerUrl": "", "transactionText": "Other at price 0.14 per share.", "filerName": "Sushil (Agarwal)", "filerRelation": "UNREPORTED", "moneyText": "", "startDate": "2021-02-23", "ownership": "D"}, {"maxAge": 1, "shares": 1640000, "value": 2526748, "filerUrl": "", "transactionText": "Acquisition at price 1.54 per share.", "filerName": "IGH Holdings Pvt Ltd", "filerRelation": "Promoter", "moneyText": "", "startDate": "2021-02-23", "ownership": "D"}, {"maxAge": 1, "shares": 122500, "value": 16562, "filerUrl": "", "transactionText": "Other at price 0.14 per share.", "filerName": "Patil (Mahesh)", "filerRelation": "UNREPORTED", "moneyText": "", "startDate": "2020-11-27", "ownership": "D"}, {"maxAge": 1, "shares": 195650, "value": 26451, "filerUrl": "", "transactionText": "Other at price 0.14 per share.", "filerName": "Sushil (Agarwal)", "filerRelation": "UNREPORTED", "moneyText": "", "startDate": "2020-11-05", "ownership": "D"}, {"maxAge": 1, "shares": 402182, "value": 54938, "filerUrl": "", "transactionText": "Other at price 0.14 per share.", "filerName": "Srinivasan (Ajay)", "filerRelation": "UNREPORTED", "moneyText": "", "startDate": "2020-10-01", "ownership": "D"}, {"maxAge": 1, "shares": 28464, "value": 24382, "filerUrl": "", "transactionText": "Acquisition at price 0.86 per share.", "filerName": "Malik (Mukesh)", "filerRelation": "UNREPORTED", "moneyText": "", "startDate": "2020-09-29", "ownership": "D"}, {"maxAge": 1, "shares": 170450, "value": 23198, "filerUrl": "", "transactionText": "Other at price 0.14 per share.", "filerName": "Maheshwari (Krishna Kishore)", "filerRelation": "UNREPORTED", "moneyText": "", "startDate": "2020-09-07", "ownership": "D"}, {"maxAge": 1, "shares": 25000, "value": 19727, "filerUrl": "", "transactionText": "Sale at price 0.79 per share.", "filerName": "Maheshwari (Krishna Kishore)", "filerRelation": "UNREPORTED", "moneyText": "", "startDate": "2020-08-17", "ownership": "D"}, {"maxAge": 1, "shares": 20450, "value": 16378, "filerUrl": "", "transactionText": "Sale at price 0.80 per share.", "filerName": "Maheshwari (Krishna Kishore)", "filerRelation": "UNREPORTED", "moneyText": "", "startDate": "2020-08-14", "ownership": "D"}, {"maxAge": 1, "shares": 15000, "value": 12685, "filerUrl": "", "transactionText": "Acquisition at price 0.85 per share.", "filerName": "Malik (Mukesh)", "filerRelation": "UNREPORTED", "moneyText": "", "startDate": "2020-06-30", "ownership": "D"}, {"maxAge": 1, "shares": 35000, "value": 28724, "filerUrl": "", "transactionText": "Acquisition at price 0.82 per share.", "filerName": "Malik (Mukesh)", "filerRelation": "UNREPORTED", "moneyText": "", "startDate": "2020-06-29", "ownership": "D"}, {"maxAge": 1, "shares": 33000, "filerUrl": "", "transactionText": "", "filerName": "Malik (Mukesh)", "filerRelation": "Chief Operating Officer", "moneyText": "", "startDate": "2020-06-24", "ownership": "D"}, {"maxAge": 1, "shares": 25936, "filerUrl": "", "transactionText": "", "filerName": "Malik (Mukesh)", "filerRelation": "Chief Operating Officer", "moneyText": "", "startDate": "2020-06-23", "ownership": "D"}, {"maxAge": 1, "shares": 140851, "filerUrl": "", "transactionText": "", "filerName": "Balasubramanian (A)", "filerRelation": "Managing Director", "moneyText": "", "startDate": "2020-03-20", "ownership": "D"}, {"maxAge": 1, "shares": 50000, "filerUrl": "", "transactionText": "", "filerName": "Malik (Mukesh)", "filerRelation": "Chief Operating Officer", "moneyText": "", "startDate": "2020-03-18", "ownership": "D"}, {"maxAge": 1, "shares": 50000, "filerUrl": "", "transactionText": "", "filerName": "Singh (Rakesh)", "filerRelation": "Managing Director", "moneyText": "", "startDate": "2020-03-17", "ownership": "D"}, {"maxAge": 1, "shares": 3500, "filerUrl": "", "transactionText": "", "filerName": "Shah (Tushar)", "filerRelation": "UNREPORTED", "moneyText": "", "startDate": "2019-11-25", "ownership": "D"}, {"maxAge": 1, "shares": 13000, "filerUrl": "", "transactionText": "", "filerName": "Shah (Tushar)", "filerRelation": "UNREPORTED", "moneyText": "", "startDate": "2019-11-21", "ownership": "D"}, {"maxAge": 1, "shares": 22500000, "filerUrl": "", "transactionText": "", "filerName": "Surya Kiran Investments Pte Ltd", "filerRelation": "Promoter", "moneyText": "", "startDate": "2019-10-16", "ownership": "D"}, {"maxAge": 1, "shares": 250000, "filerUrl": "", "transactionText": "", "filerName": "IGH Holdings Pvt Ltd", "filerRelation": "Promoter", "moneyText": "", "startDate": "2019-10-16", "ownership": "D"}, {"maxAge": 1, "shares": 56881, "filerUrl": "", "transactionText": "", "filerName": "Maheshwari (Krishna Kishore)", "filerRelation": "UNREPORTED", "moneyText": "", "startDate": "2019-09-12", "ownership": "D"}, {"maxAge": 1, "shares": 5000, "filerUrl": "", "transactionText": "", "filerName": "Maheshwari (Krishna Kishore)", "filerRelation": "UNREPORTED", "moneyText": "", "startDate": "2019-08-20", "ownership": "D"}, {"maxAge": 1, "shares": 20000, "filerUrl": "", "transactionText": "", "filerName": "Maheshwari (Krishna Kishore)", "filerRelation": "UNREPORTED", "moneyText": "", "startDate": "2019-08-14", "ownership": "D"}, {"maxAge": 1, "shares": 69762, "filerUrl": "", "transactionText": "", "filerName": "Maheshwari (Krishna Kishore)", "filerRelation": "UNREPORTED", "moneyText": "", "startDate": "2019-08-13", "ownership": "D"}, {"maxAge": 1, "shares": 167337978, "filerUrl": "", "transactionText": "", "filerName": "Birla Group Holdings Pvt Ltd", "filerRelation": "Promoter", "moneyText": "", "startDate": "2019-07-08", "ownership": "D"}, {"maxAge": 1, "shares": 1677965, "filerUrl": "", "transactionText": "", "filerName": "Manav Investment & Trading Company Ltd", "filerRelation": "Promoter", "moneyText": "", "startDate": "2018-09-28", "ownership": "D"}, {"maxAge": 1, "shares": 10000, "filerUrl": "", "transactionText": "", "filerName": "Maheshwari (Krishna Kishore)", "filerRelation": "UNREPORTED", "moneyText": "", "startDate": "2018-06-21", "ownership": "D"}, {"maxAge": 1, "shares": 20000, "filerUrl": "", "transactionText": "", "filerName": "Maheshwari (Krishna Kishore)", "filerRelation": "UNREPORTED", "moneyText": "", "startDate": "2018-06-20", "ownership": "D"}, {"maxAge": 1, "shares": 140063, "filerUrl": "", "transactionText": "", "filerName": "Gupta (Adesh K)", "filerRelation": "UNREPORTED", "moneyText": "", "startDate": "2018-05-24", "ownership": "D"}, {"maxAge": 1, "shares": 2000, "filerUrl": "", "transactionText": "", "filerName": "lyer (Vijayalakshmi Rajaram)", "filerRelation": "Director (Independent)", "moneyText": "", "startDate": "2017-11-29", "ownership": "D"}, {"maxAge": 1, "shares": 10000, "filerUrl": "", "transactionText": "", "filerName": "Shukla (Saurabh)", "filerRelation": "UNREPORTED", "moneyText": "", "startDate": "2017-09-01", "ownership": "D"}], "maxAge": 1}, "sectorTrend": {"maxAge": 1, "symbol": null, "estimates": []}, "incomeStatementHistoryQuarterly": {"incomeStatementHistory": [{"maxAge": 1, "endDate": "2020-12-31", "totalRevenue": 40970000000, "costOfRevenue": 32625900000, "grossProfit": 8344100000, "researchDevelopment": {}, "sellingGeneralAdministrative": 1916100000, "nonRecurring": {}, "otherOperatingExpenses": 2870200000, "totalOperatingExpenses": 37707300000, "operatingIncome": 3262700000, "totalOtherIncomeExpenseNet": 748200000, "ebit": 0, "interestExpense": {}, "incomeBeforeTax": 4010900000, "incomeTaxExpense": 1180900000, "minorityInterest": {}, "netIncomeFromContinuingOps": 2830000000, "discontinuedOperations": {}, "extraordinaryItems": {}, "effectOfAccountingCharges": {}, "otherItems": {}, "netIncome": 2886800000, "netIncomeApplicableToCommonShares": 2886800000}, {"maxAge": 1, "endDate": "2020-09-30", "totalRevenue": 35840900000, "costOfRevenue": 27659900000, "grossProfit": 8181000000, "researchDevelopment": {}, "sellingGeneralAdministrative": 1865100000, "nonRecurring": {}, "otherOperatingExpenses": 3057100000, "totalOperatingExpenses": 32884600000, "operatingIncome": 2956300000, "totalOtherIncomeExpenseNet": 639300000, "ebit": 0, "interestExpense": {}, "incomeBeforeTax": 3595600000, "incomeTaxExpense": 1074700000, "minorityInterest": 14355600000, "netIncomeFromContinuingOps": 2520900000, "discontinuedOperations": {}, "extraordinaryItems": {}, "effectOfAccountingCharges": {}, "otherItems": {}, "netIncome": 2643400000, "netIncomeApplicableToCommonShares": 2643400000}, {"maxAge": 1, "endDate": "2020-06-30", "totalRevenue": 29776500000, "costOfRevenue": 22331100000, "grossProfit": 7445400000, "researchDevelopment": {}, "sellingGeneralAdministrative": 1825800000, "nonRecurring": {}, "otherOperatingExpenses": 3008100000, "totalOperatingExpenses": 27426100000, "operatingIncome": 2350400000, "totalOtherIncomeExpenseNet": 496100000, "ebit": 0, "interestExpense": {}, "incomeBeforeTax": 2846500000, "incomeTaxExpense": 977200000, "minorityInterest": 14355600000, "netIncomeFromContinuingOps": 1869300000, "discontinuedOperations": {}, "extraordinaryItems": {}, "effectOfAccountingCharges": {}, "otherItems": {}, "netIncome": 1983800000, "netIncomeApplicableToCommonShares": 1983800000}, {"maxAge": 1, "endDate": "2020-03-31", "totalRevenue": 37331700000, "costOfRevenue": 29929200000, "grossProfit": 7402500000, "researchDevelopment": {}, "sellingGeneralAdministrative": 2178400000, "nonRecurring": {}, "otherOperatingExpenses": 4063600000, "totalOperatingExpenses": 36455200000, "operatingIncome": 876500000, "totalOtherIncomeExpenseNet": 409700000, "ebit": 0, "interestExpense": {}, "incomeBeforeTax": 1286200000, "incomeTaxExpense": 25700000, "minorityInterest": 13195900000, "netIncomeFromContinuingOps": 1260500000, "discontinuedOperations": {}, "extraordinaryItems": {}, "effectOfAccountingCharges": {}, "otherItems": {}, "netIncome": 1436800000, "netIncomeApplicableToCommonShares": 1436800000}], "maxAge": 86400}, "cashflowStatementHistoryQuarterly": {"cashflowStatements": [{"maxAge": 1, "endDate": "2020-12-31", "netIncome": 2886800000, "changeToLiabilities": 0}, {"maxAge": 1, "endDate": "2020-09-30", "netIncome": 2643400000, "changeToLiabilities": 0}, {"maxAge": 1, "endDate": "2020-06-30", "netIncome": 1983800000, "changeToLiabilities": 0}, {"maxAge": 1, "endDate": "2020-03-31", "netIncome": 1436800000, "changeToLiabilities": 0}], "maxAge": 86400}, "earnings": {"maxAge": 86400, "earningsChart": {"quarterly": [{"date": "4Q2017", "actual": 0.98, "estimate": 1.11}, {"date": "1Q2018", "actual": 0.94, "estimate": 0.93}], "currentQuarterEstimate": 1.48, "currentQuarterEstimateDate": "2Q", "currentQuarterEstimateYear": 2018, "earningsDate": []}, "financialsChart": {"yearly": [{"date": 2017, "revenue": 35845700000, "earnings": 5300000000}, {"date": 2018, "revenue": 85098600000, "earnings": 6930600000}, {"date": 2019, "revenue": 110687600000, "earnings": 8709400000}, {"date": 2020, "revenue": 122120800000, "earnings": 9197800000}], "quarterly": [{"date": "1Q2020", "revenue": 37331700000, "earnings": 1436800000}, {"date": "2Q2020", "revenue": 29776500000, "earnings": 1983800000}, {"date": "3Q2020", "revenue": 35840900000, "earnings": 2643400000}, {"date": "4Q2020", "revenue": 40970000000, "earnings": 2886800000}]}, "financialCurrency": "INR"}, "financialData": {"maxAge": 86400, "currentPrice": 114.55, "targetHighPrice": 215.0, "targetLowPrice": 133.0, "targetMeanPrice": 187.86, "targetMedianPrice": 195.0, "recommendationMean": 2.0, "recommendationKey": "buy", "numberOfAnalystOpinions": 7, "totalCash": 18785099776, "totalCashPerShare": 7.809, "totalDebt": 508224798720, "totalRevenue": 144707502080, "debtToEquity": 350.68, "revenuePerShare": 60.255, "grossProfits": 31218100000, "earningsGrowth": 0.092, "revenueGrowth": 0.286, "grossMargins": 0.22227, "ebitdaMargins": 0.0, "operatingMargins": 0.06528, "profitMargins": 0.06185, "financialCurrency": "INR"}}}