{"ABCAPITAL.BO": {"recommendationTrend": {"trend": [{"period": "0m", "strongBuy": 0, "buy": 0, "hold": 0, "sell": 0, "strongSell": 0}, {"period": "-1m", "strongBuy": 0, "buy": 0, "hold": 0, "sell": 0, "strongSell": 0}, {"period": "-2m", "strongBuy": 0, "buy": 0, "hold": 0, "sell": 0, "strongSell": 0}, {"period": "-3m", "strongBuy": 0, "buy": 0, "hold": 0, "sell": 0, "strongSell": 0}], "maxAge": 86400}, "cashflowStatementHistory": {"cashflowStatements": [{"maxAge": 1, "endDate": "2020-03-31", "netIncome": 9197800000, "depreciation": 1359700000, "changeToNetincome": 12370200000, "changeToLiabilities": -93100000, "changeToOperatingActivities": 18132700000, "totalCashFromOperatingActivities": 41650700000, "capitalExpenditures": -1572900000, "investments": -31154600000, "otherCashflowsFromInvestingActivities": 1683000000, "totalCashflowsFromInvestingActivities": -31016300000, "netBorrowings": -12436700000, "otherCashflowsFromFinancingActivities": 1670200000, "totalCashFromFinancingActivities": 10228400000, "changeInCash": 20862800000, "issuanceOfStock": 20994900000}, {"maxAge": 1, "endDate": "2019-03-31", "netIncome": 8709400000, "depreciation": 433400000, "changeToNetincome": 11013700000, "changeToLiabilities": 1522700000, "changeToOperatingActivities": -124766500000, "totalCashFromOperatingActivities": -102558100000, "capitalExpenditures": -1625000000, "investments": -6860200000, "otherCashflowsFromInvestingActivities": 1530000000, "totalCashflowsFromInvestingActivities": -6904300000, "netBorrowings": 107004000000, "otherCashflowsFromFinancingActivities": 1507400000, "totalCashFromFinancingActivities": 108518300000, "changeInCash": -944100000, "issuanceOfStock": 6900000}, {"maxAge": 1, "endDate": "2018-03-31", "netIncome": 6930600000, "depreciation": 463800000, "changeToNetincome": -383200000, "changeToLiabilities": 506000000, "changeToOperatingActivities": -126977800000, "totalCashFromOperatingActivities": -118937000000, "capitalExpenditures": -1565700000, "investments": 1928800000, "otherCashflowsFromInvestingActivities": 1530000000, "totalCashflowsFromInvestingActivities": 375400000, "netBorrowings": 112220300000, "otherCashflowsFromFinancingActivities": 816700000, "totalCashFromFinancingActivities": 120062100000, "changeInCash": 1500500000, "issuanceOfStock": 7025100000}, {"maxAge": 1, "endDate": "2017-03-31", "netIncome": 5300000000, "depreciation": 268000000, "changeToNetincome": 5242300000, "changeToLiabilities": -360400000, "changeToOperatingActivities": -86309600000, "totalCashFromOperatingActivities": -75696000000, "capitalExpenditures": -1221200000, "investments": -7863200000, "otherCashflowsFromInvestingActivities": 90000000, "totalCashflowsFromInvestingActivities": -21222200000, "netBorrowings": 80763500000, "otherCashflowsFromFinancingActivities": 3170600000, "totalCashFromFinancingActivities": 98703600000, "changeInCash": 6776500000, "issuanceOfStock": 28780600000}], "maxAge": 86400}, "institutionOwnership": {"maxAge": 1, "ownershipList": []}, "balanceSheetHistoryQuarterly": {"balanceSheetStatements": [{"maxAge": 1, "endDate": "2020-06-30", "totalStockholderEquity": 125757900000, "netTangibleAssets": 117684000000}, {"maxAge": 1, "endDate": "2020-03-31", "cash": 28251900000, "netReceivables": 592842500000, "otherCurrentAssets": 233579600000, "totalCurrentAssets": 994593300000, "longTermInvestments": 116580200000, "propertyPlantEquipment": 4318900000, "goodWill": 5700400000, "intangibleAssets": 2373500000, "otherAssets": 14123700000, "deferredLongTermAssetCharges": 2715800000, "totalAssets": 1137690000000, "accountsPayable": 5145400000, "shortLongTermDebt": 116379100000, "otherCurrentLiab": 479600000, "longTermDebt": 381532100000, "otherLiab": 428683000000, "deferredLongTermLiab": 65300000, "minorityInterest": 13195900000, "totalCurrentLiabilities": 186046600000, "totalLiab": 998736200000, "commonStock": 24137600000, "retainedEarnings": 38312200000, "treasuryStock": 2714200000, "capitalSurplus": 60593900000, "otherStockholderEquity": 2714200000, "totalStockholderEquity": 125757900000, "netTangibleAssets": 117684000000}, {"maxAge": 1, "endDate": "2019-12-31", "totalStockholderEquity": 100680600000, "netTangibleAssets": 92960200000}, {"maxAge": 1, "endDate": "2019-09-30", "cash": 12879600000, "netReceivables": 603294400000, "otherCurrentAssets": 248348300000, "totalCurrentAssets": 864589800000, "longTermInvestments": 233350100000, "propertyPlantEquipment": 4112800000, "goodWill": 5800300000, "intangibleAssets": 1920100000, "otherAssets": 10822000000, "deferredLongTermAssetCharges": 1718700000, "totalAssets": 1120595100000, "accountsPayable": 4510400000, "otherCurrentLiab": 293200000, "longTermDebt": 554521700000, "otherLiab": 444757000000, "minorityInterest": 12658700000, "totalCurrentLiabilities": 4803600000, "totalLiab": 1007255800000, "commonStock": 22025600000, "treasuryStock": 78655000000, "otherStockholderEquity": 78655000000, "totalStockholderEquity": 100680600000, "netTangibleAssets": 92960200000}], "maxAge": 86400}, "earningsHistory": {"history": [{"maxAge": 1, "epsActual": {}, "epsEstimate": {}, "epsDifference": {}, "surprisePercent": {}, "quarter": {}, "period": "-4q"}, {"maxAge": 1, "epsActual": {}, "epsEstimate": {}, "epsDifference": {}, "surprisePercent": {}, "quarter": {}, "period": "-3q"}, {"maxAge": 1, "epsActual": 0.98, "epsEstimate": 1.11, "epsDifference": -0.13, "surprisePercent": -0.117, "quarter": "2017-12-31", "period": "-2q"}, {"maxAge": 1, "epsActual": 0.94, "epsEstimate": 0.93, "epsDifference": 0.01, "surprisePercent": 0.011, "quarter": "2018-03-31", "period": "-1q"}], "maxAge": 86400}, "indexTrend": {"maxAge": 1, "symbol": "SP5", "peRatio": 19.7411, "pegRatio": 1.34172, "estimates": [{"period": "0q", "growth": 0.549}, {"period": "+1q", "growth": 0.431}, {"period": "0y", "growth": 0.305}, {"period": "+1y", "growth": 0.109}, {"period": "+5y", "growth": 0.120865}, {"period": "-5y"}]}, "industryTrend": {"maxAge": 1, "symbol": null, "estimates": []}, "insiderTransactions": {"transactions": [{"maxAge": 1, "shares": 402182, "value": 54938, "filerUrl": "", "transactionText": "Other at price 0.14 per share.", "filerName": "Srinivasan (Ajay)", "filerRelation": "UNREPORTED", "moneyText": "", "startDate": "2020-10-01", "ownership": "D"}, {"maxAge": 1, "shares": 28464, "value": 24382, "filerUrl": "", "transactionText": "Acquisition at price 0.86 per share.", "filerName": "Malik (Mukesh)", "filerRelation": "UNREPORTED", "moneyText": "", "startDate": "2020-09-29", "ownership": "D"}, {"maxAge": 1, "shares": 170450, "value": 23198, "filerUrl": "", "transactionText": "Other at price 0.14 per share.", "filerName": "Maheshwari (Krishna Kishore)", "filerRelation": "UNREPORTED", "moneyText": "", "startDate": "2020-09-07", "ownership": "D"}, {"maxAge": 1, "shares": 25000, "value": 19727, "filerUrl": "", "transactionText": "Sale at price 0.79 per share.", "filerName": "Maheshwari (Krishna Kishore)", "filerRelation": "UNREPORTED", "moneyText": "", "startDate": "2020-08-17", "ownership": "D"}, {"maxAge": 1, "shares": 20450, "value": 16378, "filerUrl": "", "transactionText": "Sale at price 0.80 per share.", "filerName": "Maheshwari (Krishna Kishore)", "filerRelation": "UNREPORTED", "moneyText": "", "startDate": "2020-08-14", "ownership": "D"}, {"maxAge": 1, "shares": 15000, "value": 12685, "filerUrl": "", "transactionText": "Acquisition at price 0.85 per share.", "filerName": "Malik (Mukesh)", "filerRelation": "UNREPORTED", "moneyText": "", "startDate": "2020-06-30", "ownership": "D"}, {"maxAge": 1, "shares": 35000, "value": 28724, "filerUrl": "", "transactionText": "Acquisition at price 0.82 per share.", "filerName": "Malik (Mukesh)", "filerRelation": "UNREPORTED", "moneyText": "", "startDate": "2020-06-29", "ownership": "D"}, {"maxAge": 1, "shares": 33000, "filerUrl": "", "transactionText": "", "filerName": "Malik (Mukesh)", "filerRelation": "Chief Operating Officer", "moneyText": "", "startDate": "2020-06-24", "ownership": "D"}, {"maxAge": 1, "shares": 25936, "filerUrl": "", "transactionText": "", "filerName": "Malik (Mukesh)", "filerRelation": "Chief Operating Officer", "moneyText": "", "startDate": "2020-06-23", "ownership": "D"}, {"maxAge": 1, "shares": 140851, "filerUrl": "", "transactionText": "", "filerName": "Balasubramanian (A)", "filerRelation": "Managing Director", "moneyText": "", "startDate": "2020-03-20", "ownership": "D"}, {"maxAge": 1, "shares": 50000, "filerUrl": "", "transactionText": "", "filerName": "Malik (Mukesh)", "filerRelation": "Chief Operating Officer", "moneyText": "", "startDate": "2020-03-18", "ownership": "D"}, {"maxAge": 1, "shares": 50000, "filerUrl": "", "transactionText": "", "filerName": "Singh (Rakesh)", "filerRelation": "Managing Director", "moneyText": "", "startDate": "2020-03-17", "ownership": "D"}, {"maxAge": 1, "shares": 3500, "filerUrl": "", "transactionText": "", "filerName": "Shah (Tushar)", "filerRelation": "UNREPORTED", "moneyText": "", "startDate": "2019-11-25", "ownership": "D"}, {"maxAge": 1, "shares": 13000, "filerUrl": "", "transactionText": "", "filerName": "Shah (Tushar)", "filerRelation": "UNREPORTED", "moneyText": "", "startDate": "2019-11-21", "ownership": "D"}, {"maxAge": 1, "shares": 22500000, "filerUrl": "", "transactionText": "", "filerName": "Surya Kiran Investments Pte Ltd", "filerRelation": "Promoter", "moneyText": "", "startDate": "2019-10-16", "ownership": "D"}, {"maxAge": 1, "shares": 250000, "filerUrl": "", "transactionText": "", "filerName": "IGH Holdings Pvt Ltd", "filerRelation": "Promoter", "moneyText": "", "startDate": "2019-10-16", "ownership": "D"}, {"maxAge": 1, "shares": 56881, "filerUrl": "", "transactionText": "", "filerName": "Maheshwari (Krishna Kishore)", "filerRelation": "UNREPORTED", "moneyText": "", "startDate": "2019-09-12", "ownership": "D"}, {"maxAge": 1, "shares": 5000, "filerUrl": "", "transactionText": "", "filerName": "Maheshwari (Krishna Kishore)", "filerRelation": "UNREPORTED", "moneyText": "", "startDate": "2019-08-20", "ownership": "D"}, {"maxAge": 1, "shares": 20000, "filerUrl": "", "transactionText": "", "filerName": "Maheshwari (Krishna Kishore)", "filerRelation": "UNREPORTED", "moneyText": "", "startDate": "2019-08-14", "ownership": "D"}, {"maxAge": 1, "shares": 69762, "filerUrl": "", "transactionText": "", "filerName": "Maheshwari (Krishna Kishore)", "filerRelation": "UNREPORTED", "moneyText": "", "startDate": "2019-08-13", "ownership": "D"}, {"maxAge": 1, "shares": 167337978, "filerUrl": "", "transactionText": "", "filerName": "Birla Group Holdings Pvt Ltd", "filerRelation": "Promoter", "moneyText": "", "startDate": "2019-07-08", "ownership": "D"}], "maxAge": 1}, "quoteType": {"exchange": "BSE", "quoteType": "EQUITY", "symbol": "ABCAPITAL.BO", "underlyingSymbol": "ABCAPITAL.BO", "shortName": "Aditya Birla Capital Ltd", "longName": "Aditya Birla Capital Limited", "firstTradeDateEpochUtc": "2017-09-01 09:15:00", "timeZoneFullName": "Asia/Kolkata", "timeZoneShortName": "IST", "uuid": "3506b143-afd0-3362-bfae-c7d3000011f7", "messageBoardId": null, "gmtOffSetMilliseconds": 19800000, "maxAge": 1}, "incomeStatementHistory": {"incomeStatementHistory": [{"maxAge": 1, "endDate": "2020-03-31", "totalRevenue": 122120800000, "costOfRevenue": 90902700000, "grossProfit": 31218100000, "researchDevelopment": {}, "sellingGeneralAdministrative": 7905500000, "nonRecurring": {}, "otherOperatingExpenses": 11904600000, "totalOperatingExpenses": 111738400000, "operatingIncome": 10382400000, "totalOtherIncomeExpenseNet": 2415000000, "ebit": 0, "interestExpense": {}, "incomeBeforeTax": 12797400000, "incomeTaxExpense": 4136300000, "minorityInterest": 13195900000, "netIncomeFromContinuingOps": 8661100000, "discontinuedOperations": {}, "extraordinaryItems": {}, "effectOfAccountingCharges": {}, "otherItems": {}, "netIncome": 9197800000, "netIncomeApplicableToCommonShares": 9197800000}, {"maxAge": 1, "endDate": "2019-03-31", "totalRevenue": 110687600000, "costOfRevenue": 83573300000, "grossProfit": 27114300000, "researchDevelopment": {}, "sellingGeneralAdministrative": 9086400000, "nonRecurring": {}, "otherOperatingExpenses": 5895600000, "totalOperatingExpenses": 99134200000, "operatingIncome": 11553400000, "totalOtherIncomeExpenseNet": 2253100000, "ebit": 0, "interestExpense": {}, "incomeBeforeTax": 13806500000, "incomeTaxExpense": 5693500000, "minorityInterest": 11574300000, "netIncomeFromContinuingOps": 8113000000, "discontinuedOperations": {}, "extraordinaryItems": {}, "effectOfAccountingCharges": {}, "otherItems": {}, "netIncome": 8709400000, "netIncomeApplicableToCommonShares": 8709400000}, {"maxAge": 1, "endDate": "2018-03-31", "totalRevenue": 85098600000, "costOfRevenue": 61524500000, "grossProfit": 23574100000, "researchDevelopment": {}, "sellingGeneralAdministrative": 8052900000, "nonRecurring": {}, "otherOperatingExpenses": 5875100000, "totalOperatingExpenses": 75895200000, "operatingIncome": 9203400000, "totalOtherIncomeExpenseNet": 1755000000, "ebit": 0, "interestExpense": {}, "incomeBeforeTax": 10958400000, "incomeTaxExpense": 4027600000, "minorityInterest": 10560100000, "netIncomeFromContinuingOps": 6930800000, "discontinuedOperations": {}, "extraordinaryItems": {}, "effectOfAccountingCharges": {}, "otherItems": {}, "netIncome": 6930600000, "netIncomeApplicableToCommonShares": 6930600000}, {"maxAge": 1, "endDate": "2017-03-31", "totalRevenue": 35845700000, "costOfRevenue": 7620100000, "grossProfit": 28225600000, "researchDevelopment": {}, "sellingGeneralAdministrative": 9141500000, "nonRecurring": {}, "otherOperatingExpenses": 8032500000, "totalOperatingExpenses": 25225800000, "operatingIncome": 10619900000, "totalOtherIncomeExpenseNet": 37500000, "ebit": 0, "interestExpense": {}, "incomeBeforeTax": 10657400000, "incomeTaxExpense": 3745900000, "minorityInterest": 19665000000, "netIncomeFromContinuingOps": 6911500000, "discontinuedOperations": {}, "extraordinaryItems": {}, "effectOfAccountingCharges": {}, "otherItems": {}, "netIncome": 5300000000, "netIncomeApplicableToCommonShares": 5290300000}], "maxAge": 86400}, "fundOwnership": {"maxAge": 1, "ownershipList": [{"maxAge": 1, "reportDate": "2020-07-31", "organization": "Vanguard International Stock Index-Total Intl Stock Indx", "pctHeld": 0.0038, "position": 9139432, "value": 494443271}, {"maxAge": 1, "reportDate": "2020-07-31", "organization": "Vanguard International Stock Index-Emerging Markets Stk", "pctHeld": 0.0033000002, "position": 7882448, "value": 426440436}, {"maxAge": 1, "reportDate": "2020-07-31", "organization": "DFA Investment Dimensions-DFA Emerging Mkts Value", "pctHeld": 0.0011999999, "position": 2879031, "value": 155755577}, {"maxAge": 1, "reportDate": "2020-07-31", "organization": "DFA Emerging Markets Core Equity Portfolio", "pctHeld": 0.00090000004, "position": 2263199, "value": 122439065}, {"maxAge": 1, "reportDate": "2020-07-31", "organization": "Vanguard Intl Equity Index Fds-FTSE All World ex U.S. Index Fund", "pctHeld": 0.0005, "position": 1126852, "value": 60962693}, {"maxAge": 1, "reportDate": "2020-07-31", "organization": "DFA Emerging Markets Series", "pctHeld": 0.0004, "position": 902487, "value": 48824546}, {"maxAge": 1, "reportDate": "2020-07-31", "organization": "DFA Emerging Markets Small Cap Series", "pctHeld": 0.00029999999, "position": 728578, "value": 39416069}, {"maxAge": 1, "reportDate": "2020-05-31", "organization": "Schwab Strategic Tr-Schwab Emerging Markets Equity ETF", "pctHeld": 0.00029999999, "position": 701260, "value": 32152771}, {"maxAge": 1, "reportDate": "2020-08-31", "organization": "WisdomTree Tr-WisdomTree India Earnings Fd", "pctHeld": 0.0002, "position": 395189, "value": 24205326}, {"maxAge": 1, "reportDate": "2020-07-31", "organization": "DFA Investment Dimensions-World Ex U.S. Core Equity Port", "pctHeld": 0.0001, "position": 190334, "value": 10297069}]}, "summaryDetail": {"maxAge": 1, "priceHint": 2, "previousClose": 115.9, "open": 114.4, "dayLow": 113.55, "dayHigh": 116.25, "regularMarketPreviousClose": 115.9, "regularMarketOpen": 114.4, "regularMarketDayLow": 113.55, "regularMarketDayHigh": 116.25, "trailingPE": 31.302921, "forwardPE": 20.0, "volume": 247140, "regularMarketVolume": 247140, "averageVolume": 395704, "averageVolume10days": 1015257, "averageDailyVolume10Day": 1015257, "bid": 114.6, "ask": 114.85, "bidSize": 0, "askSize": 0, "marketCap": 276706295808, "fiftyTwoWeekLow": 37.45, "fiftyTwoWeekHigh": 116.25, "fiftyDayAverage": 90.68714, "twoHundredDayAverage": 76.94635, "currency": "INR", "fromCurrency": null, "toCurrency": null, "lastMarket": null, "algorithm": null, "tradeable": false}, "sectorTrend": {"maxAge": 1, "symbol": null, "estimates": []}, "incomeStatementHistoryQuarterly": {"incomeStatementHistory": [{"maxAge": 1, "endDate": "2020-06-30", "totalRevenue": 29776500000, "costOfRevenue": 22331100000, "grossProfit": 7445400000, "researchDevelopment": {}, "sellingGeneralAdministrative": 1825800000, "nonRecurring": {}, "otherOperatingExpenses": 3008100000, "totalOperatingExpenses": 27426100000, "operatingIncome": 2350400000, "totalOtherIncomeExpenseNet": 496100000, "ebit": 0, "interestExpense": {}, "incomeBeforeTax": 2846500000, "incomeTaxExpense": 977200000, "minorityInterest": {}, "netIncomeFromContinuingOps": 1869300000, "discontinuedOperations": {}, "extraordinaryItems": {}, "effectOfAccountingCharges": {}, "otherItems": {}, "netIncome": 1983800000, "netIncomeApplicableToCommonShares": 1983800000}, {"maxAge": 1, "endDate": "2020-03-31", "totalRevenue": 37331700000, "costOfRevenue": 29929200000, "grossProfit": 7402500000, "researchDevelopment": {}, "sellingGeneralAdministrative": 2178400000, "nonRecurring": {}, "otherOperatingExpenses": 4063600000, "totalOperatingExpenses": 36455200000, "operatingIncome": 876500000, "totalOtherIncomeExpenseNet": 409700000, "ebit": 0, "interestExpense": {}, "incomeBeforeTax": 1286200000, "incomeTaxExpense": 25700000, "minorityInterest": 13195900000, "netIncomeFromContinuingOps": 1260500000, "discontinuedOperations": {}, "extraordinaryItems": {}, "effectOfAccountingCharges": {}, "otherItems": {}, "netIncome": 1436800000, "netIncomeApplicableToCommonShares": 1436800000}, {"maxAge": 1, "endDate": "2019-12-31", "totalRevenue": 31867300000, "costOfRevenue": 24064200000, "grossProfit": 7803100000, "researchDevelopment": {}, "sellingGeneralAdministrative": 1834200000, "nonRecurring": {}, "otherOperatingExpenses": 2957100000, "totalOperatingExpenses": 29106900000, "operatingIncome": 2760400000, "totalOtherIncomeExpenseNet": 661400000, "ebit": 0, "interestExpense": {}, "incomeBeforeTax": 3421800000, "incomeTaxExpense": 1011300000, "minorityInterest": 13195900000, "netIncomeFromContinuingOps": 2410500000, "discontinuedOperations": {}, "extraordinaryItems": {}, "effectOfAccountingCharges": {}, "otherItems": {}, "netIncome": 2504800000, "netIncomeApplicableToCommonShares": 2504800000}, {"maxAge": 1, "endDate": "2019-09-30", "totalRevenue": 28139200000, "costOfRevenue": 20339400000, "grossProfit": 7799800000, "researchDevelopment": {}, "sellingGeneralAdministrative": 1883200000, "nonRecurring": {}, "otherOperatingExpenses": 2708800000, "totalOperatingExpenses": 25175700000, "operatingIncome": 2963500000, "totalOtherIncomeExpenseNet": 754700000, "ebit": 0, "interestExpense": {}, "incomeBeforeTax": 3718200000, "incomeTaxExpense": 1288900000, "minorityInterest": 12658700000, "netIncomeFromContinuingOps": 2429300000, "discontinuedOperations": {}, "extraordinaryItems": {}, "effectOfAccountingCharges": {}, "otherItems": {}, "netIncome": 2557800000, "netIncomeApplicableToCommonShares": 2557800000}], "maxAge": 86400}, "cashflowStatementHistoryQuarterly": {"cashflowStatements": [{"maxAge": 1, "endDate": "2020-06-30", "netIncome": 1983800000, "changeToLiabilities": 0}, {"maxAge": 1, "endDate": "2020-03-31", "netIncome": 1436800000, "changeToLiabilities": 0}, {"maxAge": 1, "endDate": "2019-12-31", "netIncome": 2504800000, "changeToLiabilities": 0}, {"maxAge": 1, "endDate": "2019-09-30", "netIncome": 2557800000, "changeToLiabilities": 0}], "maxAge": 86400}, "insiderHolders": {"holders": [{"maxAge": 1, "name": "Balasubramanian (A)", "relation": "Managing Director", "url": "", "transactionDescription": "Other", "latestTransDate": "2020-03-20", "positionDirect": 141898, "positionDirectDate": "2020-03-20"}, {"maxAge": 1, "name": "Birla Group Holdings Pvt Ltd", "relation": "Promoter", "url": "", "transactionDescription": "Other", "latestTransDate": "2019-07-08", "positionDirect": 175006156, "positionDirectDate": "2019-07-08"}, {"maxAge": 1, "name": "IGH Holdings Pvt Ltd", "relation": "Promoter", "url": "", "transactionDescription": "Other", "latestTransDate": "2019-10-16", "positionDirect": 47137810, "positionDirectDate": "2019-10-16"}, {"maxAge": 1, "name": "Maheshwari (Krishna Kishore)", "relation": "UNREPORTED", "url": "", "transactionDescription": "Other", "latestTransDate": "2020-09-07", "positionDirect": 313759, "positionDirectDate": "2020-09-07"}, {"maxAge": 1, "name": "Malik (Mukesh)", "relation": "UNREPORTED", "url": "", "transactionDescription": "Acquisition", "latestTransDate": "2020-09-29", "positionDirect": 200000, "positionDirectDate": "2020-09-29"}, {"maxAge": 1, "name": "Shah (Tushar)", "relation": "UNREPORTED", "url": "", "transactionDescription": "Sale", "latestTransDate": "2019-11-25", "positionDirect": 16000, "positionDirectDate": "2019-11-25"}, {"maxAge": 1, "name": "Singh (Rakesh)", "relation": "Managing Director", "url": "", "transactionDescription": "Acquisition", "latestTransDate": "2020-03-17", "positionDirect": 190851, "positionDirectDate": "2020-03-17"}, {"maxAge": 1, "name": "Srinivasan (Ajay)", "relation": "UNREPORTED", "url": "", "transactionDescription": "Other", "latestTransDate": "2020-10-01", "positionDirect": 433682, "positionDirectDate": "2020-10-01"}, {"maxAge": 1, "name": "Surya Kiran Investments Pte Ltd", "relation": "Promoter", "url": "", "transactionDescription": "Other", "latestTransDate": "2019-10-16", "positionDirect": 22507000, "positionDirectDate": "2019-10-16"}], "maxAge": 1}, "earnings": {"maxAge": 86400, "earningsChart": {"quarterly": [{"date": "4Q2017", "actual": 0.98, "estimate": 1.11}, {"date": "1Q2018", "actual": 0.94, "estimate": 0.93}], "currentQuarterEstimateDate": "2Q", "currentQuarterEstimateYear": 2018, "earningsDate": []}, "financialsChart": {"yearly": [{"date": 2017, "revenue": 35845700000, "earnings": 5300000000}, {"date": 2018, "revenue": 85098600000, "earnings": 6930600000}, {"date": 2019, "revenue": 110687600000, "earnings": 8709400000}, {"date": 2020, "revenue": 122120800000, "earnings": 9197800000}], "quarterly": [{"date": "3Q2019", "revenue": 28139200000, "earnings": 2557800000}, {"date": "4Q2019", "revenue": 31867300000, "earnings": 2504800000}, {"date": "1Q2020", "revenue": 37331700000, "earnings": 1436800000}, {"date": "2Q2020", "revenue": 29776500000, "earnings": 1983800000}]}, "financialCurrency": "INR"}, "calendarEvents": {"maxAge": 1, "earnings": {"earningsDate": []}}, "price": {"maxAge": 1, "regularMarketChangePercent": -0.011216592, "regularMarketChange": -1.300003, "regularMarketTime": "2021-04-30 15:58:44", "priceHint": 2, "regularMarketPrice": 114.6, "regularMarketDayHigh": 116.25, "regularMarketDayLow": 113.55, "regularMarketVolume": 247140, "averageDailyVolume10Day": 1015257, "averageDailyVolume3Month": 395704, "regularMarketPreviousClose": 115.9, "regularMarketSource": "FREE_REALTIME", "regularMarketOpen": 114.4, "exchange": "BSE", "exchangeName": "BSE", "exchangeDataDelayedBy": 0, "marketState": "CLOSED", "quoteType": "EQUITY", "symbol": "ABCAPITAL.BO", "underlyingSymbol": null, "shortName": "Aditya Birla Capital Ltd", "longName": "Aditya Birla Capital Limited", "currency": "INR", "quoteSourceName": "Delayed Quote", "currencySymbol": "\u20b9", "fromCurrency": null, "toCurrency": null, "lastMarket": null, "marketCap": 276706295808}, "balanceSheetHistory": {"balanceSheetStatements": [{"maxAge": 1, "endDate": "2020-03-31", "cash": 28251900000, "netReceivables": 592842500000, "otherCurrentAssets": 233579600000, "totalCurrentAssets": 994593300000, "longTermInvestments": 116580200000, "propertyPlantEquipment": 4318900000, "goodWill": 5700400000, "intangibleAssets": 2373500000, "otherAssets": 14123700000, "deferredLongTermAssetCharges": 2715800000, "totalAssets": 1137690000000, "accountsPayable": 5145400000, "shortLongTermDebt": 116379100000, "otherCurrentLiab": 479600000, "longTermDebt": 381532100000, "otherLiab": 428683000000, "deferredLongTermLiab": 65300000, "minorityInterest": 13195900000, "totalCurrentLiabilities": 186046600000, "totalLiab": 998736200000, "commonStock": 24137600000, "retainedEarnings": 38312200000, "treasuryStock": 2714200000, "capitalSurplus": 60593900000, "otherStockholderEquity": 2714200000, "totalStockholderEquity": 125757900000, "netTangibleAssets": 117684000000}, {"maxAge": 1, "endDate": "2019-03-31", "cash": 7389100000, "netReceivables": 623687400000, "otherCurrentAssets": 256960700000, "totalCurrentAssets": 989606200000, "longTermInvestments": 86277100000, "propertyPlantEquipment": 1370100000, "goodWill": 5800300000, "intangibleAssets": 1930400000, "otherAssets": 11935400000, "deferredLongTermAssetCharges": 2220300000, "totalAssets": 1096919500000, "accountsPayable": 5234800000, "shortLongTermDebt": 79995600000, "otherCurrentLiab": 847400000, "longTermDebt": 354855900000, "otherLiab": 414769100000, "deferredLongTermLiab": 205200000, "minorityInterest": 11574300000, "totalCurrentLiabilities": 220596400000, "totalLiab": 990221700000, "commonStock": 22014000000, "retainedEarnings": 29437600000, "treasuryStock": 2229100000, "capitalSurplus": 41442800000, "otherStockholderEquity": 2229100000, "totalStockholderEquity": 95123500000, "netTangibleAssets": 87392800000}, {"maxAge": 1, "endDate": "2018-03-31", "cash": 8459900000, "netReceivables": 509316500000, "otherCurrentAssets": 251065800000, "totalCurrentAssets": 852617000000, "longTermInvestments": 64805000000, "propertyPlantEquipment": 1386300000, "goodWill": 5800300000, "intangibleAssets": 1514800000, "otherAssets": 11018500000, "deferredLongTermAssetCharges": 1583000000, "totalAssets": 937141900000, "accountsPayable": 4502600000, "shortLongTermDebt": 44672000000, "otherCurrentLiab": 508600000, "longTermDebt": 240210000000, "otherLiab": 377254200000, "deferredLongTermLiab": 251800000, "minorityInterest": 10560100000, "totalCurrentLiabilities": 223727600000, "totalLiab": 841203400000, "commonStock": 22010400000, "retainedEarnings": 20276400000, "treasuryStock": 1669600000, "capitalSurplus": 41422000000, "otherStockholderEquity": 1669600000, "totalStockholderEquity": 85378400000, "netTangibleAssets": 78063300000}, {"maxAge": 1, "endDate": "2017-03-31", "cash": 8037000000, "netReceivables": 384078900000, "otherCurrentAssets": 33645400000, "totalCurrentAssets": 425761300000, "longTermInvestments": 122295600000, "propertyPlantEquipment": 1085400000, "goodWill": 5800300000, "intangibleAssets": 1240600000, "otherAssets": 225229800000, "deferredLongTermAssetCharges": 1068000000, "totalAssets": 781413000000, "accountsPayable": 6988200000, "shortLongTermDebt": 30565000000, "otherCurrentLiab": 16352000000, "longTermDebt": 183054300000, "otherLiab": 329283800000, "minorityInterest": 19665000000, "totalCurrentLiabilities": 183424300000, "totalLiab": 695793100000, "commonStock": 12322400000, "retainedEarnings": 17685200000, "treasuryStock": 501000000, "capitalSurplus": 35446300000, "otherStockholderEquity": 501000000, "totalStockholderEquity": 65954900000, "netTangibleAssets": 58914000000}], "maxAge": 86400}, "earningsTrend": {"trend": [{"maxAge": 1, "period": "0q", "endDate": "2018-06-30", "growth": {}, "earningsEstimate": {"avg": 0.0, "low": 0.0, "high": 0.0, "yearAgoEps": {}, "numberOfAnalysts": 0, "growth": {}}, "revenueEstimate": {"avg": 0, "low": 0, "high": 0, "numberOfAnalysts": 0, "yearAgoRevenue": {}, "growth": {}}, "epsTrend": {"current": 0.0, "7daysAgo": 1.48, "30daysAgo": 1.48, "60daysAgo": 1.48, "90daysAgo": 1.48}, "epsRevisions": {"upLast7days": 0, "upLast30days": 0, "downLast30days": 0, "downLast90days": {}}}, {"maxAge": 1, "period": "+1q", "endDate": "2018-09-30", "growth": {}, "earningsEstimate": {"avg": 0.0, "low": 0.0, "high": 0.0, "yearAgoEps": {}, "numberOfAnalysts": 0, "growth": {}}, "revenueEstimate": {"avg": 0, "low": 0, "high": 0, "numberOfAnalysts": 0, "yearAgoRevenue": {}, "growth": {}}, "epsTrend": {"current": 0.0, "7daysAgo": 1.1, "30daysAgo": 1.1, "60daysAgo": 1.1, "90daysAgo": 1.1}, "epsRevisions": {"upLast7days": 0, "upLast30days": 0, "downLast30days": 0, "downLast90days": {}}}, {"maxAge": 1, "period": "0y", "endDate": "2019-03-31", "growth": {}, "earningsEstimate": {"avg": 0.0, "low": 0.0, "high": 0.0, "yearAgoEps": {}, "numberOfAnalysts": 0, "growth": {}}, "revenueEstimate": {"avg": 124831000000, "low": 114880000000, "high": 132390000000, "numberOfAnalysts": 3, "yearAgoRevenue": {}, "growth": {}}, "epsTrend": {"current": 0.0, "7daysAgo": 4.48, "30daysAgo": 4.48, "60daysAgo": 4.48, "90daysAgo": 4.48}, "epsRevisions": {"upLast7days": 0, "upLast30days": 0, "downLast30days": 0, "downLast90days": {}}}, {"maxAge": 1, "period": "+1y", "endDate": "2020-03-31", "growth": {}, "earningsEstimate": {"avg": 0.0, "low": 0.0, "high": 0.0, "yearAgoEps": {}, "numberOfAnalysts": 0, "growth": {}}, "revenueEstimate": {"avg": 162063000000, "low": 131034000000, "high": 196005000000, "numberOfAnalysts": 4, "yearAgoRevenue": 124831000000, "growth": 0.29799998}, "epsTrend": {"current": 0.0, "7daysAgo": 5.73, "30daysAgo": 5.73, "60daysAgo": 5.73, "90daysAgo": 5.73}, "epsRevisions": {"upLast7days": 0, "upLast30days": 0, "downLast30days": 0, "downLast90days": {}}}, {"maxAge": 1, "period": "+5y", "endDate": null, "growth": 0.2184, "earningsEstimate": {"avg": {}, "low": {}, "high": {}, "yearAgoEps": {}, "numberOfAnalysts": {}, "growth": {}}, "revenueEstimate": {"avg": {}, "low": {}, "high": {}, "numberOfAnalysts": {}, "yearAgoRevenue": {}, "growth": {}}, "epsTrend": {"current": {}, "7daysAgo": {}, "30daysAgo": {}, "60daysAgo": {}, "90daysAgo": {}}, "epsRevisions": {"upLast7days": {}, "upLast30days": {}, "downLast30days": {}, "downLast90days": {}}}, {"maxAge": 1, "period": "-5y", "endDate": null, "growth": {}, "earningsEstimate": {"avg": {}, "low": {}, "high": {}, "yearAgoEps": {}, "numberOfAnalysts": {}, "growth": {}}, "revenueEstimate": {"avg": {}, "low": {}, "high": {}, "numberOfAnalysts": {}, "yearAgoRevenue": {}, "growth": {}}, "epsTrend": {"current": {}, "7daysAgo": {}, "30daysAgo": {}, "60daysAgo": {}, "90daysAgo": {}}, "epsRevisions": {"upLast7days": {}, "upLast30days": {}, "downLast30days": {}, "downLast90days": {}}}], "maxAge": 1}, "financialData": {"maxAge": 86400, "currentPrice": 114.6, "targetHighPrice": 175.0, "targetLowPrice": 100.0, "targetMeanPrice": 148.0, "targetMedianPrice": 150.0, "recommendationKey": "none", "numberOfAnalystOpinions": 8, "grossProfits": 31218100000, "financialCurrency": "INR"}}}