{"ABFRL.NS": {"assetProfile": {"address1": "Piramal Agastya Corp Park, Bldg 'A'", "address2": "4th and 5th Floor Unit No. 401, 403, 501, 502 L.B.S. Road, Kurla", "city": "Mumbai", "zip": "400070", "country": "India", "phone": "91 86 5290 5000", "fax": "91 86 5290 5400", "website": "http://www.abfrl.com", "industry": "Apparel Manufacturing", "sector": "Consumer Cyclical", "longBusinessSummary": "Aditya Birla Fashion and Retail Limited manufactures and distributes branded fashion apparel and accessories in India. The company operates in two segments, Madura Fashion & Lifestyle, and Pantaloons. It offers shirts, T-shirts, trousers, jeans, blazers, chinos, jackets, formals, suits, semi-formals, shoes, sweaters, denim, cargos, and accessories, as well as casual, party, and celebration wears; streetwear, subtle contemporary pieces, dresses, pants, skirts, tunics, innerwear, and blouses; and hoodies, joggers, meggings, and printed tees for men, women, and kids. The company markets its products under the Rangmanch, indus route, Ajile, Honey, Akkriti, Chalk, Annabelle, Poppers, Chirpie Pie, Louis Philippe, Van Heusen, Allen Solly, Style Up, Peter England, Fred Perry, The Collective, People, Bare, Hackett London, American Eagle, Aerie, candies, Dreamz, Rig, Skult, SF Jeans, Ralph Lauren, Byford, Forever 21, Forever Glam, Ted Baker, and Simon Carter brand names. As of May 28, 2020, it operated 3,041 stores, including 2,699 brand stores and 342 Pantaloons stores, as well as 25,000 multi-brand outlets with 6,500 point of sales in department stores and online stores. The company was formerly known as Pantaloons Fashion & Retail Limited and changed its name to Aditya Birla Fashion and Retail Limited in January 2016. Aditya Birla Fashion and Retail Limited was incorporated in 2007 and is based in Mumbai, India.", "fullTimeEmployees": 25000, "companyOfficers": [{"maxAge": 1, "name": "Mr. Ashish  Dikshit", "age": 51, "title": "MD & Director", "yearBorn": 1969, "exercisedValue": 0, "unexercisedValue": 0}, {"maxAge": 1, "name": "Mr. Jagadish  Bajaj", "age": 54, "title": "Chief Financial Officer", "yearBorn": 1966, "fiscalYear": 2020, "totalPay": 22924633, "exercisedValue": 0, "unexercisedValue": 0}, {"maxAge": 1, "name": "Ms. Geetika Raghunandan Anand", "age": 34, "title": "VP, Compliance Officer & Company Sec.", "yearBorn": 1986, "fiscalYear": 2020, "totalPay": 8253889, "exercisedValue": 0, "unexercisedValue": 0}, {"maxAge": 1, "name": "Mr. Praveen  Shrikhande", "title": "Chief Digital & Information Officer", "exercisedValue": 0, "unexercisedValue": 0}, {"maxAge": 1, "name": "Dr. Pragnya  Ram", "age": 75, "title": "Group Exec. Pres of Corp. Communication & CSR", "yearBorn": 1945, "exercisedValue": 0, "unexercisedValue": 0}, {"maxAge": 1, "name": "Mr. Chandrashekhar  Chavan", "age": 48, "title": "Chief HR Officer", "yearBorn": 1972, "exercisedValue": 0, "unexercisedValue": 0}, {"maxAge": 1, "name": "Dr. Naresh  Tyagi", "title": "Chief Sustainability Officer", "exercisedValue": 0, "unexercisedValue": 0}, {"maxAge": 1, "name": "Mr. Vishak  Kumar", "age": 48, "title": "Chief Exec. Officer of Lifestyle Brands", "yearBorn": 1972, "fiscalYear": 2019, "exercisedValue": 0, "unexercisedValue": 0}, {"maxAge": 1, "name": "Mr. V.  Gopalakrishnan", "title": "Chief Quality Officer", "exercisedValue": 0, "unexercisedValue": 0}, {"maxAge": 1, "name": "Mr. Biren Sudhir Vora BE. M.Tech", "age": 55, "title": "Head of Sustainability, Bus. Excellence, Safety & CSR", "yearBorn": 1965, "exercisedValue": 0, "unexercisedValue": 0}], "compensationAsOfEpochDate": "2020-12-31 05:30:00", "maxAge": 86400}, "recommendationTrend": {"trend": [{"period": "0m", "strongBuy": 0, "buy": 0, "hold": 0, "sell": 0, "strongSell": 0}, {"period": "-1m", "strongBuy": 7, "buy": 4, "hold": 0, "sell": 0, "strongSell": 0}, {"period": "-2m", "strongBuy": 6, "buy": 4, "hold": 0, "sell": 0, "strongSell": 0}, {"period": "-3m", "strongBuy": 7, "buy": 4, "hold": 0, "sell": 0, "strongSell": 0}], "maxAge": 86400}, "cashflowStatementHistory": {"cashflowStatements": [{"maxAge": 1, "endDate": "2020-03-31", "netIncome": -1630100000, "depreciation": 8715300000, "changeToNetincome": 5343800000, "changeToAccountReceivables": -630700000, "changeToLiabilities": -1385600000, "changeToInventory": -4315600000, "changeToOperatingActivities": 205500000, "totalCashFromOperatingActivities": 6440400000, "capitalExpenditures": -3184400000, "investments": -1026800000, "otherCashflowsFromInvestingActivities": 3300000, "totalCashflowsFromInvestingActivities": -5508900000, "netBorrowings": 4855800000, "otherCashflowsFromFinancingActivities": -3763500000, "totalCashFromFinancingActivities": 1164600000, "changeInCash": 2096100000, "issuanceOfStock": 72300000}, {"maxAge": 1, "endDate": "2019-03-31", "netIncome": 3212200000, "depreciation": 2664700000, "changeToNetincome": 177700000, "changeToAccountReceivables": 54200000, "changeToLiabilities": 3924600000, "changeToInventory": -3534300000, "changeToOperatingActivities": -1381600000, "totalCashFromOperatingActivities": 5276100000, "capitalExpenditures": -2867200000, "investments": 22200000, "otherCashflowsFromInvestingActivities": 4100000, "totalCashflowsFromInvestingActivities": -2765500000, "netBorrowings": -1576000000, "otherCashflowsFromFinancingActivities": -1097600000, "totalCashFromFinancingActivities": -2664300000, "changeInCash": -153700000, "issuanceOfStock": 9300000}, {"maxAge": 1, "endDate": "2018-03-31", "netIncome": 1177900000, "depreciation": 2622700000, "changeToNetincome": 1208100000, "changeToAccountReceivables": -1050300000, "changeToLiabilities": 5510300000, "changeToInventory": -2599500000, "changeToOperatingActivities": -1100500000, "totalCashFromOperatingActivities": 5951200000, "capitalExpenditures": -3390900000, "investments": -36000000, "otherCashflowsFromInvestingActivities": 55200000, "totalCashflowsFromInvestingActivities": -3252000000, "netBorrowings": -1831700000, "otherCashflowsFromFinancingActivities": -649000000, "totalCashFromFinancingActivities": -2468900000, "changeInCash": 230300000, "issuanceOfStock": 11800000}, {"maxAge": 1, "endDate": "2017-03-31", "netIncome": 535000000, "depreciation": 2282300000, "changeToNetincome": 1865100000, "changeToAccountReceivables": -1380200000, "changeToLiabilities": 1146400000, "changeToInventory": 59900000, "changeToOperatingActivities": -399000000, "totalCashFromOperatingActivities": 4251900000, "capitalExpenditures": -2961600000, "investments": 4300000, "otherCashflowsFromInvestingActivities": 38300000, "totalCashflowsFromInvestingActivities": -4456200000, "netBorrowings": 1948000000, "otherCashflowsFromFinancingActivities": -1449700000, "totalCashFromFinancingActivities": 509200000, "changeInCash": 304900000, "issuanceOfStock": 10900000}], "maxAge": 86400}, "indexTrend": {"maxAge": 1, "symbol": "SP5", "peRatio": 19.7411, "pegRatio": 1.34172, "estimates": [{"period": "0q", "growth": 0.549}, {"period": "+1q", "growth": 0.431}, {"period": "0y", "growth": 0.305}, {"period": "+1y", "growth": 0.109}, {"period": "+5y", "growth": 0.120865}, {"period": "-5y"}]}, "defaultKeyStatistics": {"maxAge": 1, "priceHint": 2, "enterpriseValue": 195562061824, "forwardPE": 68.89764, "profitMargins": -0.12948, "floatShares": 276047260, "sharesOutstanding": 937897984, "heldPercentInsiders": 0.69626, "heldPercentInstitutions": 0.21406999, "beta": 0.485153, "category": null, "bookValue": 12.216, "priceToBook": 14.325476, "fundFamily": null, "legalType": null, "lastFiscalYearEnd": "2020-03-31 05:30:00", "nextFiscalYearEnd": "2022-03-31 05:30:00", "mostRecentQuarter": "2020-12-31 05:30:00", "netIncomeToCommon": -6809500160, "trailingEps": -8.583, "forwardEps": 2.54, "lastSplitFactor": null, "enterpriseToRevenue": 3.718, "enterpriseToEbitda": -34.28, "52WeekChange": 0.62729144, "SandP52WeekChange": 0.48148263}, "industryTrend": {"maxAge": 1, "symbol": null, "estimates": []}, "quoteType": {"exchange": "NSI", "quoteType": "EQUITY", "symbol": "ABFRL.NS", "underlyingSymbol": "ABFRL.NS", "shortName": "ADITYA BIRLA FASH", "longName": "Aditya Birla Fashion and Retail Limited", "firstTradeDateEpochUtc": "2013-07-17 09:15:00", "timeZoneFullName": "Asia/Kolkata", "timeZoneShortName": "IST", "uuid": "085d15d8-82a2-3e0c-b4c1-5f0b9fedc131", "messageBoardId": "finmb_37297765", "gmtOffSetMilliseconds": 19800000, "maxAge": 1}, "incomeStatementHistory": {"incomeStatementHistory": [{"maxAge": 1, "endDate": "2020-03-31", "totalRevenue": 87878600000, "costOfRevenue": 44144700000, "grossProfit": 43733900000, "researchDevelopment": {}, "sellingGeneralAdministrative": 19318000000, "nonRecurring": {}, "otherOperatingExpenses": 12242200000, "totalOperatingExpenses": 84558600000, "operatingIncome": 3320000000, "totalOtherIncomeExpenseNet": -3648900000, "ebit": 3320000000, "interestExpense": -4217100000, "incomeBeforeTax": -328900000, "incomeTaxExpense": 1321300000, "minorityInterest": 199000000, "netIncomeFromContinuingOps": -1650200000, "discontinuedOperations": {}, "extraordinaryItems": {}, "effectOfAccountingCharges": {}, "otherItems": {}, "netIncome": -1630100000, "netIncomeApplicableToCommonShares": -1630100000}, {"maxAge": 1, "endDate": "2019-03-31", "totalRevenue": 81177200000, "costOfRevenue": 41079000000, "grossProfit": 40098200000, "researchDevelopment": {}, "sellingGeneralAdministrative": 24330500000, "nonRecurring": {}, "otherOperatingExpenses": 10176700000, "totalOperatingExpenses": 78446200000, "operatingIncome": 2731000000, "totalOtherIncomeExpenseNet": -1240000000, "ebit": 2731000000, "interestExpense": -1846100000, "incomeBeforeTax": 1491000000, "incomeTaxExpense": -1721200000, "minorityInterest": 199000000, "netIncomeFromContinuingOps": 3212200000, "discontinuedOperations": {}, "extraordinaryItems": {}, "effectOfAccountingCharges": {}, "otherItems": {}, "netIncome": 3212200000, "netIncomeApplicableToCommonShares": 3212200000}, {"maxAge": 1, "endDate": "2018-03-31", "totalRevenue": 71720700000, "costOfRevenue": 35705900000, "grossProfit": 36014800000, "researchDevelopment": {}, "sellingGeneralAdministrative": 21532300000, "nonRecurring": {}, "otherOperatingExpenses": 9758300000, "totalOperatingExpenses": 69804500000, "operatingIncome": 1916200000, "totalOtherIncomeExpenseNet": -1426500000, "ebit": 1916200000, "interestExpense": -1666000000, "incomeBeforeTax": 489700000, "incomeTaxExpense": -688200000, "minorityInterest": 199000000, "netIncomeFromContinuingOps": 1177900000, "discontinuedOperations": {}, "extraordinaryItems": {}, "effectOfAccountingCharges": {}, "otherItems": {}, "netIncome": 1177900000, "netIncomeApplicableToCommonShares": 1177900000}, {"maxAge": 1, "endDate": "2017-03-31", "totalRevenue": 66028600000, "costOfRevenue": 31843900000, "grossProfit": 34184700000, "researchDevelopment": {}, "sellingGeneralAdministrative": 20097200000, "nonRecurring": {}, "otherOperatingExpenses": 9653100000, "totalOperatingExpenses": 64020900000, "operatingIncome": 2007700000, "totalOtherIncomeExpenseNet": -1472700000, "ebit": 2007700000, "interestExpense": -1756300000, "incomeBeforeTax": 535000000, "incomeTaxExpense": 0, "minorityInterest": 199000000, "netIncomeFromContinuingOps": 535000000, "discontinuedOperations": {}, "extraordinaryItems": {}, "effectOfAccountingCharges": {}, "otherItems": {}, "netIncome": 535000000, "netIncomeApplicableToCommonShares": 535000000}], "maxAge": 86400}, "fundOwnership": {"maxAge": 1, "ownershipList": [{"maxAge": 1, "reportDate": "2021-03-31", "organization": "iShares Core MSCI Emerging Markets ETF", "pctHeld": 0.0031, "position": 2876987, "value": 578993633}, {"maxAge": 1, "reportDate": "2021-01-31", "organization": "Vanguard International Stock Index-Emerging Markets Stk", "pctHeld": 0.0029, "position": 2708762, "value": 406585176}, {"maxAge": 1, "reportDate": "2021-01-31", "organization": "Vanguard International Stock Index-Total Intl Stock Indx", "pctHeld": 0.0027, "position": 2530771, "value": 379868727}, {"maxAge": 1, "reportDate": "2021-01-31", "organization": "DFA Emerging Markets Small Cap Series", "pctHeld": 0.00090000004, "position": 841640, "value": 126330164}, {"maxAge": 1, "reportDate": "2021-01-31", "organization": "DFA Emerging Markets Core Equity Portfolio", "pctHeld": 0.0008, "position": 742254, "value": 111412325}, {"maxAge": 1, "reportDate": "2021-01-31", "organization": "Vanguard Intl Equity Index Fds-FTSE All World ex U.S.Small Cap Index", "pctHeld": 0.0007, "position": 634902, "value": 95298790}, {"maxAge": 1, "reportDate": "2021-03-31", "organization": "iShares MSCI India Small Cap ETF", "pctHeld": 0.00059999997, "position": 576348, "value": 115990035}, {"maxAge": 1, "reportDate": "2021-03-31", "organization": "iShares Core MSCI Total International Stock ETF", "pctHeld": 0.0004, "position": 349649, "value": 70366861}, {"maxAge": 1, "reportDate": "2020-12-31", "organization": "College Retirement Equities Fund-Stock Account", "pctHeld": 0.00029999999, "position": 243200, "value": 40273920}, {"maxAge": 1, "reportDate": "2021-03-31", "organization": "SPDR (R) Idx Shares-SPDR (R) Emerging Markets Small Cap ETF", "pctHeld": 0.0002, "position": 190201, "value": 38277951}]}, "summaryDetail": {"maxAge": 1, "priceHint": 2, "previousClose": 177.75, "open": 176.0, "dayLow": 174.3, "dayHigh": 178.5, "regularMarketPreviousClose": 177.75, "regularMarketOpen": 176.0, "regularMarketDayLow": 174.3, "regularMarketDayHigh": 178.5, "payoutRatio": 0.0, "beta": 0.485153, "forwardPE": 68.89764, "volume": 1933437, "regularMarketVolume": 1933437, "averageVolume": 3125590, "averageVolume10days": 1810623, "averageDailyVolume10Day": 1810623, "bid": 0.0, "ask": 0.0, "bidSize": 0, "askSize": 0, "marketCap": 164132143104, "fiftyTwoWeekLow": 95.6136, "fiftyTwoWeekHigh": 223.7, "priceToSalesTrailing12Months": 3.1208456, "fiftyDayAverage": 189.94861, "twoHundredDayAverage": 171.2662, "currency": "INR", "fromCurrency": null, "toCurrency": null, "lastMarket": null, "algorithm": null, "tradeable": false}, "insiderHolders": {"holders": [{"maxAge": 1, "name": "ABFRL Employee Welfare Trust", "relation": "Institution- Corporation", "url": "", "transactionDescription": "Acquisition", "latestTransDate": "2021-03-01", "positionDirect": 4710457, "positionDirectDate": "2021-03-01"}, {"maxAge": 1, "name": "Agarwal (Anita)", "relation": "UNREPORTED", "url": "", "transactionDescription": "Acquisition", "latestTransDate": "2016-02-02", "positionDirect": 3915, "positionDirectDate": "2016-02-02"}, {"maxAge": 1, "name": "Agarwal (Sushil)", "relation": "Director", "url": "", "transactionDescription": "Acquisition", "latestTransDate": "2016-01-27", "positionDirect": 118774, "positionDirectDate": "2016-01-27"}, {"maxAge": 1, "name": "Barua (Pranab)", "relation": "Director (Non-Executive)", "url": "", "transactionDescription": "Other", "latestTransDate": "2019-09-26", "positionDirect": 456009, "positionDirectDate": "2019-09-26"}, {"maxAge": 1, "name": "Birla Group Holdings Pvt Ltd", "relation": "Promoter", "url": "", "transactionDescription": "Other", "latestTransDate": "2019-07-08", "positionDirect": 171506727, "positionDirectDate": "2019-07-08"}, {"maxAge": 1, "name": "ECE Industries Ltd", "relation": "Promoter", "url": "", "transactionDescription": "Sale", "latestTransDate": "2019-11-27", "positionDirect": 0, "positionDirectDate": "2019-11-27"}, {"maxAge": 1, "name": "IGH Holdings Pvt Ltd", "relation": "Promoter", "url": "", "transactionDescription": "Acquisition", "latestTransDate": "2021-03-22", "positionDirect": 136322680, "positionDirectDate": "2021-03-22"}, {"maxAge": 1, "name": "Maheshwari (Krishna Kishore)", "relation": "UNREPORTED", "url": "", "transactionDescription": "Sale", "latestTransDate": "2020-06-30", "positionDirect": 96095, "positionDirectDate": "2020-06-30"}, {"maxAge": 1, "name": "Manav Investment & Trading Company Ltd", "relation": "Promoter", "url": "", "transactionDescription": "Sale", "latestTransDate": "2018-09-28", "positionDirect": 0, "positionDirectDate": "2018-09-28"}, {"maxAge": 1, "name": "Trapti Trading & Investments Pvt Ltd", "relation": "Promoter", "url": "", "transactionDescription": "Other", "latestTransDate": "2019-07-08", "positionDirect": 0, "positionDirectDate": "2019-07-08"}], "maxAge": 1}, "calendarEvents": {"maxAge": 1, "earnings": {"earningsDate": [], "revenueAverage": 18494000000, "revenueLow": 17422000000, "revenueHigh": 19089000000}}, "price": {"maxAge": 1, "regularMarketChangePercent": -0.015471166, "regularMarketChange": -2.75, "regularMarketTime": "2021-04-30 15:30:01", "priceHint": 2, "regularMarketPrice": 175.0, "regularMarketDayHigh": 178.5, "regularMarketDayLow": 174.3, "regularMarketVolume": 1933437, "averageDailyVolume10Day": 1810623, "averageDailyVolume3Month": 3125590, "regularMarketPreviousClose": 177.75, "regularMarketSource": "FREE_REALTIME", "regularMarketOpen": 176.0, "exchange": "NSI", "exchangeName": "NSE", "exchangeDataDelayedBy": 15, "marketState": "CLOSED", "quoteType": "EQUITY", "symbol": "ABFRL.NS", "underlyingSymbol": null, "shortName": "ADITYA BIRLA FASH", "longName": "Aditya Birla Fashion and Retail Limited", "currency": "INR", "quoteSourceName": "Delayed Quote", "currencySymbol": "\u20b9", "fromCurrency": null, "toCurrency": null, "lastMarket": null, "marketCap": 164132143104}, "balanceSheetHistory": {"balanceSheetStatements": [{"maxAge": 1, "endDate": "2020-03-31", "cash": 2668000000, "netReceivables": 8792000000, "inventory": 23667800000, "otherCurrentAssets": 6361800000, "totalCurrentAssets": 41708800000, "longTermInvestments": 75500000, "propertyPlantEquipment": 28938200000, "goodWill": 19830600000, "intangibleAssets": 1107400000, "otherAssets": 5995100000, "deferredLongTermAssetCharges": 1949600000, "totalAssets": 97655600000, "accountsPayable": 22899200000, "shortLongTermDebt": 4142200000, "otherCurrentLiab": 5504300000, "longTermDebt": 8569300000, "otherLiab": 2895500000, "minorityInterest": 199000000, "totalCurrentLiabilities": 57104600000, "totalLiab": 86777700000, "commonStock": 7739500000, "retainedEarnings": -4449200000, "treasuryStock": -347800000, "capitalSurplus": 7736400000, "otherStockholderEquity": 657100000, "totalStockholderEquity": 10678900000, "netTangibleAssets": -10259100000}, {"maxAge": 1, "endDate": "2019-03-31", "cash": 571900000, "netReceivables": 8425900000, "inventory": 19212800000, "otherCurrentAssets": 5227800000, "totalCurrentAssets": 33691600000, "longTermInvestments": 52700000, "propertyPlantEquipment": 6587600000, "goodWill": 18596000000, "intangibleAssets": 595100000, "otherAssets": 6687700000, "deferredLongTermAssetCharges": 2633800000, "totalAssets": 66210700000, "accountsPayable": 23974200000, "shortLongTermDebt": 5046300000, "otherCurrentLiab": 4308100000, "longTermDebt": 7237800000, "otherLiab": 3905500000, "totalCurrentLiabilities": 40778600000, "totalLiab": 51921900000, "commonStock": 7734800000, "retainedEarnings": -1520900000, "treasuryStock": 439700000, "capitalSurplus": 7635200000, "otherStockholderEquity": 439700000, "totalStockholderEquity": 14288800000, "netTangibleAssets": -4902300000}, {"maxAge": 1, "endDate": "2018-03-31", "cash": 725600000, "netReceivables": 6043100000, "inventory": 16912000000, "otherCurrentAssets": 2507500000, "totalCurrentAssets": 26503000000, "longTermInvestments": 53600000, "propertyPlantEquipment": 6923400000, "goodWill": 18596000000, "intangibleAssets": 762500000, "otherAssets": 4499900000, "deferredLongTermAssetCharges": 688200000, "totalAssets": 57338400000, "accountsPayable": 20093200000, "shortLongTermDebt": 1030900000, "otherCurrentLiab": 2134600000, "longTermDebt": 11879100000, "otherLiab": 2818000000, "totalCurrentLiabilities": 31710200000, "totalLiab": 46407300000, "commonStock": 7716900000, "retainedEarnings": -4733100000, "treasuryStock": 328300000, "capitalSurplus": 7619000000, "otherStockholderEquity": 328300000, "totalStockholderEquity": 10931100000, "netTangibleAssets": -8427400000}, {"maxAge": 1, "endDate": "2017-03-31", "cash": 495300000, "netReceivables": 4820100000, "inventory": 14312500000, "otherCurrentAssets": 1333100000, "totalCurrentAssets": 21358000000, "longTermInvestments": 10000000, "propertyPlantEquipment": 5712400000, "goodWill": 18596000000, "intangibleAssets": 812200000, "otherAssets": 3869900000, "totalAssets": 50358500000, "accountsPayable": 14578000000, "shortLongTermDebt": 128900000, "otherCurrentLiab": 1272900000, "longTermDebt": 12709900000, "otherLiab": 2488500000, "totalCurrentLiabilities": 25578500000, "totalLiab": 40776900000, "commonStock": 7705300000, "retainedEarnings": -5911000000, "treasuryStock": 188400000, "capitalSurplus": 7598900000, "otherStockholderEquity": 188400000, "totalStockholderEquity": 9581600000, "netTangibleAssets": -9826600000}], "maxAge": 86400}, "earningsTrend": {"trend": [{"maxAge": 1, "period": "0q", "endDate": "2018-06-30", "growth": {}, "earningsEstimate": {"avg": 0.0, "low": 0.0, "high": 0.0, "yearAgoEps": -0.26, "numberOfAnalysts": 0, "growth": {}}, "revenueEstimate": {"avg": 18494000000, "low": 17422000000, "high": 19089000000, "numberOfAnalysts": 4, "yearAgoRevenue": 17600000000, "growth": 0.051}, "epsTrend": {"current": 0.0, "7daysAgo": 0.0, "30daysAgo": 0.0, "60daysAgo": 0.0, "90daysAgo": 0.0}, "epsRevisions": {"upLast7days": 0, "upLast30days": 0, "downLast30days": 0, "downLast90days": {}}}, {"maxAge": 1, "period": "+1q", "endDate": "2018-09-30", "growth": {}, "earningsEstimate": {"avg": 0.0, "low": 0.0, "high": 0.0, "yearAgoEps": -0.13, "numberOfAnalysts": 0, "growth": {}}, "revenueEstimate": {"avg": 18590000000, "low": 18590000000, "high": 18590000000, "numberOfAnalysts": 1, "yearAgoRevenue": 18040000000, "growth": 0.03}, "epsTrend": {"current": 0.0, "7daysAgo": 0.0, "30daysAgo": 0.0, "60daysAgo": 0.0, "90daysAgo": 0.0}, "epsRevisions": {"upLast7days": 0, "upLast30days": 0, "downLast30days": 0, "downLast90days": {}}}, {"maxAge": 1, "period": "0y", "endDate": "2019-03-31", "growth": 0.0, "earningsEstimate": {"avg": 0.63, "low": 0.63, "high": 0.63, "yearAgoEps": 0.63, "numberOfAnalysts": 1, "growth": 0.0}, "revenueEstimate": {"avg": 89384100000, "low": 89384100000, "high": 89384100000, "numberOfAnalysts": 1, "yearAgoRevenue": 71720700000, "growth": 0.246}, "epsTrend": {"current": 0.63, "7daysAgo": 0.63, "30daysAgo": 0.63, "60daysAgo": 0.63, "90daysAgo": 0.95}, "epsRevisions": {"upLast7days": 0, "upLast30days": 0, "downLast30days": 0, "downLast90days": {}}}, {"maxAge": 1, "period": "+1y", "endDate": "2020-03-31", "growth": 3.032, "earningsEstimate": {"avg": 2.54, "low": 2.54, "high": 2.54, "yearAgoEps": 0.63, "numberOfAnalysts": 1, "growth": 3.032}, "revenueEstimate": {"avg": 109754000000, "low": 109754000000, "high": 109754000000, "numberOfAnalysts": 1, "yearAgoRevenue": 89384100000, "growth": 0.22799999}, "epsTrend": {"current": 2.54, "7daysAgo": 2.54, "30daysAgo": 2.54, "60daysAgo": 2.54, "90daysAgo": 3.21}, "epsRevisions": {"upLast7days": 0, "upLast30days": 0, "downLast30days": 0, "downLast90days": {}}}, {"maxAge": 1, "period": "+5y", "endDate": null, "growth": {}, "earningsEstimate": {"avg": {}, "low": {}, "high": {}, "yearAgoEps": {}, "numberOfAnalysts": {}, "growth": {}}, "revenueEstimate": {"avg": {}, "low": {}, "high": {}, "numberOfAnalysts": {}, "yearAgoRevenue": {}, "growth": {}}, "epsTrend": {"current": {}, "7daysAgo": {}, "30daysAgo": {}, "60daysAgo": {}, "90daysAgo": {}}, "epsRevisions": {"upLast7days": {}, "upLast30days": {}, "downLast30days": {}, "downLast90days": {}}}, {"maxAge": 1, "period": "-5y", "endDate": null, "growth": {}, "earningsEstimate": {"avg": {}, "low": {}, "high": {}, "yearAgoEps": {}, "numberOfAnalysts": {}, "growth": {}}, "revenueEstimate": {"avg": {}, "low": {}, "high": {}, "numberOfAnalysts": {}, "yearAgoRevenue": {}, "growth": {}}, "epsTrend": {"current": {}, "7daysAgo": {}, "30daysAgo": {}, "60daysAgo": {}, "90daysAgo": {}}, "epsRevisions": {"upLast7days": {}, "upLast30days": {}, "downLast30days": {}, "downLast90days": {}}}], "maxAge": 1}, "institutionOwnership": {"maxAge": 1, "ownershipList": []}, "majorHoldersBreakdown": {"maxAge": 1, "insidersPercentHeld": 0.69626, "institutionsPercentHeld": 0.21406999, "institutionsFloatPercentHeld": 0.70478, "institutionsCount": 52}, "balanceSheetHistoryQuarterly": {"balanceSheetStatements": [{"maxAge": 1, "endDate": "2020-12-31", "totalStockholderEquity": 9810400000, "netTangibleAssets": -11045000000}, {"maxAge": 1, "endDate": "2020-09-30", "cash": 967600000, "shortTermInvestments": 2321200000, "netReceivables": 9179500000, "inventory": 21054000000, "otherCurrentAssets": 5799500000, "totalCurrentAssets": 39321800000, "longTermInvestments": 70600000, "propertyPlantEquipment": 26874200000, "goodWill": 19830600000, "intangibleAssets": 1024800000, "otherAssets": 7599500000, "deferredLongTermAssetCharges": 3901100000, "totalAssets": 94721500000, "accountsPayable": 17297700000, "shortLongTermDebt": 3628900000, "otherCurrentLiab": 7363200000, "longTermDebt": 11904000000, "otherLiab": 2773700000, "minorityInterest": 156500000, "totalCurrentLiabilities": 53245500000, "totalLiab": 84754600000, "commonStock": 8191200000, "treasuryStock": 1619200000, "otherStockholderEquity": 1619200000, "totalStockholderEquity": 9810400000, "netTangibleAssets": -11045000000}, {"maxAge": 1, "endDate": "2020-06-30", "totalStockholderEquity": 10678900000, "netTangibleAssets": -10259100000}, {"maxAge": 1, "endDate": "2020-03-31", "cash": 2668000000, "netReceivables": 8792000000, "inventory": 23667800000, "otherCurrentAssets": 6361800000, "totalCurrentAssets": 41708800000, "longTermInvestments": 75500000, "propertyPlantEquipment": 28938200000, "goodWill": 19830600000, "intangibleAssets": 1107400000, "otherAssets": 5995100000, "deferredLongTermAssetCharges": 1949600000, "totalAssets": 97655600000, "accountsPayable": 22899200000, "shortLongTermDebt": 4142200000, "otherCurrentLiab": 5504300000, "longTermDebt": 8569300000, "otherLiab": 2895500000, "minorityInterest": 199000000, "totalCurrentLiabilities": 57104600000, "totalLiab": 86777700000, "commonStock": 7739500000, "retainedEarnings": -4449200000, "treasuryStock": -347800000, "capitalSurplus": 7736400000, "otherStockholderEquity": 657100000, "totalStockholderEquity": 10678900000, "netTangibleAssets": -10259100000}], "maxAge": 86400}, "earningsHistory": {"history": [{"maxAge": 1, "epsActual": -0.26, "epsEstimate": -0.3, "epsDifference": 0.04, "surprisePercent": 0.133, "quarter": "2017-06-30", "period": "-4q"}, {"maxAge": 1, "epsActual": -0.13, "epsEstimate": 0.4, "epsDifference": -0.53, "surprisePercent": -1.325, "quarter": "2017-09-30", "period": "-3q"}, {"maxAge": 1, "epsActual": 0.45, "epsEstimate": 0.5, "epsDifference": -0.05, "surprisePercent": -0.1, "quarter": "2017-12-31", "period": "-2q"}, {"maxAge": 1, "epsActual": 0.57, "epsEstimate": 0.45, "epsDifference": 0.12, "surprisePercent": 0.26700002, "quarter": "2018-03-31", "period": "-1q"}], "maxAge": 86400}, "summaryProfile": {"address1": "Piramal Agastya Corp Park, Bldg 'A'", "address2": "4th and 5th Floor Unit No. 401, 403, 501, 502 L.B.S. Road, Kurla", "city": "Mumbai", "zip": "400070", "country": "India", "phone": "91 86 5290 5000", "fax": "91 86 5290 5400", "website": "http://www.abfrl.com", "industry": "Apparel Manufacturing", "sector": "Consumer Cyclical", "longBusinessSummary": "Aditya Birla Fashion and Retail Limited manufactures and distributes branded fashion apparel and accessories in India. The company operates in two segments, Madura Fashion & Lifestyle, and Pantaloons. It offers shirts, T-shirts, trousers, jeans, blazers, chinos, jackets, formals, suits, semi-formals, shoes, sweaters, denim, cargos, and accessories, as well as casual, party, and celebration wears; streetwear, subtle contemporary pieces, dresses, pants, skirts, tunics, innerwear, and blouses; and hoodies, joggers, meggings, and printed tees for men, women, and kids. The company markets its products under the Rangmanch, indus route, Ajile, Honey, Akkriti, Chalk, Annabelle, Poppers, Chirpie Pie, Louis Philippe, Van Heusen, Allen Solly, Style Up, Peter England, Fred Perry, The Collective, People, Bare, Hackett London, American Eagle, Aerie, candies, Dreamz, Rig, Skult, SF Jeans, Ralph Lauren, Byford, Forever 21, Forever Glam, Ted Baker, and Simon Carter brand names. As of May 28, 2020, it operated 3,041 stores, including 2,699 brand stores and 342 Pantaloons stores, as well as 25,000 multi-brand outlets with 6,500 point of sales in department stores and online stores. The company was formerly known as Pantaloons Fashion & Retail Limited and changed its name to Aditya Birla Fashion and Retail Limited in January 2016. Aditya Birla Fashion and Retail Limited was incorporated in 2007 and is based in Mumbai, India.", "fullTimeEmployees": 25000, "companyOfficers": [], "maxAge": 86400}, "netSharePurchaseActivity": {"maxAge": 1, "period": "6m", "buyInfoCount": 0, "buyInfoShares": 0, "sellInfoCount": 0, "netInfoCount": 0, "netInfoShares": 0, "netPercentInsiderShares": 0.0, "totalInsiderShares": 566545792}, "insiderTransactions": {"transactions": [{"maxAge": 1, "shares": 750000, "value": 2126025, "filerUrl": "", "transactionText": "Acquisition at price 2.83 per share.", "filerName": "IGH Holdings Pvt Ltd", "filerRelation": "Promoter", "moneyText": "", "startDate": "2021-03-22", "ownership": "D"}, {"maxAge": 1, "shares": 511800, "value": 1445067, "filerUrl": "", "transactionText": "Acquisition at price 2.82 per share.", "filerName": "IGH Holdings Pvt Ltd", "filerRelation": "Promoter", "moneyText": "", "startDate": "2021-03-19", "ownership": "D"}, {"maxAge": 1, "shares": 1000000, "value": 2832700, "filerUrl": "", "transactionText": "Acquisition at price 2.83 per share.", "filerName": "IGH Holdings Pvt Ltd", "filerRelation": "Promoter", "moneyText": "", "startDate": "2021-03-18", "ownership": "D"}, {"maxAge": 1, "shares": 697000, "value": 1982128, "filerUrl": "", "transactionText": "Acquisition at price 2.84 per share.", "filerName": "IGH Holdings Pvt Ltd", "filerRelation": "Promoter", "moneyText": "", "startDate": "2021-03-17", "ownership": "D"}, {"maxAge": 1, "shares": 287000, "value": 837035, "filerUrl": "", "transactionText": "Acquisition at price 2.92 per share.", "filerName": "IGH Holdings Pvt Ltd", "filerRelation": "Promoter", "moneyText": "", "startDate": "2021-03-16", "ownership": "D"}, {"maxAge": 1, "shares": 526000, "value": 1565954, "filerUrl": "", "transactionText": "Acquisition at price 2.98 per share.", "filerName": "IGH Holdings Pvt Ltd", "filerRelation": "Promoter", "moneyText": "", "startDate": "2021-03-15", "ownership": "D"}, {"maxAge": 1, "shares": 520000, "value": 1508052, "filerUrl": "", "transactionText": "Acquisition at price 2.90 per share.", "filerName": "IGH Holdings Pvt Ltd", "filerRelation": "Promoter", "moneyText": "", "startDate": "2021-03-12", "ownership": "D"}, {"maxAge": 1, "shares": 611000, "value": 1794995, "filerUrl": "", "transactionText": "Acquisition at price 2.94 per share.", "filerName": "IGH Holdings Pvt Ltd", "filerRelation": "Promoter", "moneyText": "", "startDate": "2021-03-10", "ownership": "D"}, {"maxAge": 1, "shares": 1095000, "value": 3239229, "filerUrl": "", "transactionText": "Acquisition at price 2.96 per share.", "filerName": "IGH Holdings Pvt Ltd", "filerRelation": "Promoter", "moneyText": "", "startDate": "2021-03-09", "ownership": "D"}, {"maxAge": 1, "shares": 720000, "value": 2113056, "filerUrl": "", "transactionText": "Acquisition at price 2.93 per share.", "filerName": "IGH Holdings Pvt Ltd", "filerRelation": "Promoter", "moneyText": "", "startDate": "2021-03-08", "ownership": "D"}, {"maxAge": 1, "shares": 915000, "value": 2711053, "filerUrl": "", "transactionText": "Acquisition at price 2.96 per share.", "filerName": "IGH Holdings Pvt Ltd", "filerRelation": "Promoter", "moneyText": "", "startDate": "2021-03-05", "ownership": "D"}, {"maxAge": 1, "shares": 927950, "value": 2703953, "filerUrl": "", "transactionText": "Acquisition at price 2.91 per share.", "filerName": "IGH Holdings Pvt Ltd", "filerRelation": "Promoter", "moneyText": "", "startDate": "2021-03-04", "ownership": "D"}, {"maxAge": 1, "shares": 326000, "value": 943574, "filerUrl": "", "transactionText": "Acquisition at price 2.89 per share.", "filerName": "IGH Holdings Pvt Ltd", "filerRelation": "Promoter", "moneyText": "", "startDate": "2021-03-03", "ownership": "D"}, {"maxAge": 1, "shares": 505000, "value": 1379710, "filerUrl": "", "transactionText": "Acquisition at price 2.73 per share.", "filerName": "IGH Holdings Pvt Ltd", "filerRelation": "Promoter", "moneyText": "", "startDate": "2021-03-02", "ownership": "D"}, {"maxAge": 1, "shares": 1300, "value": 3258, "filerUrl": "", "transactionText": "Acquisition at price 2.51 per share.", "filerName": "ABFRL Employee Welfare Trust", "filerRelation": "Institution- Corporation", "moneyText": "", "startDate": "2021-03-01", "ownership": "D"}, {"maxAge": 1, "shares": 1786878, "value": 4134299, "filerUrl": "", "transactionText": "Acquisition at price 2.31 per share.", "filerName": "ABFRL Employee Welfare Trust", "filerRelation": "Institution- Corporation", "moneyText": "", "startDate": "2021-02-24", "ownership": "D"}, {"maxAge": 1, "shares": 10000, "value": 16804, "filerUrl": "", "transactionText": "Sale at price 1.68 per share.", "filerName": "Maheshwari (Krishna Kishore)", "filerRelation": "UNREPORTED", "moneyText": "", "startDate": "2020-06-30", "ownership": "D"}, {"maxAge": 1, "shares": 28725, "filerUrl": "", "transactionText": "", "filerName": "Maheshwari (Krishna Kishore)", "filerRelation": "UNREPORTED", "moneyText": "", "startDate": "2020-02-20", "ownership": "D"}, {"maxAge": 1, "shares": 14749, "filerUrl": "", "transactionText": "", "filerName": "ABFRL Employee Welfare Trust", "filerRelation": "Institution- Corporation", "moneyText": "", "startDate": "2019-12-31", "ownership": "D"}, {"maxAge": 1, "shares": 10000, "filerUrl": "", "transactionText": "", "filerName": "Maheshwari (Krishna Kishore)", "filerRelation": "UNREPORTED", "moneyText": "", "startDate": "2019-12-20", "ownership": "D"}, {"maxAge": 1, "shares": 1296698, "filerUrl": "", "transactionText": "", "filerName": "ABFRL Employee Welfare Trust", "filerRelation": "Institution- Corporation", "moneyText": "", "startDate": "2019-12-19", "ownership": "D"}, {"maxAge": 1, "shares": 1610832, "filerUrl": "", "transactionText": "", "filerName": "ABFRL Employee Welfare Trust", "filerRelation": "Institution- Corporation", "moneyText": "", "startDate": "2019-12-10", "ownership": "D"}, {"maxAge": 1, "shares": 619647, "filerUrl": "", "transactionText": "", "filerName": "ECE Industries Ltd", "filerRelation": "Promoter", "moneyText": "", "startDate": "2019-11-27", "ownership": "D"}, {"maxAge": 1, "shares": 119512, "filerUrl": "", "transactionText": "", "filerName": "Barua (Pranab)", "filerRelation": "Director (Non-Executive)", "moneyText": "", "startDate": "2019-09-26", "ownership": "D"}, {"maxAge": 1, "shares": 50000, "filerUrl": "", "transactionText": "", "filerName": "Barua (Pranab)", "filerRelation": "Director (Non-Executive)", "moneyText": "", "startDate": "2019-08-16", "ownership": "D"}, {"maxAge": 1, "shares": 50000, "filerUrl": "", "transactionText": "", "filerName": "Barua (Pranab)", "filerRelation": "Director (Non-Executive)", "moneyText": "", "startDate": "2019-08-14", "ownership": "D"}, {"maxAge": 1, "shares": 152733167, "filerUrl": "", "transactionText": "", "filerName": "Birla Group Holdings Pvt Ltd", "filerRelation": "Promoter", "moneyText": "", "startDate": "2019-07-08", "ownership": "D"}, {"maxAge": 1, "shares": 49004462, "filerUrl": "", "transactionText": "", "filerName": "Trapti Trading & Investments Pvt Ltd", "filerRelation": "Promoter", "moneyText": "", "startDate": "2019-07-08", "ownership": "D"}, {"maxAge": 1, "shares": 596310, "filerUrl": "", "transactionText": "", "filerName": "Manav Investment & Trading Company Ltd", "filerRelation": "Promoter", "moneyText": "", "startDate": "2018-09-28", "ownership": "D"}, {"maxAge": 1, "shares": 436497, "filerUrl": "", "transactionText": "", "filerName": "Barua (Pranab)", "filerRelation": "Managing Director", "moneyText": "", "startDate": "2017-01-09", "ownership": "D"}, {"maxAge": 1, "shares": 3915, "filerUrl": "", "transactionText": "", "filerName": "Agarwal (Anita)", "filerRelation": "UNREPORTED", "moneyText": "", "startDate": "2016-02-02", "ownership": "D"}, {"maxAge": 1, "shares": 118674, "filerUrl": "", "transactionText": "", "filerName": "Agarwal (Sushil)", "filerRelation": "Director", "moneyText": "", "startDate": "2016-01-27", "ownership": "D"}, {"maxAge": 1, "shares": 1055, "filerUrl": "", "transactionText": "", "filerName": "Agarwal (Sushil) HUF", "filerRelation": "UNREPORTED", "moneyText": "", "startDate": "2016-01-27", "ownership": "D"}, {"maxAge": 1, "shares": 4334586, "filerUrl": "", "transactionText": "", "filerName": "Indigold Trade & Services, Ltd.", "filerRelation": "Promoter", "moneyText": "", "startDate": "2014-09-29", "ownership": "D"}], "maxAge": 1}, "sectorTrend": {"maxAge": 1, "symbol": null, "estimates": []}, "incomeStatementHistoryQuarterly": {"incomeStatementHistory": [{"maxAge": 1, "endDate": "2020-12-31", "totalRevenue": 20761900000, "costOfRevenue": 9887200000, "grossProfit": 10874700000, "researchDevelopment": {}, "sellingGeneralAdministrative": 3642600000, "nonRecurring": {}, "otherOperatingExpenses": 3586600000, "totalOperatingExpenses": 19427000000, "operatingIncome": 1334900000, "totalOtherIncomeExpenseNet": -536500000, "ebit": 1334900000, "interestExpense": -1106000000, "incomeBeforeTax": 798400000, "incomeTaxExpense": 214000000, "minorityInterest": {}, "netIncomeFromContinuingOps": 584400000, "discontinuedOperations": {}, "extraordinaryItems": {}, "effectOfAccountingCharges": {}, "otherItems": {}, "netIncome": 594000000, "netIncomeApplicableToCommonShares": 594000000}, {"maxAge": 1, "endDate": "2020-09-30", "totalRevenue": 10281300000, "costOfRevenue": 5398500000, "grossProfit": 4882800000, "researchDevelopment": {}, "sellingGeneralAdministrative": 2409100000, "nonRecurring": {}, "otherOperatingExpenses": 2550100000, "totalOperatingExpenses": 12773000000, "operatingIncome": -2491700000, "totalOtherIncomeExpenseNet": -17100000, "ebit": -2491700000, "interestExpense": -1449000000, "incomeBeforeTax": -2508800000, "incomeTaxExpense": -626600000, "minorityInterest": 156500000, "netIncomeFromContinuingOps": -1882200000, "discontinuedOperations": {}, "extraordinaryItems": {}, "effectOfAccountingCharges": {}, "otherItems": {}, "netIncome": -1863200000, "netIncomeApplicableToCommonShares": -1863200000}, {"maxAge": 1, "endDate": "2020-06-30", "totalRevenue": 3230200000, "costOfRevenue": 1895500000, "grossProfit": 1334700000, "researchDevelopment": {}, "sellingGeneralAdministrative": 2764000000, "nonRecurring": {}, "otherOperatingExpenses": 2174600000, "totalOperatingExpenses": 9202800000, "operatingIncome": -5972600000, "totalOtherIncomeExpenseNet": 523300000, "ebit": -5972600000, "interestExpense": -1261900000, "incomeBeforeTax": -5449300000, "incomeTaxExpense": -1345700000, "minorityInterest": 156500000, "netIncomeFromContinuingOps": -4103600000, "discontinuedOperations": {}, "extraordinaryItems": {}, "effectOfAccountingCharges": {}, "otherItems": {}, "netIncome": -4079500000, "netIncomeApplicableToCommonShares": -4079500000}, {"maxAge": 1, "endDate": "2020-03-31", "totalRevenue": 18318800000, "costOfRevenue": 10822500000, "grossProfit": 7496300000, "researchDevelopment": {}, "sellingGeneralAdministrative": 7533700000, "nonRecurring": {}, "otherOperatingExpenses": -1595400000, "totalOperatingExpenses": 19093800000, "operatingIncome": -775000000, "totalOtherIncomeExpenseNet": -1083200000, "ebit": -775000000, "interestExpense": -1164600000, "incomeBeforeTax": -1858200000, "incomeTaxExpense": -392300000, "minorityInterest": 199000000, "netIncomeFromContinuingOps": -1465900000, "discontinuedOperations": {}, "extraordinaryItems": {}, "effectOfAccountingCharges": {}, "otherItems": {}, "netIncome": -1460800000, "netIncomeApplicableToCommonShares": -1460800000}], "maxAge": 86400}, "cashflowStatementHistoryQuarterly": {"cashflowStatements": [{"maxAge": 1, "endDate": "2020-12-31", "netIncome": 594000000, "changeToLiabilities": 0}, {"maxAge": 1, "endDate": "2020-09-30", "netIncome": -1863200000, "changeToLiabilities": 0}, {"maxAge": 1, "endDate": "2020-06-30", "netIncome": -4079500000, "changeToLiabilities": 0}, {"maxAge": 1, "endDate": "2020-03-31", "netIncome": -1460800000, "changeToLiabilities": 0}], "maxAge": 86400}, "earnings": {"maxAge": 86400, "earningsChart": {"quarterly": [{"date": "2Q2017", "actual": -0.26, "estimate": -0.3}, {"date": "3Q2017", "actual": -0.13, "estimate": 0.4}, {"date": "4Q2017", "actual": 0.45, "estimate": 0.5}, {"date": "1Q2018", "actual": 0.57, "estimate": 0.45}], "currentQuarterEstimateDate": "2Q", "currentQuarterEstimateYear": 2018, "earningsDate": []}, "financialsChart": {"yearly": [{"date": 2017, "revenue": 66028600000, "earnings": 535000000}, {"date": 2018, "revenue": 71720700000, "earnings": 1177900000}, {"date": 2019, "revenue": 81177200000, "earnings": 3212200000}, {"date": 2020, "revenue": 87878600000, "earnings": -1630100000}], "quarterly": [{"date": "1Q2020", "revenue": 18318800000, "earnings": -1460800000}, {"date": "2Q2020", "revenue": 3230200000, "earnings": -4079500000}, {"date": "3Q2020", "revenue": 10281300000, "earnings": -1863200000}, {"date": "4Q2020", "revenue": 20761900000, "earnings": 594000000}]}, "financialCurrency": "INR"}, "financialData": {"maxAge": 86400, "currentPrice": 175.0, "targetHighPrice": 215.0, "targetLowPrice": 172.0, "targetMeanPrice": 189.92, "targetMedianPrice": 186.0, "recommendationMean": 1.4, "recommendationKey": "strong_buy", "numberOfAnalystOpinions": 13, "totalCash": 3288800000, "totalCashPerShare": 4.042, "ebitda": -5704849920, "totalDebt": 56297099264, "totalRevenue": 52592201728, "debtToEquity": 564.841, "revenuePerShare": 66.291, "grossProfits": 43733900000, "revenueGrowth": -0.196, "grossMargins": 0.46752998, "ebitdaMargins": -0.10847, "operatingMargins": -0.1503, "profitMargins": -0.12948, "financialCurrency": "INR"}}}