{"ABFRL.BO": {"recommendationTrend": {"trend": [{"period": "0m", "strongBuy": 0, "buy": 0, "hold": 0, "sell": 0, "strongSell": 0}, {"period": "-1m", "strongBuy": 0, "buy": 0, "hold": 0, "sell": 0, "strongSell": 0}, {"period": "-2m", "strongBuy": 0, "buy": 0, "hold": 0, "sell": 0, "strongSell": 0}, {"period": "-3m", "strongBuy": 0, "buy": 0, "hold": 0, "sell": 0, "strongSell": 0}], "maxAge": 86400}, "cashflowStatementHistory": {"cashflowStatements": [{"maxAge": 1, "endDate": "2020-03-31", "netIncome": -1630100000, "depreciation": 8715300000, "changeToNetincome": 5343800000, "changeToAccountReceivables": -630700000, "changeToLiabilities": -1385600000, "changeToInventory": -4315600000, "changeToOperatingActivities": 205500000, "totalCashFromOperatingActivities": 6440400000, "capitalExpenditures": -3184400000, "investments": -1026800000, "otherCashflowsFromInvestingActivities": 3300000, "totalCashflowsFromInvestingActivities": -5508900000, "netBorrowings": 4855800000, "otherCashflowsFromFinancingActivities": -3763500000, "totalCashFromFinancingActivities": 1164600000, "changeInCash": 2096100000, "issuanceOfStock": 72300000}, {"maxAge": 1, "endDate": "2019-03-31", "netIncome": 3212200000, "depreciation": 2664700000, "changeToNetincome": 177700000, "changeToAccountReceivables": 54200000, "changeToLiabilities": 3924600000, "changeToInventory": -3534300000, "changeToOperatingActivities": -1381600000, "totalCashFromOperatingActivities": 5276100000, "capitalExpenditures": -2867200000, "investments": 22200000, "otherCashflowsFromInvestingActivities": 4100000, "totalCashflowsFromInvestingActivities": -2765500000, "netBorrowings": -1576000000, "otherCashflowsFromFinancingActivities": -1097600000, "totalCashFromFinancingActivities": -2664300000, "changeInCash": -153700000, "issuanceOfStock": 9300000}, {"maxAge": 1, "endDate": "2018-03-31", "netIncome": 1177900000, "depreciation": 2622700000, "changeToNetincome": 1208100000, "changeToAccountReceivables": -1050300000, "changeToLiabilities": 5510300000, "changeToInventory": -2599500000, "changeToOperatingActivities": -1100500000, "totalCashFromOperatingActivities": 5951200000, "capitalExpenditures": -3390900000, "investments": -36000000, "otherCashflowsFromInvestingActivities": 55200000, "totalCashflowsFromInvestingActivities": -3252000000, "netBorrowings": -1831700000, "otherCashflowsFromFinancingActivities": -649000000, "totalCashFromFinancingActivities": -2468900000, "changeInCash": 230300000, "issuanceOfStock": 11800000}, {"maxAge": 1, "endDate": "2017-03-31", "netIncome": 535000000, "depreciation": 2282300000, "changeToNetincome": 1865100000, "changeToAccountReceivables": -1380200000, "changeToLiabilities": 1146400000, "changeToInventory": 59900000, "changeToOperatingActivities": -399000000, "totalCashFromOperatingActivities": 4251900000, "capitalExpenditures": -2961600000, "investments": 4300000, "otherCashflowsFromInvestingActivities": 38300000, "totalCashflowsFromInvestingActivities": -4456200000, "netBorrowings": 1948000000, "otherCashflowsFromFinancingActivities": -1449700000, "totalCashFromFinancingActivities": 509200000, "changeInCash": 304900000, "issuanceOfStock": 10900000}], "maxAge": 86400}, "institutionOwnership": {"maxAge": 1, "ownershipList": []}, "balanceSheetHistoryQuarterly": {"balanceSheetStatements": [{"maxAge": 1, "endDate": "2020-06-30", "totalStockholderEquity": 10678900000, "netTangibleAssets": -10259100000}, {"maxAge": 1, "endDate": "2020-03-31", "cash": 2668000000, "netReceivables": 8792000000, "inventory": 23667800000, "otherCurrentAssets": 6361800000, "totalCurrentAssets": 41708800000, "longTermInvestments": 75500000, "propertyPlantEquipment": 28938200000, "goodWill": 19830600000, "intangibleAssets": 1107400000, "otherAssets": 5995100000, "deferredLongTermAssetCharges": 1949600000, "totalAssets": 97655600000, "accountsPayable": 22899200000, "shortLongTermDebt": 4142200000, "otherCurrentLiab": 5504300000, "longTermDebt": 8569300000, "otherLiab": 2895500000, "minorityInterest": 199000000, "totalCurrentLiabilities": 57104600000, "totalLiab": 86777700000, "commonStock": 7739500000, "retainedEarnings": -4449200000, "treasuryStock": -347800000, "capitalSurplus": 7736400000, "otherStockholderEquity": 657100000, "totalStockholderEquity": 10678900000, "netTangibleAssets": -10259100000}, {"maxAge": 1, "endDate": "2019-12-31", "totalStockholderEquity": 13337800000, "netTangibleAssets": -7819700000}, {"maxAge": 1, "endDate": "2019-09-30", "cash": 1187500000, "shortTermInvestments": 2180200000, "netReceivables": 10741800000, "inventory": 23563500000, "otherCurrentAssets": 4730800000, "totalCurrentAssets": 42403800000, "longTermInvestments": 78900000, "propertyPlantEquipment": 27295200000, "goodWill": 19543500000, "intangibleAssets": 1614000000, "otherAssets": 6988700000, "deferredLongTermAssetCharges": 2987700000, "totalAssets": 97924100000, "accountsPayable": 27381900000, "shortLongTermDebt": 4050400000, "otherCurrentLiab": 7324600000, "longTermDebt": 8213600000, "otherLiab": 2636600000, "minorityInterest": 239100000, "totalCurrentLiabilities": 56679300000, "totalLiab": 84347200000, "commonStock": 7736300000, "treasuryStock": 5601500000, "otherStockholderEquity": 5601500000, "totalStockholderEquity": 13337800000, "netTangibleAssets": -7819700000}], "maxAge": 86400}, "earningsHistory": {"history": [{"maxAge": 1, "epsActual": -0.13, "epsEstimate": 0.4, "epsDifference": -0.53, "surprisePercent": -1.325, "quarter": "2017-09-30", "period": "-4q"}, {"maxAge": 1, "epsActual": 0.45, "epsEstimate": 0.5, "epsDifference": -0.05, "surprisePercent": -0.1, "quarter": "2017-12-31", "period": "-3q"}, {"maxAge": 1, "epsActual": 0.57, "epsEstimate": 0.45, "epsDifference": 0.12, "surprisePercent": 0.26700002, "quarter": "2018-03-31", "period": "-2q"}, {"maxAge": 1, "epsActual": 0.55, "epsEstimate": 0.3, "epsDifference": 0.25, "surprisePercent": 0.833, "quarter": "2018-09-30", "period": "-1q"}], "maxAge": 86400}, "indexTrend": {"maxAge": 1, "symbol": "SP5", "peRatio": 19.7411, "pegRatio": 1.34172, "estimates": [{"period": "0q", "growth": 0.549}, {"period": "+1q", "growth": 0.431}, {"period": "0y", "growth": 0.305}, {"period": "+1y", "growth": 0.109}, {"period": "+5y", "growth": 0.120865}, {"period": "-5y"}]}, "industryTrend": {"maxAge": 1, "symbol": null, "estimates": []}, "insiderTransactions": {"transactions": [{"maxAge": 1, "shares": 10000, "value": 16804, "filerUrl": "", "transactionText": "Sale at price 1.68 per share.", "filerName": "Maheshwari (Krishna Kishore)", "filerRelation": "UNREPORTED", "moneyText": "", "startDate": "2020-06-30", "ownership": "D"}, {"maxAge": 1, "shares": 28725, "filerUrl": "", "transactionText": "", "filerName": "Maheshwari (Krishna Kishore)", "filerRelation": "UNREPORTED", "moneyText": "", "startDate": "2020-02-20", "ownership": "D"}, {"maxAge": 1, "shares": 14749, "filerUrl": "", "transactionText": "", "filerName": "ABFRL Employee Welfare Trust", "filerRelation": "Institution- Corporation", "moneyText": "", "startDate": "2019-12-31", "ownership": "D"}, {"maxAge": 1, "shares": 10000, "filerUrl": "", "transactionText": "", "filerName": "Maheshwari (Krishna Kishore)", "filerRelation": "UNREPORTED", "moneyText": "", "startDate": "2019-12-20", "ownership": "D"}, {"maxAge": 1, "shares": 1296698, "filerUrl": "", "transactionText": "", "filerName": "ABFRL Employee Welfare Trust", "filerRelation": "Institution- Corporation", "moneyText": "", "startDate": "2019-12-19", "ownership": "D"}, {"maxAge": 1, "shares": 1610832, "filerUrl": "", "transactionText": "", "filerName": "ABFRL Employee Welfare Trust", "filerRelation": "Institution- Corporation", "moneyText": "", "startDate": "2019-12-10", "ownership": "D"}, {"maxAge": 1, "shares": 619647, "filerUrl": "", "transactionText": "", "filerName": "Pilani Investment & Industries Corporation Ltd", "filerRelation": "Promoter", "moneyText": "", "startDate": "2019-11-27", "ownership": "D"}, {"maxAge": 1, "shares": 619647, "filerUrl": "", "transactionText": "", "filerName": "ECE Industries Ltd", "filerRelation": "Promoter", "moneyText": "", "startDate": "2019-11-27", "ownership": "D"}, {"maxAge": 1, "shares": 119512, "filerUrl": "", "transactionText": "", "filerName": "Barua (Pranab)", "filerRelation": "Director (Non-Executive)", "moneyText": "", "startDate": "2019-09-26", "ownership": "D"}, {"maxAge": 1, "shares": 50000, "filerUrl": "", "transactionText": "", "filerName": "Barua (Pranab)", "filerRelation": "Director (Non-Executive)", "moneyText": "", "startDate": "2019-08-16", "ownership": "D"}, {"maxAge": 1, "shares": 50000, "filerUrl": "", "transactionText": "", "filerName": "Barua (Pranab)", "filerRelation": "Director (Non-Executive)", "moneyText": "", "startDate": "2019-08-14", "ownership": "D"}, {"maxAge": 1, "shares": 49004462, "filerUrl": "", "transactionText": "", "filerName": "Trapti Trading & Investments Pvt Ltd", "filerRelation": "Promoter", "moneyText": "", "startDate": "2019-07-08", "ownership": "D"}, {"maxAge": 1, "shares": 70235027, "filerUrl": "", "transactionText": "", "filerName": "Grasim Industries Ltd", "filerRelation": "Promoter", "moneyText": "", "startDate": "2019-07-08", "ownership": "D"}, {"maxAge": 1, "shares": 152733167, "filerUrl": "", "transactionText": "", "filerName": "Birla Group Holdings Pvt Ltd", "filerRelation": "Promoter", "moneyText": "", "startDate": "2019-07-08", "ownership": "D"}], "maxAge": 1}, "quoteType": {"exchange": "BSE", "quoteType": "EQUITY", "symbol": "ABFRL.BO", "underlyingSymbol": "ABFRL.BO", "shortName": "Aditya Birla Fashion and Retai", "longName": "Aditya Birla Fashion and Retail Limited", "firstTradeDateEpochUtc": "2013-07-17 09:15:00", "timeZoneFullName": "Asia/Kolkata", "timeZoneShortName": "IST", "uuid": "11954b76-f4da-3b14-975b-9a682f0ead09", "messageBoardId": null, "gmtOffSetMilliseconds": 19800000, "maxAge": 1}, "incomeStatementHistory": {"incomeStatementHistory": [{"maxAge": 1, "endDate": "2020-03-31", "totalRevenue": 87878600000, "costOfRevenue": 44144700000, "grossProfit": 43733900000, "researchDevelopment": {}, "sellingGeneralAdministrative": 19318000000, "nonRecurring": {}, "otherOperatingExpenses": 12242200000, "totalOperatingExpenses": 84558600000, "operatingIncome": 3320000000, "totalOtherIncomeExpenseNet": -3648900000, "ebit": 3320000000, "interestExpense": -4217100000, "incomeBeforeTax": -328900000, "incomeTaxExpense": 1321300000, "minorityInterest": 199000000, "netIncomeFromContinuingOps": -1650200000, "discontinuedOperations": {}, "extraordinaryItems": {}, "effectOfAccountingCharges": {}, "otherItems": {}, "netIncome": -1630100000, "netIncomeApplicableToCommonShares": -1630100000}, {"maxAge": 1, "endDate": "2019-03-31", "totalRevenue": 81177200000, "costOfRevenue": 41079000000, "grossProfit": 40098200000, "researchDevelopment": {}, "sellingGeneralAdministrative": 24330500000, "nonRecurring": {}, "otherOperatingExpenses": 10176700000, "totalOperatingExpenses": 78446200000, "operatingIncome": 2731000000, "totalOtherIncomeExpenseNet": -1240000000, "ebit": 2731000000, "interestExpense": -1846100000, "incomeBeforeTax": 1491000000, "incomeTaxExpense": -1721200000, "minorityInterest": 199000000, "netIncomeFromContinuingOps": 3212200000, "discontinuedOperations": {}, "extraordinaryItems": {}, "effectOfAccountingCharges": {}, "otherItems": {}, "netIncome": 3212200000, "netIncomeApplicableToCommonShares": 3212200000}, {"maxAge": 1, "endDate": "2018-03-31", "totalRevenue": 71720700000, "costOfRevenue": 35705900000, "grossProfit": 36014800000, "researchDevelopment": {}, "sellingGeneralAdministrative": 21532300000, "nonRecurring": {}, "otherOperatingExpenses": 9758300000, "totalOperatingExpenses": 69804500000, "operatingIncome": 1916200000, "totalOtherIncomeExpenseNet": -1426500000, "ebit": 1916200000, "interestExpense": -1666000000, "incomeBeforeTax": 489700000, "incomeTaxExpense": -688200000, "minorityInterest": 199000000, "netIncomeFromContinuingOps": 1177900000, "discontinuedOperations": {}, "extraordinaryItems": {}, "effectOfAccountingCharges": {}, "otherItems": {}, "netIncome": 1177900000, "netIncomeApplicableToCommonShares": 1177900000}, {"maxAge": 1, "endDate": "2017-03-31", "totalRevenue": 66028600000, "costOfRevenue": 31843900000, "grossProfit": 34184700000, "researchDevelopment": {}, "sellingGeneralAdministrative": 20097200000, "nonRecurring": {}, "otherOperatingExpenses": 9653100000, "totalOperatingExpenses": 64020900000, "operatingIncome": 2007700000, "totalOtherIncomeExpenseNet": -1472700000, "ebit": 2007700000, "interestExpense": -1756300000, "incomeBeforeTax": 535000000, "incomeTaxExpense": 0, "minorityInterest": 199000000, "netIncomeFromContinuingOps": 535000000, "discontinuedOperations": {}, "extraordinaryItems": {}, "effectOfAccountingCharges": {}, "otherItems": {}, "netIncome": 535000000, "netIncomeApplicableToCommonShares": 535000000}], "maxAge": 86400}, "fundOwnership": {"maxAge": 1, "ownershipList": [{"maxAge": 1, "reportDate": "2020-07-31", "organization": "Vanguard International Stock Index-Total Intl Stock Indx", "pctHeld": 0.0037, "position": 3218768, "value": 401219431}, {"maxAge": 1, "reportDate": "2020-07-31", "organization": "Vanguard International Stock Index-Emerging Markets Stk", "pctHeld": 0.0029, "position": 2483112, "value": 309519910}, {"maxAge": 1, "reportDate": "2020-07-31", "organization": "DFA Emerging Markets Core Equity Portfolio", "pctHeld": 0.0019, "position": 1623065, "value": 202315052}, {"maxAge": 1, "reportDate": "2020-07-31", "organization": "iShares Core MSCI Emerging Markets ETF", "pctHeld": 0.0017, "position": 1453849, "value": 181222277}, {"maxAge": 1, "reportDate": "2020-07-31", "organization": "DFA Emerging Markets Small Cap Series", "pctHeld": 0.001, "position": 841640, "value": 104910426}, {"maxAge": 1, "reportDate": "2020-05-31", "organization": "USAA Mutual Fd Tr-Emerging Markets Fd", "pctHeld": 0.0008, "position": 686975, "value": 82265256}, {"maxAge": 1, "reportDate": "2020-07-31", "organization": "Vanguard Intl Equity Index Fds-FTSE All World ex U.S.Small Cap Index", "pctHeld": 0.00059999997, "position": 518839, "value": 64673281}, {"maxAge": 1, "reportDate": "2020-08-31", "organization": "iShares MSCI India Small Cap ETF", "pctHeld": 0.0005, "position": 411936, "value": 57609249}, {"maxAge": 1, "reportDate": "2020-06-30", "organization": "Victory Portfolios-Victory Sophus Emerging Markets Fund", "pctHeld": 0.0004, "position": 388094, "value": 48647582}, {"maxAge": 1, "reportDate": "2020-06-30", "organization": "College Retirement Equities Fund-Stock Account", "pctHeld": 0.00029999999, "position": 252953, "value": 31707658}]}, "summaryDetail": {"maxAge": 1, "priceHint": 2, "previousClose": 177.5, "open": 178.0, "dayLow": 174.4, "dayHigh": 178.15, "regularMarketPreviousClose": 177.5, "regularMarketOpen": 178.0, "regularMarketDayLow": 174.4, "regularMarketDayHigh": 178.15, "forwardPE": 59.040405, "volume": 102921, "regularMarketVolume": 102921, "averageVolume": 159126, "averageVolume10days": 113068, "averageDailyVolume10Day": 113068, "bid": 174.4, "ask": 176.8, "bidSize": 0, "askSize": 0, "marketCap": 151442079744, "fiftyTwoWeekLow": 97.05, "fiftyTwoWeekHigh": 283.5, "fiftyDayAverage": 165.8657, "twoHundredDayAverage": 151.28978, "currency": "INR", "fromCurrency": null, "toCurrency": null, "lastMarket": null, "algorithm": null, "tradeable": false}, "sectorTrend": {"maxAge": 1, "symbol": null, "estimates": []}, "incomeStatementHistoryQuarterly": {"incomeStatementHistory": [{"maxAge": 1, "endDate": "2020-06-30", "totalRevenue": 3230200000, "costOfRevenue": 1895500000, "grossProfit": 1334700000, "researchDevelopment": {}, "sellingGeneralAdministrative": 2764000000, "nonRecurring": {}, "otherOperatingExpenses": 2174600000, "totalOperatingExpenses": 9202800000, "operatingIncome": -5972600000, "totalOtherIncomeExpenseNet": 523300000, "ebit": -5972600000, "interestExpense": -1261900000, "incomeBeforeTax": -5449300000, "incomeTaxExpense": -1345700000, "minorityInterest": {}, "netIncomeFromContinuingOps": -4103600000, "discontinuedOperations": {}, "extraordinaryItems": {}, "effectOfAccountingCharges": {}, "otherItems": {}, "netIncome": -4079500000, "netIncomeApplicableToCommonShares": -4079500000}, {"maxAge": 1, "endDate": "2020-03-31", "totalRevenue": 18318800000, "costOfRevenue": 10822500000, "grossProfit": 7496300000, "researchDevelopment": {}, "sellingGeneralAdministrative": 7533700000, "nonRecurring": {}, "otherOperatingExpenses": -1595400000, "totalOperatingExpenses": 19093800000, "operatingIncome": -775000000, "totalOtherIncomeExpenseNet": -1083200000, "ebit": -775000000, "interestExpense": -1164600000, "incomeBeforeTax": -1858200000, "incomeTaxExpense": -392300000, "minorityInterest": 199000000, "netIncomeFromContinuingOps": -1465900000, "discontinuedOperations": {}, "extraordinaryItems": {}, "effectOfAccountingCharges": {}, "otherItems": {}, "netIncome": -1460800000, "netIncomeApplicableToCommonShares": -1460800000}, {"maxAge": 1, "endDate": "2019-12-31", "totalRevenue": 25827400000, "costOfRevenue": 12365400000, "grossProfit": 13462000000, "researchDevelopment": {}, "sellingGeneralAdministrative": 4409400000, "nonRecurring": {}, "otherOperatingExpenses": 4969700000, "totalOperatingExpenses": 23994800000, "operatingIncome": 1832600000, "totalOtherIncomeExpenseNet": -907600000, "ebit": 1832600000, "interestExpense": -1053600000, "incomeBeforeTax": 925000000, "incomeTaxExpense": 1301400000, "minorityInterest": 199000000, "netIncomeFromContinuingOps": -376400000, "discontinuedOperations": {}, "extraordinaryItems": {}, "effectOfAccountingCharges": {}, "otherItems": {}, "netIncome": -376500000, "netIncomeApplicableToCommonShares": -376500000}, {"maxAge": 1, "endDate": "2019-09-30", "totalRevenue": 23077800000, "costOfRevenue": 11473800000, "grossProfit": 11604000000, "researchDevelopment": {}, "sellingGeneralAdministrative": 3551000000, "nonRecurring": {}, "otherOperatingExpenses": 4660800000, "totalOperatingExpenses": 21933600000, "operatingIncome": 1144200000, "totalOtherIncomeExpenseNet": -891300000, "ebit": 1144200000, "interestExpense": -1057000000, "incomeBeforeTax": 252900000, "incomeTaxExpense": 276400000, "minorityInterest": 239100000, "netIncomeFromContinuingOps": -23500000, "discontinuedOperations": {}, "extraordinaryItems": {}, "effectOfAccountingCharges": {}, "otherItems": {}, "netIncome": -8400000, "netIncomeApplicableToCommonShares": -8400000}], "maxAge": 86400}, "cashflowStatementHistoryQuarterly": {"cashflowStatements": [{"maxAge": 1, "endDate": "2020-06-30", "netIncome": -4079500000, "changeToLiabilities": 0}, {"maxAge": 1, "endDate": "2020-03-31", "netIncome": -1460800000, "changeToLiabilities": 0}, {"maxAge": 1, "endDate": "2019-12-31", "netIncome": -376500000, "changeToLiabilities": 0}, {"maxAge": 1, "endDate": "2019-09-30", "netIncome": -8400000, "changeToLiabilities": 0}], "maxAge": 86400}, "insiderHolders": {"holders": [{"maxAge": 1, "name": "ABFRL Employee Welfare Trust", "relation": "Institution- Corporation", "url": "", "transactionDescription": "Acquisition", "latestTransDate": "2019-12-31", "positionDirect": 2922279, "positionDirectDate": "2019-12-31"}, {"maxAge": 1, "name": "Barua (Pranab)", "relation": "Director (Non-Executive)", "url": "", "transactionDescription": "Other", "latestTransDate": "2019-09-26", "positionDirect": 456009, "positionDirectDate": "2019-09-26"}, {"maxAge": 1, "name": "Birla Group Holdings Pvt Ltd", "relation": "Promoter", "url": "", "transactionDescription": "Other", "latestTransDate": "2019-07-08", "positionDirect": 171506727, "positionDirectDate": "2019-07-08"}, {"maxAge": 1, "name": "ECE Industries Ltd", "relation": "Promoter", "url": "", "transactionDescription": "Sale", "latestTransDate": "2019-11-27", "positionDirect": 0, "positionDirectDate": "2019-11-27"}, {"maxAge": 1, "name": "Grasim Industries Ltd", "relation": "Promoter", "url": "", "transactionDescription": "Other", "latestTransDate": "2019-07-08", "positionDirect": 0, "positionDirectDate": "2019-07-08"}, {"maxAge": 1, "name": "Maheshwari (Krishna Kishore)", "relation": "UNREPORTED", "url": "", "transactionDescription": "Sale", "latestTransDate": "2020-06-30", "positionDirect": 96095, "positionDirectDate": "2020-06-30"}, {"maxAge": 1, "name": "Pilani Investment & Industries Corporation Ltd", "relation": "Promoter", "url": "", "transactionDescription": "Acquisition", "latestTransDate": "2019-11-27", "positionDirect": 2188866, "positionDirectDate": "2019-11-27"}, {"maxAge": 1, "name": "Trapti Trading & Investments Pvt Ltd", "relation": "Promoter", "url": "", "transactionDescription": "Other", "latestTransDate": "2019-07-08", "positionDirect": 0, "positionDirectDate": "2019-07-08"}], "maxAge": 1}, "earnings": {"maxAge": 86400, "earningsChart": {"quarterly": [{"date": "3Q2017", "actual": -0.13, "estimate": 0.4}, {"date": "4Q2017", "actual": 0.45, "estimate": 0.5}, {"date": "1Q2018", "actual": 0.57, "estimate": 0.45}, {"date": "3Q2018", "actual": 0.55, "estimate": 0.3}], "currentQuarterEstimateDate": "4Q", "currentQuarterEstimateYear": 2018, "earningsDate": ["2020-08-13 05:30:S"]}, "financialsChart": {"yearly": [{"date": 2017, "revenue": 66028600000, "earnings": 535000000}, {"date": 2018, "revenue": 71720700000, "earnings": 1177900000}, {"date": 2019, "revenue": 81177200000, "earnings": 3212200000}, {"date": 2020, "revenue": 87878600000, "earnings": -1630100000}], "quarterly": [{"date": "3Q2019", "revenue": 23077800000, "earnings": -8400000}, {"date": "4Q2019", "revenue": 25827400000, "earnings": -376500000}, {"date": "1Q2020", "revenue": 18318800000, "earnings": -1460800000}, {"date": "2Q2020", "revenue": 3230200000, "earnings": -4079500000}]}, "financialCurrency": "INR"}, "calendarEvents": {"maxAge": 1, "earnings": {"earningsDate": ["2020-08-13 05:30:S"], "revenueAverage": 18880000000, "revenueLow": 18880000000, "revenueHigh": 18880000000}}, "price": {"maxAge": 1, "regularMarketChangePercent": -0.012112642, "regularMarketChange": -2.149994, "regularMarketTime": "2021-04-30 15:29:45", "priceHint": 2, "regularMarketPrice": 175.35, "regularMarketDayHigh": 178.15, "regularMarketDayLow": 174.4, "regularMarketVolume": 102921, "averageDailyVolume10Day": 113068, "averageDailyVolume3Month": 159126, "regularMarketPreviousClose": 177.5, "regularMarketSource": "FREE_REALTIME", "regularMarketOpen": 178.0, "exchange": "BSE", "exchangeName": "BSE", "exchangeDataDelayedBy": 0, "marketState": "CLOSED", "quoteType": "EQUITY", "symbol": "ABFRL.BO", "underlyingSymbol": null, "shortName": "Aditya Birla Fashion and Retai", "longName": "Aditya Birla Fashion and Retail Limited", "currency": "INR", "quoteSourceName": "Delayed Quote", "currencySymbol": "\u20b9", "fromCurrency": null, "toCurrency": null, "lastMarket": null, "marketCap": 151442079744}, "balanceSheetHistory": {"balanceSheetStatements": [{"maxAge": 1, "endDate": "2020-03-31", "cash": 2668000000, "netReceivables": 8792000000, "inventory": 23667800000, "otherCurrentAssets": 6361800000, "totalCurrentAssets": 41708800000, "longTermInvestments": 75500000, "propertyPlantEquipment": 28938200000, "goodWill": 19830600000, "intangibleAssets": 1107400000, "otherAssets": 5995100000, "deferredLongTermAssetCharges": 1949600000, "totalAssets": 97655600000, "accountsPayable": 22899200000, "shortLongTermDebt": 4142200000, "otherCurrentLiab": 5504300000, "longTermDebt": 8569300000, "otherLiab": 2895500000, "minorityInterest": 199000000, "totalCurrentLiabilities": 57104600000, "totalLiab": 86777700000, "commonStock": 7739500000, "retainedEarnings": -4449200000, "treasuryStock": -347800000, "capitalSurplus": 7736400000, "otherStockholderEquity": 657100000, "totalStockholderEquity": 10678900000, "netTangibleAssets": -10259100000}, {"maxAge": 1, "endDate": "2019-03-31", "cash": 571900000, "netReceivables": 8425900000, "inventory": 19212800000, "otherCurrentAssets": 5227800000, "totalCurrentAssets": 33691600000, "longTermInvestments": 52700000, "propertyPlantEquipment": 6587600000, "goodWill": 18596000000, "intangibleAssets": 595100000, "otherAssets": 6687700000, "deferredLongTermAssetCharges": 2633800000, "totalAssets": 66210700000, "accountsPayable": 23974200000, "shortLongTermDebt": 5046300000, "otherCurrentLiab": 4308100000, "longTermDebt": 7237800000, "otherLiab": 3905500000, "totalCurrentLiabilities": 40778600000, "totalLiab": 51921900000, "commonStock": 7734800000, "retainedEarnings": -1520900000, "treasuryStock": 439700000, "capitalSurplus": 7635200000, "otherStockholderEquity": 439700000, "totalStockholderEquity": 14288800000, "netTangibleAssets": -4902300000}, {"maxAge": 1, "endDate": "2018-03-31", "cash": 725600000, "netReceivables": 6043100000, "inventory": 16912000000, "otherCurrentAssets": 2507500000, "totalCurrentAssets": 26503000000, "longTermInvestments": 53600000, "propertyPlantEquipment": 6923400000, "goodWill": 18596000000, "intangibleAssets": 762500000, "otherAssets": 4499900000, "deferredLongTermAssetCharges": 688200000, "totalAssets": 57338400000, "accountsPayable": 20093200000, "shortLongTermDebt": 1030900000, "otherCurrentLiab": 2134600000, "longTermDebt": 11879100000, "otherLiab": 2818000000, "totalCurrentLiabilities": 31710200000, "totalLiab": 46407300000, "commonStock": 7716900000, "retainedEarnings": -4733100000, "treasuryStock": 328300000, "capitalSurplus": 7619000000, "otherStockholderEquity": 328300000, "totalStockholderEquity": 10931100000, "netTangibleAssets": -8427400000}, {"maxAge": 1, "endDate": "2017-03-31", "cash": 495300000, "netReceivables": 4820100000, "inventory": 14312500000, "otherCurrentAssets": 1333100000, "totalCurrentAssets": 21358000000, "longTermInvestments": 10000000, "propertyPlantEquipment": 5712400000, "goodWill": 18596000000, "intangibleAssets": 812200000, "otherAssets": 3869900000, "totalAssets": 50358500000, "accountsPayable": 14578000000, "shortLongTermDebt": 128900000, "otherCurrentLiab": 1272900000, "longTermDebt": 12709900000, "otherLiab": 2488500000, "totalCurrentLiabilities": 25578500000, "totalLiab": 40776900000, "commonStock": 7705300000, "retainedEarnings": -5911000000, "treasuryStock": 188400000, "capitalSurplus": 7598900000, "otherStockholderEquity": 188400000, "totalStockholderEquity": 9581600000, "netTangibleAssets": -9826600000}], "maxAge": 86400}, "earningsTrend": {"trend": [{"maxAge": 1, "period": "0q", "endDate": "2018-12-31", "growth": {}, "earningsEstimate": {"avg": 0.0, "low": 0.0, "high": 0.0, "yearAgoEps": -0.13, "numberOfAnalysts": 0, "growth": {}}, "revenueEstimate": {"avg": 18880000000, "low": 18880000000, "high": 18880000000, "numberOfAnalysts": 1, "yearAgoRevenue": 18550000000, "growth": 0.018}, "epsTrend": {"current": 0.0, "7daysAgo": 0.0, "30daysAgo": 0.0, "60daysAgo": 0.0, "90daysAgo": 0.0}, "epsRevisions": {"upLast7days": 0, "upLast30days": 0, "downLast30days": 0, "downLast90days": {}}}, {"maxAge": 1, "period": "+1q", "endDate": "2019-03-31", "growth": {}, "earningsEstimate": {"avg": 0.0, "low": 0.0, "high": 0.0, "yearAgoEps": 0.45, "numberOfAnalysts": 0, "growth": {}}, "revenueEstimate": {"avg": 0, "low": 0, "high": 0, "numberOfAnalysts": 0, "yearAgoRevenue": {}, "growth": {}}, "epsTrend": {"current": 0.0, "7daysAgo": 0.0, "30daysAgo": 0.0, "60daysAgo": 0.0, "90daysAgo": 0.0}, "epsRevisions": {"upLast7days": 0, "upLast30days": 0, "downLast30days": 0, "downLast90days": {}}}, {"maxAge": 1, "period": "0y", "endDate": "2019-03-31", "growth": {}, "earningsEstimate": {"avg": 0.0, "low": 0.0, "high": 0.0, "yearAgoEps": {}, "numberOfAnalysts": 0, "growth": {}}, "revenueEstimate": {"avg": 85677100000, "low": 81970000000, "high": 89384100000, "numberOfAnalysts": 2, "yearAgoRevenue": 71720700000, "growth": 0.195}, "epsTrend": {"current": 0.0, "7daysAgo": 1.46, "30daysAgo": 1.46, "60daysAgo": 1.46, "90daysAgo": 1.46}, "epsRevisions": {"upLast7days": 0, "upLast30days": 0, "downLast30days": 0, "downLast90days": {}}}, {"maxAge": 1, "period": "+1y", "endDate": "2020-03-31", "growth": {}, "earningsEstimate": {"avg": 0.0, "low": 0.0, "high": 0.0, "yearAgoEps": {}, "numberOfAnalysts": 0, "growth": {}}, "revenueEstimate": {"avg": 101617000000, "low": 93480000000, "high": 109754000000, "numberOfAnalysts": 2, "yearAgoRevenue": 85677100000, "growth": 0.186}, "epsTrend": {"current": 0.0, "7daysAgo": 2.97, "30daysAgo": 2.97, "60daysAgo": 2.97, "90daysAgo": 2.97}, "epsRevisions": {"upLast7days": 0, "upLast30days": 0, "downLast30days": 0, "downLast90days": {}}}, {"maxAge": 1, "period": "+5y", "endDate": null, "growth": {}, "earningsEstimate": {"avg": {}, "low": {}, "high": {}, "yearAgoEps": {}, "numberOfAnalysts": {}, "growth": {}}, "revenueEstimate": {"avg": {}, "low": {}, "high": {}, "numberOfAnalysts": {}, "yearAgoRevenue": {}, "growth": {}}, "epsTrend": {"current": {}, "7daysAgo": {}, "30daysAgo": {}, "60daysAgo": {}, "90daysAgo": {}}, "epsRevisions": {"upLast7days": {}, "upLast30days": {}, "downLast30days": {}, "downLast90days": {}}}, {"maxAge": 1, "period": "-5y", "endDate": null, "growth": {}, "earningsEstimate": {"avg": {}, "low": {}, "high": {}, "yearAgoEps": {}, "numberOfAnalysts": {}, "growth": {}}, "revenueEstimate": {"avg": {}, "low": {}, "high": {}, "numberOfAnalysts": {}, "yearAgoRevenue": {}, "growth": {}}, "epsTrend": {"current": {}, "7daysAgo": {}, "30daysAgo": {}, "60daysAgo": {}, "90daysAgo": {}}, "epsRevisions": {"upLast7days": {}, "upLast30days": {}, "downLast30days": {}, "downLast90days": {}}}], "maxAge": 1}, "financialData": {"maxAge": 86400, "currentPrice": 175.35, "targetHighPrice": 240.0, "targetLowPrice": 200.0, "targetMeanPrice": 228.29, "targetMedianPrice": 230.0, "recommendationKey": "none", "numberOfAnalystOpinions": 14, "grossProfits": 43733900000, "financialCurrency": "INR"}}}