{"ABIRAFN.BO": {"cashflowStatementHistory": {"cashflowStatements": [{"maxAge": 1, "endDate": "2020-03-31", "netIncome": 1598818, "depreciation": 982000, "changeToNetincome": -2580818, "changeToLiabilities": 0, "changeToOperatingActivities": 2242000, "totalCashFromOperatingActivities": 2242000, "capitalExpenditures": -39000, "investments": -8491000, "totalCashflowsFromInvestingActivities": -8461000, "changeInCash": -6219000}, {"maxAge": 1, "endDate": "2019-03-31", "netIncome": 201296, "depreciation": 1214000, "changeToNetincome": -1296, "changeToLiabilities": 0, "changeToOperatingActivities": 8939000, "totalCashFromOperatingActivities": 10353000, "capitalExpenditures": -39000, "investments": -4639000, "totalCashflowsFromInvestingActivities": -4475000, "dividendsPaid": -2166000, "totalCashFromFinancingActivities": -2166000, "changeInCash": 3712000}, {"maxAge": 1, "endDate": "2018-03-31", "netIncome": 1694484, "depreciation": 1254000, "changeToNetincome": -1484, "changeToLiabilities": 113000, "changeToOperatingActivities": 3198000, "totalCashFromOperatingActivities": 6258000, "capitalExpenditures": -336000, "investments": -731000, "totalCashflowsFromInvestingActivities": -1067000, "dividendsPaid": -2166000, "otherCashflowsFromFinancingActivities": -1879000, "totalCashFromFinancingActivities": -4045000, "changeInCash": 1146000}, {"maxAge": 1, "endDate": "2017-03-31", "netIncome": 550635, "depreciation": 1376000, "changeToNetincome": 1178365, "changeToLiabilities": 105000, "changeToOperatingActivities": 1126000, "totalCashFromOperatingActivities": 4336000, "capitalExpenditures": -336000, "investments": 742000, "totalCashflowsFromInvestingActivities": 742000, "dividendsPaid": -2400000, "otherCashflowsFromFinancingActivities": -489000, "totalCashFromFinancingActivities": -2889000, "changeInCash": 2189000}], "maxAge": 86400}, "institutionOwnership": {"maxAge": 1, "ownershipList": []}, "balanceSheetHistoryQuarterly": {"balanceSheetStatements": [{"maxAge": 1, "endDate": "2020-06-30", "cash": 1396000, "netReceivables": 4424000, "totalCurrentAssets": 5820000, "longTermInvestments": 53462000, "propertyPlantEquipment": 22400000, "totalAssets": 81682000, "otherCurrentLiab": 1320000, "totalCurrentLiabilities": 1320000, "totalLiab": 1320000, "commonStock": 60000000, "retainedEarnings": 20362000, "totalStockholderEquity": 80362000, "netTangibleAssets": 80362000}, {"maxAge": 1, "endDate": "2020-03-31", "cash": 45883654, "netReceivables": 1098433, "otherCurrentAssets": 2106210, "totalCurrentAssets": 49088297, "longTermInvestments": 8905367, "propertyPlantEquipment": 22615897, "otherAssets": 1078722, "totalAssets": 81688283, "otherCurrentLiab": 983678, "totalCurrentLiabilities": 1199508, "totalLiab": 1199508, "commonStock": 60000000, "retainedEarnings": 20488775, "totalStockholderEquity": 80488775, "netTangibleAssets": 80488775}, {"maxAge": 1, "endDate": "2019-12-31", "cash": 1905000, "netReceivables": 4013000, "totalCurrentAssets": 5918000, "longTermInvestments": 52098000, "propertyPlantEquipment": 22861000, "totalAssets": 80877000, "otherCurrentLiab": 1535000, "totalCurrentLiabilities": 1535000, "totalLiab": 1535000, "commonStock": 60000000, "retainedEarnings": 19342000, "treasuryStock": 19342000, "otherStockholderEquity": 19342000, "totalStockholderEquity": 79342000, "netTangibleAssets": 79342000}, {"maxAge": 1, "endDate": "2019-09-30", "cash": 1019000, "netReceivables": 4342000, "totalCurrentAssets": 5361000, "longTermInvestments": 52347000, "propertyPlantEquipment": 23067000, "totalAssets": 80775000, "otherCurrentLiab": 1524000, "totalCurrentLiabilities": 1524000, "totalLiab": 1524000, "commonStock": 60000000, "retainedEarnings": 19251000, "totalStockholderEquity": 79251000, "netTangibleAssets": 79251000}], "maxAge": 86400}, "indexTrend": {"maxAge": 1, "symbol": "SP5", "peRatio": 19.7411, "pegRatio": 1.34172, "estimates": [{"period": "0q", "growth": 0.549}, {"period": "+1q", "growth": 0.431}, {"period": "0y", "growth": 0.305}, {"period": "+1y", "growth": 0.109}, {"period": "+5y", "growth": 0.120859005}, {"period": "-5y"}]}, "quoteType": {"exchange": "BSE", "quoteType": "EQUITY", "symbol": "ABIRAFN.BO", "underlyingSymbol": "ABIRAFN.BO", "shortName": "ABIRAMI FINANCIAL SERVICES (IN", "longName": "Abirami Financial Services (India) Limited", "firstTradeDateEpochUtc": "2007-05-22 09:15:00", "timeZoneFullName": "Asia/Kolkata", "timeZoneShortName": "IST", "uuid": "2f698d8c-cedc-3450-b5ca-3d31921c5db1", "messageBoardId": null, "gmtOffSetMilliseconds": 19800000, "maxAge": 1}, "incomeStatementHistory": {"incomeStatementHistory": [{"maxAge": 1, "endDate": "2020-03-31", "totalRevenue": 6877839, "costOfRevenue": 400756, "grossProfit": 6477083, "researchDevelopment": {}, "sellingGeneralAdministrative": 1018228, "nonRecurring": {}, "otherOperatingExpenses": 2284217, "totalOperatingExpenses": 4685300, "operatingIncome": 2192539, "totalOtherIncomeExpenseNet": -54261, "ebit": 0, "interestExpense": {}, "incomeBeforeTax": 2138278, "incomeTaxExpense": 539460, "minorityInterest": {}, "netIncomeFromContinuingOps": 1598818, "discontinuedOperations": {}, "extraordinaryItems": {}, "effectOfAccountingCharges": {}, "otherItems": {}, "netIncome": 1598818, "netIncomeApplicableToCommonShares": 1598818}, {"maxAge": 1, "endDate": "2019-03-31", "totalRevenue": 4670951, "costOfRevenue": 499442, "grossProfit": 4171509, "researchDevelopment": {}, "sellingGeneralAdministrative": 868856, "nonRecurring": {}, "otherOperatingExpenses": 1747953, "totalOperatingExpenses": 4330583, "operatingIncome": 340368, "totalOtherIncomeExpenseNet": -39515, "ebit": 0, "interestExpense": {}, "incomeBeforeTax": 300853, "incomeTaxExpense": 99557, "minorityInterest": {}, "netIncomeFromContinuingOps": 201296, "discontinuedOperations": {}, "extraordinaryItems": {}, "effectOfAccountingCharges": {}, "otherItems": {}, "netIncome": 201296, "netIncomeApplicableToCommonShares": 201296}, {"maxAge": 1, "endDate": "2018-03-31", "totalRevenue": 6936126, "costOfRevenue": 492644, "grossProfit": 6443482, "researchDevelopment": {}, "sellingGeneralAdministrative": 801959, "nonRecurring": {}, "otherOperatingExpenses": 2212948, "totalOperatingExpenses": 4761923, "operatingIncome": 2174203, "totalOtherIncomeExpenseNet": -5411, "ebit": 0, "interestExpense": {}, "incomeBeforeTax": 2168792, "incomeTaxExpense": 474308, "minorityInterest": {}, "netIncomeFromContinuingOps": 1694484, "discontinuedOperations": {}, "extraordinaryItems": {}, "effectOfAccountingCharges": {}, "otherItems": {}, "netIncome": 1694484, "netIncomeApplicableToCommonShares": 1694484}, {"maxAge": 1, "endDate": "2017-03-31", "totalRevenue": 5533775, "costOfRevenue": 304387, "grossProfit": 5229388, "researchDevelopment": {}, "sellingGeneralAdministrative": 832707, "nonRecurring": {}, "otherOperatingExpenses": 2304704, "totalOperatingExpenses": 4818294, "operatingIncome": 715481, "totalOtherIncomeExpenseNet": -35379, "ebit": 0, "interestExpense": {}, "incomeBeforeTax": 680102, "incomeTaxExpense": 129467, "minorityInterest": {}, "netIncomeFromContinuingOps": 550635, "discontinuedOperations": {}, "extraordinaryItems": {}, "effectOfAccountingCharges": {}, "otherItems": {}, "netIncome": 550635, "netIncomeApplicableToCommonShares": 550635}], "maxAge": 86400}, "fundOwnership": {"maxAge": 1, "ownershipList": []}, "summaryDetail": {"maxAge": 1, "priceHint": 4, "previousClose": 3.65, "open": 3.65, "dayLow": 3.65, "dayHigh": 3.65, "regularMarketPreviousClose": 3.65, "regularMarketOpen": 3.65, "regularMarketDayLow": 3.65, "regularMarketDayHigh": 3.65, "trailingPE": 13.518518, "volume": 1, "regularMarketVolume": 1, "averageVolume": 291, "averageVolume10days": 1520, "averageDailyVolume10Day": 1520, "bid": 0.0, "ask": 3.65, "bidSize": 0, "askSize": 0, "marketCap": 21900000, "fiftyTwoWeekLow": 2.55, "fiftyTwoWeekHigh": 6.04, "fiftyDayAverage": 4.388, "twoHundredDayAverage": 4.100797, "currency": "INR", "fromCurrency": null, "toCurrency": null, "lastMarket": null, "algorithm": null, "tradeable": false}, "incomeStatementHistoryQuarterly": {"incomeStatementHistory": [{"maxAge": 1, "endDate": "2020-06-30", "totalRevenue": 1033000, "costOfRevenue": 0, "grossProfit": 1033000, "researchDevelopment": {}, "sellingGeneralAdministrative": 202000, "nonRecurring": {}, "otherOperatingExpenses": 685000, "totalOperatingExpenses": 1103000, "operatingIncome": -70000, "totalOtherIncomeExpenseNet": 0, "ebit": 0, "interestExpense": {}, "incomeBeforeTax": -70000, "incomeTaxExpense": 57000, "minorityInterest": {}, "netIncomeFromContinuingOps": -127000, "discontinuedOperations": {}, "extraordinaryItems": {}, "effectOfAccountingCharges": {}, "otherItems": {}, "netIncome": -127000, "netIncomeApplicableToCommonShares": -127000}, {"maxAge": 1, "endDate": "2020-03-31", "totalRevenue": 3035839, "costOfRevenue": 400756, "grossProfit": 2635083, "researchDevelopment": {}, "sellingGeneralAdministrative": 303228, "nonRecurring": {}, "otherOperatingExpenses": 546217, "totalOperatingExpenses": 1495300, "operatingIncome": 1540539, "totalOtherIncomeExpenseNet": -54261, "ebit": 0, "interestExpense": {}, "incomeBeforeTax": 1486278, "incomeTaxExpense": 419460, "minorityInterest": {}, "netIncomeFromContinuingOps": 1066818, "discontinuedOperations": {}, "extraordinaryItems": {}, "effectOfAccountingCharges": {}, "otherItems": {}, "netIncome": 1066818, "netIncomeApplicableToCommonShares": 1066818}, {"maxAge": 1, "endDate": "2019-12-31", "totalRevenue": 1152000, "costOfRevenue": 0, "grossProfit": 1152000, "researchDevelopment": {}, "sellingGeneralAdministrative": 237000, "nonRecurring": {}, "otherOperatingExpenses": 569000, "totalOperatingExpenses": 1051000, "operatingIncome": 101000, "totalOtherIncomeExpenseNet": 0, "ebit": 0, "interestExpense": {}, "incomeBeforeTax": 101000, "incomeTaxExpense": 11000, "minorityInterest": {}, "netIncomeFromContinuingOps": 90000, "discontinuedOperations": {}, "extraordinaryItems": {}, "effectOfAccountingCharges": {}, "otherItems": {}, "netIncome": 90000, "netIncomeApplicableToCommonShares": 90000}, {"maxAge": 1, "endDate": "2019-09-30", "totalRevenue": 1155000, "costOfRevenue": 0, "grossProfit": 1155000, "researchDevelopment": {}, "sellingGeneralAdministrative": 294000, "nonRecurring": {}, "otherOperatingExpenses": 639000, "totalOperatingExpenses": 1177000, "operatingIncome": -22000, "totalOtherIncomeExpenseNet": 0, "ebit": 0, "interestExpense": {}, "incomeBeforeTax": -22000, "incomeTaxExpense": 0, "minorityInterest": {}, "netIncomeFromContinuingOps": -22000, "discontinuedOperations": {}, "extraordinaryItems": {}, "effectOfAccountingCharges": {}, "otherItems": {}, "netIncome": -22000, "netIncomeApplicableToCommonShares": -22000}], "maxAge": 86400}, "cashflowStatementHistoryQuarterly": {"cashflowStatements": [{"maxAge": 1, "endDate": "2020-06-30", "netIncome": -127000, "changeToLiabilities": 0}, {"maxAge": 1, "endDate": "2020-03-31", "netIncome": 1066818, "changeToLiabilities": 0}, {"maxAge": 1, "endDate": "2019-12-31", "netIncome": 90000, "changeToLiabilities": 0}, {"maxAge": 1, "endDate": "2019-09-30", "netIncome": -22000, "changeToLiabilities": 0}], "maxAge": 86400}, "insiderHolders": {"holders": [], "maxAge": 1}, "calendarEvents": {"maxAge": 1, "earnings": {"earningsDate": ["2020-06-19 05:30:S"]}}, "price": {"maxAge": 1, "regularMarketChangePercent": 0.0, "regularMarketChange": 0.0, "regularMarketTime": "2021-04-29 11:19:50", "priceHint": 4, "regularMarketPrice": 3.65, "regularMarketDayHigh": 3.65, "regularMarketDayLow": 3.65, "regularMarketVolume": 1, "averageDailyVolume10Day": 1520, "averageDailyVolume3Month": 291, "regularMarketPreviousClose": 3.65, "regularMarketSource": "FREE_REALTIME", "regularMarketOpen": 3.65, "exchange": "BSE", "exchangeName": "BSE", "exchangeDataDelayedBy": 0, "marketState": "CLOSED", "quoteType": "EQUITY", "symbol": "ABIRAFN.BO", "underlyingSymbol": null, "shortName": "ABIRAMI FINANCIAL SERVICES (IN", "longName": "Abirami Financial Services (India) Limited", "currency": "INR", "quoteSourceName": "Delayed Quote", "currencySymbol": "\u20b9", "fromCurrency": null, "toCurrency": null, "lastMarket": null, "marketCap": 21900000}, "balanceSheetHistory": {"balanceSheetStatements": [{"maxAge": 1, "endDate": "2020-03-31", "cash": 45883654, "netReceivables": 1098433, "otherCurrentAssets": 2106210, "totalCurrentAssets": 49088297, "longTermInvestments": 8905367, "propertyPlantEquipment": 22615897, "otherAssets": 1078722, "totalAssets": 81688283, "otherCurrentLiab": 983678, "totalCurrentLiabilities": 1199508, "totalLiab": 1199508, "commonStock": 60000000, "retainedEarnings": 20488775, "totalStockholderEquity": 80488775, "netTangibleAssets": 80488775}, {"maxAge": 1, "endDate": "2019-03-31", "cash": 45802786, "netReceivables": 683822, "otherCurrentAssets": 2169452, "totalCurrentAssets": 48656060, "longTermInvestments": 6714624, "propertyPlantEquipment": 23628757, "otherAssets": 1076222, "totalAssets": 80075663, "otherCurrentLiab": 1039243, "totalCurrentLiabilities": 1265568, "totalLiab": 1265568, "commonStock": 60000000, "retainedEarnings": 18810095, "treasuryStock": 18810000, "otherStockholderEquity": 18810000, "totalStockholderEquity": 78810095, "netTangibleAssets": 78810095}, {"maxAge": 1, "endDate": "2018-03-31", "cash": 51167126, "netReceivables": 744235, "otherCurrentAssets": 1904463, "totalCurrentAssets": 53815824, "longTermInvestments": 2075551, "propertyPlantEquipment": 25006760, "otherAssets": 1076222, "totalAssets": 81974357, "otherCurrentLiab": 990071, "totalCurrentLiabilities": 1199078, "totalLiab": 1199078, "commonStock": 60000000, "retainedEarnings": 20775279, "totalStockholderEquity": 80775279, "netTangibleAssets": 80775279}, {"maxAge": 1, "endDate": "2017-03-31", "cash": 50114848, "netReceivables": 387499, "otherCurrentAssets": 6672796, "totalCurrentAssets": 57175143, "longTermInvestments": 1344273, "propertyPlantEquipment": 25925088, "otherAssets": 1072622, "totalAssets": 85517126, "otherCurrentLiab": 2290463, "totalCurrentLiabilities": 2391963, "totalLiab": 2391963, "commonStock": 60000000, "retainedEarnings": 23125163, "totalStockholderEquity": 83125163, "netTangibleAssets": 83125163}], "maxAge": 86400}, "financialData": {"maxAge": 86400, "currentPrice": 3.65, "recommendationKey": "none", "grossProfits": 6477083, "financialCurrency": "INR"}}}