{"ABMINTLTD.NS": {"assetProfile": {"address1": "10/60, Industrial Area", "address2": "Kirti Nagar", "city": "New Delhi", "zip": "110015", "country": "India", "phone": "91 11 4142 6055", "website": "http://www.abmintl.in", "industry": "Specialty Chemicals", "sector": "Basic Materials", "longBusinessSummary": "ABM International Limited trades in plastic raw materials worldwide. It sells PVC resins, finished leather products, DOP, urea, etc. The company was founded in 1983 and is based in New Delhi, India.", "fullTimeEmployees": 9, "companyOfficers": [{"maxAge": 1, "name": "Mr. Virender Kumar Gandhi", "age": 78, "title": "Chairman & MD", "yearBorn": 1942, "fiscalYear": 2020, "totalPay": 5191247, "exercisedValue": 0, "unexercisedValue": 0}, {"maxAge": 1, "name": "Mr. Vishwanatha  Mahalingam", "age": 71, "title": "Chief Financial Officer", "yearBorn": 1949, "fiscalYear": 2020, "totalPay": 377913, "exercisedValue": 0, "unexercisedValue": 0}, {"maxAge": 1, "name": "Mr. Amit  Kumar", "age": 35, "title": "Company Sec. & Compliance Officer", "yearBorn": 1985, "fiscalYear": 2020, "totalPay": 127303, "exercisedValue": 0, "unexercisedValue": 0}, {"maxAge": 1, "name": "Ms. Sangeeta  Gandhi", "age": 47, "title": "Whole-Time Director", "yearBorn": 1973, "fiscalYear": 2020, "totalPay": 900000, "exercisedValue": 0, "unexercisedValue": 0}, {"maxAge": 1, "name": "Ms. Anju  Gupta", "age": 32, "title": "Mang. of Operations", "yearBorn": 1988, "exercisedValue": 0, "unexercisedValue": 0}, {"maxAge": 1, "name": "Mr. Sushil  Gambhir", "age": 42, "title": "Mang. of Accounts", "yearBorn": 1978, "exercisedValue": 0, "unexercisedValue": 0}], "compensationAsOfEpochDate": "2020-12-31 05:30:00", "maxAge": 86400}, "cashflowStatementHistory": {"cashflowStatements": [{"maxAge": 1, "endDate": "2020-03-31", "netIncome": -48044000, "depreciation": 7940000, "changeToNetincome": 3584000, "changeToAccountReceivables": 8507000, "changeToLiabilities": 22715000, "changeToInventory": -32578000, "changeToOperatingActivities": 52658000, "totalCashFromOperatingActivities": 14782000, "capitalExpenditures": -1048000, "otherCashflowsFromInvestingActivities": 1998000, "totalCashflowsFromInvestingActivities": 2318000, "netBorrowings": 1200000, "totalCashFromFinancingActivities": 1200000, "changeInCash": 18300000}, {"maxAge": 1, "endDate": "2019-03-31", "netIncome": -17861000, "depreciation": 1876000, "changeToNetincome": -10723000, "changeToAccountReceivables": 125122000, "changeToLiabilities": -37602000, "changeToInventory": -73961000, "changeToOperatingActivities": -15878000, "totalCashFromOperatingActivities": -29027000, "capitalExpenditures": -1048000, "otherCashflowsFromInvestingActivities": 2494000, "totalCashflowsFromInvestingActivities": 2894000, "netBorrowings": -1045000, "totalCashFromFinancingActivities": -1045000, "changeInCash": -27177000}, {"maxAge": 1, "endDate": "2018-04-01", "netIncome": -2674000, "depreciation": 2292000, "changeToNetincome": 2856000, "changeToAccountReceivables": -15327000, "changeToLiabilities": -22041000, "changeToInventory": 33899000, "changeToOperatingActivities": 1516000, "totalCashFromOperatingActivities": 521000, "capitalExpenditures": -49000, "otherCashflowsFromInvestingActivities": 807000, "totalCashflowsFromInvestingActivities": 758000, "netBorrowings": -705000, "totalCashFromFinancingActivities": -705000, "changeInCash": 574000}, {"maxAge": 1, "endDate": "2017-03-31", "netIncome": 6624000, "depreciation": 2370000, "changeToNetincome": -3171000, "changeToAccountReceivables": 34285000, "changeToLiabilities": -91955000, "changeToInventory": -33899000, "changeToOperatingActivities": 45623000, "totalCashFromOperatingActivities": -40123000, "capitalExpenditures": -3200000, "otherCashflowsFromInvestingActivities": 2108000, "totalCashflowsFromInvestingActivities": -727000, "netBorrowings": 1045000, "totalCashFromFinancingActivities": 1045000, "changeInCash": -39805000}], "maxAge": 86400}, "institutionOwnership": {"maxAge": 1, "ownershipList": []}, "majorHoldersBreakdown": {"maxAge": 1}, "balanceSheetHistoryQuarterly": {"balanceSheetStatements": [{"maxAge": 1, "endDate": "2020-12-31", "totalStockholderEquity": 134644000, "netTangibleAssets": 134644000}, {"maxAge": 1, "endDate": "2020-09-30", "cash": 68780000, "shortTermInvestments": 19437000, "netReceivables": 33766000, "inventory": 7388000, "totalCurrentAssets": 129371000, "longTermInvestments": 48606000, "propertyPlantEquipment": 6418000, "otherAssets": 455000, "totalAssets": 184850000, "accountsPayable": 44862000, "otherCurrentLiab": 2801000, "otherLiab": 2543000, "totalCurrentLiabilities": 47663000, "totalLiab": 50206000, "commonStock": 117600000, "treasuryStock": 17044000, "otherStockholderEquity": 17044000, "totalStockholderEquity": 134644000, "netTangibleAssets": 134644000}, {"maxAge": 1, "endDate": "2020-06-30", "totalStockholderEquity": 127917000, "netTangibleAssets": 127917000}, {"maxAge": 1, "endDate": "2020-03-31", "cash": 51798000, "netReceivables": 43832000, "inventory": 106539000, "otherCurrentAssets": 26745000, "totalCurrentAssets": 228971000, "longTermInvestments": 48664000, "propertyPlantEquipment": 7216000, "otherAssets": 575000, "totalAssets": 285426000, "accountsPayable": 92532000, "otherCurrentLiab": 49588000, "otherLiab": 2640000, "totalCurrentLiabilities": 154869000, "totalLiab": 157509000, "commonStock": 117600000, "retainedEarnings": 28328000, "treasuryStock": -18011000, "otherStockholderEquity": -18011000, "totalStockholderEquity": 127917000, "netTangibleAssets": 127917000}], "maxAge": 86400}, "indexTrend": {"maxAge": 1, "symbol": "SP5", "peRatio": 19.7411, "pegRatio": 1.34172, "estimates": [{"period": "0q", "growth": 0.549}, {"period": "+1q", "growth": 0.431}, {"period": "0y", "growth": 0.305}, {"period": "+1y", "growth": 0.109}, {"period": "+5y", "growth": 0.120865}, {"period": "-5y"}]}, "defaultKeyStatistics": {"maxAge": 1, "priceHint": 2, "enterpriseValue": 473015904, "profitMargins": 0.04298, "floatShares": 564763, "sharesOutstanding": 11760000, "beta": 1.030155, "category": null, "bookValue": 11.492, "priceToBook": 4.150714, "fundFamily": null, "legalType": null, "lastFiscalYearEnd": "2020-03-31 05:30:00", "nextFiscalYearEnd": "2022-03-31 05:30:00", "mostRecentQuarter": "2020-12-31 05:30:00", "netIncomeToCommon": 50767000, "trailingEps": 4.336, "lastSplitFactor": "6:1", "lastSplitDate": "2017-03-15 05:30:00", "enterpriseToRevenue": 0.4, "enterpriseToEbitda": 4.942, "52WeekChange": 2.6692307, "SandP52WeekChange": 0.48148263, "lastDividendValue": 0.041667, "lastDividendDate": 1473897600}, "summaryProfile": {"address1": "10/60, Industrial Area", "address2": "Kirti Nagar", "city": "New Delhi", "zip": "110015", "country": "India", "phone": "91 11 4142 6055", "website": "http://www.abmintl.in", "industry": "Specialty Chemicals", "sector": "Basic Materials", "longBusinessSummary": "ABM International Limited trades in plastic raw materials worldwide. It sells PVC resins, finished leather products, DOP, urea, etc. The company was founded in 1983 and is based in New Delhi, India.", "fullTimeEmployees": 9, "companyOfficers": [], "maxAge": 86400}, "netSharePurchaseActivity": {"maxAge": 1, "period": "6m", "buyInfoCount": 0, "buyInfoShares": 0, "sellInfoCount": 0, "netInfoCount": 0, "netInfoShares": 0, "totalInsiderShares": 0}, "quoteType": {"exchange": "NSI", "quoteType": "EQUITY", "symbol": "ABMINTLTD.NS", "underlyingSymbol": "ABMINTLTD.NS", "shortName": "ABM INTERNATIONAL", "longName": "ABM International Limited", "firstTradeDateEpochUtc": "2016-06-29 09:15:00", "timeZoneFullName": "Asia/Kolkata", "timeZoneShortName": "IST", "uuid": "24aeea95-fa4a-3ab5-8f98-b0020bcae8ad", "messageBoardId": "finmb_183636916", "gmtOffSetMilliseconds": 19800000, "maxAge": 1}, "incomeStatementHistory": {"incomeStatementHistory": [{"maxAge": 1, "endDate": "2020-03-31", "totalRevenue": 977085000, "costOfRevenue": 987213000, "grossProfit": -10128000, "researchDevelopment": {}, "sellingGeneralAdministrative": 8800000, "nonRecurring": {}, "otherOperatingExpenses": 4539000, "totalOperatingExpenses": 1008492000, "operatingIncome": -31407000, "totalOtherIncomeExpenseNet": 4967000, "ebit": -31407000, "interestExpense": -752000, "incomeBeforeTax": -26440000, "incomeTaxExpense": 21604000, "minorityInterest": {}, "netIncomeFromContinuingOps": -48044000, "discontinuedOperations": {}, "extraordinaryItems": {}, "effectOfAccountingCharges": {}, "otherItems": {}, "netIncome": -48044000, "netIncomeApplicableToCommonShares": -48044000}, {"maxAge": 1, "endDate": "2019-03-31", "totalRevenue": 773696000, "costOfRevenue": 778688000, "grossProfit": -4992000, "researchDevelopment": {}, "sellingGeneralAdministrative": 9579000, "nonRecurring": {}, "otherOperatingExpenses": 5023000, "totalOperatingExpenses": 796777000, "operatingIncome": -23081000, "totalOtherIncomeExpenseNet": -937000, "ebit": -23081000, "interestExpense": -750000, "incomeBeforeTax": -24018000, "incomeTaxExpense": -6157000, "minorityInterest": {}, "netIncomeFromContinuingOps": -17861000, "discontinuedOperations": {}, "extraordinaryItems": {}, "effectOfAccountingCharges": {}, "otherItems": {}, "netIncome": -17861000, "netIncomeApplicableToCommonShares": -17861000}, {"maxAge": 1, "endDate": "2018-04-01", "totalRevenue": 886087000, "costOfRevenue": 866372000, "grossProfit": 19715000, "researchDevelopment": {}, "sellingGeneralAdministrative": 9847000, "nonRecurring": {}, "otherOperatingExpenses": 6222000, "totalOperatingExpenses": 884833000, "operatingIncome": 1254000, "totalOtherIncomeExpenseNet": 534000, "ebit": 1254000, "interestExpense": -1346000, "incomeBeforeTax": 1788000, "incomeTaxExpense": 4462000, "minorityInterest": {}, "netIncomeFromContinuingOps": -2674000, "discontinuedOperations": {}, "extraordinaryItems": {}, "effectOfAccountingCharges": {}, "otherItems": {}, "netIncome": -2674000, "netIncomeApplicableToCommonShares": -2674000}, {"maxAge": 1, "endDate": "2017-03-31", "totalRevenue": 1420959000, "costOfRevenue": 1377816000, "grossProfit": 43143000, "researchDevelopment": {}, "sellingGeneralAdministrative": 7730000, "nonRecurring": {}, "otherOperatingExpenses": 28100000, "totalOperatingExpenses": 1416016000, "operatingIncome": 4943000, "totalOtherIncomeExpenseNet": 4742000, "ebit": 4943000, "interestExpense": -1038000, "incomeBeforeTax": 9685000, "incomeTaxExpense": 3061000, "minorityInterest": {}, "netIncomeFromContinuingOps": 6624000, "discontinuedOperations": {}, "extraordinaryItems": {}, "effectOfAccountingCharges": {}, "otherItems": {}, "netIncome": 6624000, "netIncomeApplicableToCommonShares": 6624000}], "maxAge": 86400}, "fundOwnership": {"maxAge": 1, "ownershipList": []}, "summaryDetail": {"maxAge": 1, "priceHint": 2, "previousClose": 47.1, "open": 47.95, "dayLow": 45.0, "dayHigh": 48.0, "regularMarketPreviousClose": 47.1, "regularMarketOpen": 47.95, "regularMarketDayLow": 45.0, "regularMarketDayHigh": 48.0, "exDividendDate": "2016-09-15 05:30:00", "payoutRatio": 0.0, "beta": 1.030155, "trailingPE": 11.000923, "volume": 467, "regularMarketVolume": 467, "averageVolume": 2226, "averageVolume10days": 836, "averageDailyVolume10Day": 836, "bid": 0.0, "ask": 0.0, "bidSize": 0, "askSize": 0, "marketCap": 560952000, "fiftyTwoWeekLow": 12.0, "fiftyTwoWeekHigh": 84.1, "priceToSalesTrailing12Months": 0.4749371, "fiftyDayAverage": 53.890907, "twoHundredDayAverage": 37.16525, "trailingAnnualDividendRate": 0.042, "trailingAnnualDividendYield": 0.00089171977, "currency": "INR", "fromCurrency": null, "toCurrency": null, "lastMarket": null, "algorithm": null, "tradeable": false}, "incomeStatementHistoryQuarterly": {"incomeStatementHistory": [{"maxAge": 1, "endDate": "2020-12-31", "totalRevenue": 602820000, "costOfRevenue": 484553000, "grossProfit": 118267000, "researchDevelopment": {}, "sellingGeneralAdministrative": 2040000, "nonRecurring": {}, "otherOperatingExpenses": 22062000, "totalOperatingExpenses": 509066000, "operatingIncome": 93754000, "totalOtherIncomeExpenseNet": 2000000, "ebit": 93754000, "interestExpense": -166000, "incomeBeforeTax": 95754000, "incomeTaxExpense": 15040000, "minorityInterest": {}, "netIncomeFromContinuingOps": 80714000, "discontinuedOperations": {}, "extraordinaryItems": {}, "effectOfAccountingCharges": {}, "otherItems": {}, "netIncome": 80714000, "netIncomeApplicableToCommonShares": 80714000}, {"maxAge": 1, "endDate": "2020-09-30", "totalRevenue": 179192000, "costOfRevenue": 162080000, "grossProfit": 17112000, "researchDevelopment": {}, "sellingGeneralAdministrative": 1964000, "nonRecurring": {}, "otherOperatingExpenses": 1215000, "totalOperatingExpenses": 165670000, "operatingIncome": 13522000, "totalOtherIncomeExpenseNet": 1124000, "ebit": 13522000, "interestExpense": -8000, "incomeBeforeTax": 14646000, "incomeTaxExpense": 0, "minorityInterest": {}, "netIncomeFromContinuingOps": 14646000, "discontinuedOperations": {}, "extraordinaryItems": {}, "effectOfAccountingCharges": {}, "otherItems": {}, "netIncome": 14646000, "netIncomeApplicableToCommonShares": 14646000}, {"maxAge": 1, "endDate": "2020-06-30", "totalRevenue": 200166000, "costOfRevenue": 205974000, "grossProfit": -5808000, "researchDevelopment": {}, "sellingGeneralAdministrative": 1522000, "nonRecurring": {}, "otherOperatingExpenses": 728000, "totalOperatingExpenses": 208635000, "operatingIncome": -8469000, "totalOtherIncomeExpenseNet": 493000, "ebit": -8469000, "interestExpense": -443000, "incomeBeforeTax": -7976000, "incomeTaxExpense": 0, "minorityInterest": {}, "netIncomeFromContinuingOps": -7976000, "discontinuedOperations": {}, "extraordinaryItems": {}, "effectOfAccountingCharges": {}, "otherItems": {}, "netIncome": -7976000, "netIncomeApplicableToCommonShares": -7976000}, {"maxAge": 1, "endDate": "2020-03-31", "totalRevenue": 198931000, "costOfRevenue": 204890000, "grossProfit": -5959000, "researchDevelopment": {}, "sellingGeneralAdministrative": 2483000, "nonRecurring": {}, "otherOperatingExpenses": 1426000, "totalOperatingExpenses": 215506000, "operatingIncome": -16575000, "totalOtherIncomeExpenseNet": 542000, "ebit": -16575000, "interestExpense": -667000, "incomeBeforeTax": -16033000, "incomeTaxExpense": 21604000, "minorityInterest": {}, "netIncomeFromContinuingOps": -37637000, "discontinuedOperations": {}, "extraordinaryItems": {}, "effectOfAccountingCharges": {}, "otherItems": {}, "netIncome": -37637000, "netIncomeApplicableToCommonShares": -37637000}], "maxAge": 86400}, "cashflowStatementHistoryQuarterly": {"cashflowStatements": [{"maxAge": 1, "endDate": "2020-12-31", "netIncome": 80714000, "changeToLiabilities": 0}, {"maxAge": 1, "endDate": "2020-09-30", "netIncome": 14646000, "changeToLiabilities": 0}, {"maxAge": 1, "endDate": "2020-06-30", "netIncome": -7976000, "changeToLiabilities": 0}, {"maxAge": 1, "endDate": "2020-03-31", "netIncome": -37637000, "changeToLiabilities": 0}], "maxAge": 86400}, "insiderHolders": {"holders": [], "maxAge": 1}, "calendarEvents": {"maxAge": 1, "earnings": {"earningsDate": []}, "exDividendDate": "2016-09-15 05:30:00"}, "price": {"maxAge": 1, "regularMarketChangePercent": 0.012738902, "regularMarketChange": 0.6000023, "regularMarketTime": "2021-04-30 15:27:35", "priceHint": 2, "regularMarketPrice": 47.7, "regularMarketDayHigh": 48.0, "regularMarketDayLow": 45.0, "regularMarketVolume": 467, "averageDailyVolume10Day": 836, "averageDailyVolume3Month": 2226, "regularMarketPreviousClose": 47.1, "regularMarketSource": "FREE_REALTIME", "regularMarketOpen": 47.95, "exchange": "NSI", "exchangeName": "NSE", "exchangeDataDelayedBy": 15, "marketState": "CLOSED", "quoteType": "EQUITY", "symbol": "ABMINTLTD.NS", "underlyingSymbol": null, "shortName": "ABM INTERNATIONAL", "longName": "ABM International Limited", "currency": "INR", "quoteSourceName": "Delayed Quote", "currencySymbol": "\u20b9", "fromCurrency": null, "toCurrency": null, "lastMarket": null, "marketCap": 560952000}, "balanceSheetHistory": {"balanceSheetStatements": [{"maxAge": 1, "endDate": "2020-03-31", "cash": 51798000, "netReceivables": 43832000, "inventory": 106539000, "otherCurrentAssets": 26745000, "totalCurrentAssets": 228971000, "longTermInvestments": 48664000, "propertyPlantEquipment": 7216000, "otherAssets": 575000, "totalAssets": 285426000, "accountsPayable": 92532000, "otherCurrentLiab": 49588000, "otherLiab": 2640000, "totalCurrentLiabilities": 154869000, "totalLiab": 157509000, "commonStock": 117600000, "retainedEarnings": 28328000, "treasuryStock": -18011000, "otherStockholderEquity": -18011000, "totalStockholderEquity": 127917000, "netTangibleAssets": 127917000}, {"maxAge": 1, "endDate": "2019-03-31", "cash": 33498000, "netReceivables": 51406000, "inventory": 73961000, "otherCurrentAssets": 13760000, "totalCurrentAssets": 172826000, "longTermInvestments": 49771000, "propertyPlantEquipment": 14522000, "otherAssets": 22129000, "deferredLongTermAssetCharges": 6808000, "totalAssets": 259248000, "accountsPayable": 69817000, "otherCurrentLiab": 9219000, "otherLiab": 1464000, "totalCurrentLiabilities": 80948000, "totalLiab": 82412000, "commonStock": 117600000, "retainedEarnings": 76373000, "treasuryStock": -17137000, "otherStockholderEquity": -17137000, "totalStockholderEquity": 176836000, "netTangibleAssets": 176836000}, {"maxAge": 1, "endDate": "2018-04-01", "cash": 60675000, "netReceivables": 176513000, "otherCurrentAssets": 392000, "totalCurrentAssets": 237896000, "longTermInvestments": 50844000, "propertyPlantEquipment": 16459000, "otherAssets": 17573000, "deferredLongTermAssetCharges": 638000, "totalAssets": 322772000, "accountsPayable": 107418000, "shortLongTermDebt": 778000, "otherCurrentLiab": 16050000, "longTermDebt": 268000, "otherLiab": 1276000, "totalCurrentLiabilities": 125466000, "totalLiab": 127010000, "commonStock": 117600000, "retainedEarnings": 94233000, "treasuryStock": -16071000, "otherStockholderEquity": -16071000, "totalStockholderEquity": 195762000, "netTangibleAssets": 195762000}, {"maxAge": 1, "endDate": "2017-03-31", "cash": 60101000, "netReceivables": 161052000, "inventory": 33899000, "otherCurrentAssets": 4188000, "totalCurrentAssets": 259340000, "longTermInvestments": 51499000, "propertyPlantEquipment": 18734000, "otherAssets": 59752000, "deferredLongTermAssetCharges": 539000, "totalAssets": 389325000, "accountsPayable": 129459000, "shortLongTermDebt": 705000, "otherCurrentLiab": 55033000, "longTermDebt": 1045000, "otherLiab": 348000, "totalCurrentLiabilities": 189360000, "totalLiab": 190753000, "commonStock": 117600000, "retainedEarnings": 96908000, "treasuryStock": -15936000, "otherStockholderEquity": -15936000, "totalStockholderEquity": 198572000, "netTangibleAssets": 198572000}], "maxAge": 86400}, "financialData": {"maxAge": 86400, "currentPrice": 47.7, "recommendationKey": "none", "totalCash": 88217000, "totalCashPerShare": 7.498, "ebitda": 95719000, "totalDebt": 0, "totalRevenue": 1181107968, "revenuePerShare": 100.887, "grossProfits": -10128000, "revenueGrowth": 0.473, "grossMargins": 0.105500005, "ebitdaMargins": 0.08104, "operatingMargins": 0.07047, "profitMargins": 0.04298, "financialCurrency": "INR"}}}