{"ABMKNO.BO": {"recommendationTrend": {"trend": [{"period": "0m", "strongBuy": 0, "buy": 0, "hold": 0, "sell": 0, "strongSell": 0}, {"period": "-1m", "strongBuy": 0, "buy": 0, "hold": 0, "sell": 0, "strongSell": 0}, {"period": "-2m", "strongBuy": 0, "buy": 0, "hold": 0, "sell": 0, "strongSell": 0}, {"period": "-3m", "strongBuy": 0, "buy": 0, "hold": 0, "sell": 0, "strongSell": 0}], "maxAge": 86400}, "cashflowStatementHistory": {"cashflowStatements": [{"maxAge": 1, "endDate": "2020-03-31", "netIncome": 156291000, "depreciation": 11359000, "changeToNetincome": -18966000, "changeToAccountReceivables": -132506000, "changeToLiabilities": -2225000, "changeToOperatingActivities": 90802000, "totalCashFromOperatingActivities": 111014000, "capitalExpenditures": -3984000, "investments": -302960000, "otherCashflowsFromInvestingActivities": 1557000, "totalCashflowsFromInvestingActivities": -320518000, "dividendsPaid": -60284000, "otherCashflowsFromFinancingActivities": -2484000, "totalCashFromFinancingActivities": -62768000, "changeInCash": -272272000}, {"maxAge": 1, "endDate": "2019-03-31", "netIncome": 156684000, "depreciation": 11451000, "changeToNetincome": -4207000, "changeToAccountReceivables": 328501000, "changeToLiabilities": -3595000, "changeToOperatingActivities": -87294000, "totalCashFromOperatingActivities": 407347000, "capitalExpenditures": -18448000, "investments": -93489000, "otherCashflowsFromInvestingActivities": 11590000, "totalCashflowsFromInvestingActivities": -100347000, "dividendsPaid": -30093000, "otherCashflowsFromFinancingActivities": -2550000, "totalCashFromFinancingActivities": -32643000, "changeInCash": 274357000}, {"maxAge": 1, "endDate": "2018-03-31", "netIncome": 143807000, "depreciation": 16210000, "changeToNetincome": -53202000, "changeToAccountReceivables": -378006000, "changeToLiabilities": 2439000, "changeToOperatingActivities": 262099000, "totalCashFromOperatingActivities": -6653000, "capitalExpenditures": -3936000, "investments": -167378000, "otherCashflowsFromInvestingActivities": 22123000, "totalCashflowsFromInvestingActivities": -255008000, "dividendsPaid": -30093000, "otherCashflowsFromFinancingActivities": -3889000, "totalCashFromFinancingActivities": -33982000, "changeInCash": -295643000}, {"maxAge": 1, "endDate": "2017-03-31", "netIncome": 190513000, "depreciation": 13748000, "changeToNetincome": -41047000, "changeToAccountReceivables": 78266000, "changeToLiabilities": -32811000, "changeToOperatingActivities": 262099000, "totalCashFromOperatingActivities": 211819000, "capitalExpenditures": -7006000, "investments": 14914000, "otherCashflowsFromInvestingActivities": 27738000, "totalCashflowsFromInvestingActivities": 1729000, "dividendsPaid": -29802000, "otherCashflowsFromFinancingActivities": -2438000, "totalCashFromFinancingActivities": -32240000, "changeInCash": 181309000}], "maxAge": 86400}, "institutionOwnership": {"maxAge": 1, "ownershipList": []}, "balanceSheetHistoryQuarterly": {"balanceSheetStatements": [{"maxAge": 1, "endDate": "2020-06-30", "totalStockholderEquity": 1676671000, "netTangibleAssets": 1611046000}, {"maxAge": 1, "endDate": "2020-03-31", "cash": 36501000, "shortTermInvestments": 107000, "netReceivables": 419743000, "inventory": 155197000, "otherCurrentAssets": 58818000, "totalCurrentAssets": 1448527000, "longTermInvestments": 105000, "propertyPlantEquipment": 448692000, "goodWill": 33545000, "intangibleAssets": 32080000, "otherAssets": 38172000, "totalAssets": 2001121000, "accountsPayable": 7993000, "otherCurrentLiab": 200783000, "otherLiab": 74826000, "minorityInterest": 5270000, "totalCurrentLiabilities": 244354000, "totalLiab": 319180000, "commonStock": 100011000, "retainedEarnings": 1571865000, "treasuryStock": 4795000, "otherStockholderEquity": 4795000, "totalStockholderEquity": 1676671000, "netTangibleAssets": 1611046000}, {"maxAge": 1, "endDate": "2019-12-31", "totalStockholderEquity": 1609888000, "netTangibleAssets": 1548376000}, {"maxAge": 1, "endDate": "2019-09-30", "cash": 55579000, "shortTermInvestments": 515059000, "netReceivables": 472416000, "otherCurrentAssets": 156357000, "totalCurrentAssets": 1199411000, "longTermInvestments": 27620000, "propertyPlantEquipment": 453499000, "goodWill": 33545000, "intangibleAssets": 27967000, "otherAssets": 7495000, "totalAssets": 1749537000, "accountsPayable": 7516000, "otherCurrentLiab": 61939000, "otherLiab": 73358000, "minorityInterest": -4845000, "totalCurrentLiabilities": 71136000, "totalLiab": 144494000, "commonStock": 102415000, "treasuryStock": 1507473000, "otherStockholderEquity": 1507473000, "totalStockholderEquity": 1609888000, "netTangibleAssets": 1548376000}], "maxAge": 86400}, "earningsHistory": {"history": [{"maxAge": 1, "epsActual": {}, "epsEstimate": {}, "epsDifference": {}, "surprisePercent": {}, "quarter": {}, "period": "-4q"}, {"maxAge": 1, "epsActual": {}, "epsEstimate": {}, "epsDifference": {}, "surprisePercent": {}, "quarter": {}, "period": "-3q"}, {"maxAge": 1, "epsActual": {}, "epsEstimate": {}, "epsDifference": {}, "surprisePercent": {}, "quarter": {}, "period": "-2q"}, {"maxAge": 1, "epsActual": {}, "epsEstimate": {}, "epsDifference": {}, "surprisePercent": {}, "quarter": {}, "period": "-1q"}], "maxAge": 86400}, "indexTrend": {"maxAge": 1, "symbol": "SP5", "peRatio": 19.7411, "pegRatio": 1.34172, "estimates": [{"period": "0q", "growth": 0.549}, {"period": "+1q", "growth": 0.431}, {"period": "0y", "growth": 0.305}, {"period": "+1y", "growth": 0.109}, {"period": "+5y", "growth": 0.120859005}, {"period": "-5y"}]}, "industryTrend": {"maxAge": 1, "symbol": null, "estimates": []}, "insiderTransactions": {"transactions": [{"maxAge": 1, "shares": 400000, "filerUrl": "", "transactionText": "", "filerName": "Lipsita Properties Pvt. Ltd.", "filerRelation": "Promoter", "moneyText": "", "startDate": "2020-03-31", "ownership": "D"}], "maxAge": 1}, "quoteType": {"exchange": "BSE", "quoteType": "EQUITY", "symbol": "ABMKNO.BO", "underlyingSymbol": "ABMKNO.BO", "shortName": "ABM KNOWLEDGEWARE LTD.", "longName": "ABM Knowledgeware Limited", "firstTradeDateEpochUtc": "2000-10-12 09:15:00", "timeZoneFullName": "Asia/Kolkata", "timeZoneShortName": "IST", "uuid": "31c0f0ab-49c0-35e7-be85-cbfa1c8e93ce", "messageBoardId": null, "gmtOffSetMilliseconds": 19800000, "maxAge": 1}, "incomeStatementHistory": {"incomeStatementHistory": [{"maxAge": 1, "endDate": "2020-03-31", "totalRevenue": 726838000, "costOfRevenue": 480588000, "grossProfit": 246250000, "researchDevelopment": {}, "sellingGeneralAdministrative": 17661000, "nonRecurring": {}, "otherOperatingExpenses": 40734000, "totalOperatingExpenses": 558104000, "operatingIncome": 168734000, "totalOtherIncomeExpenseNet": 38737000, "ebit": 168734000, "interestExpense": {}, "incomeBeforeTax": 207471000, "incomeTaxExpense": 39216000, "minorityInterest": 5270000, "netIncomeFromContinuingOps": 168255000, "discontinuedOperations": {}, "extraordinaryItems": {}, "effectOfAccountingCharges": {}, "otherItems": {}, "netIncome": 156291000, "netIncomeApplicableToCommonShares": 156291000}, {"maxAge": 1, "endDate": "2019-03-31", "totalRevenue": 608404000, "costOfRevenue": 328791000, "grossProfit": 279613000, "researchDevelopment": {}, "sellingGeneralAdministrative": 23973000, "nonRecurring": {}, "otherOperatingExpenses": 44805000, "totalOperatingExpenses": 420087000, "operatingIncome": 188317000, "totalOtherIncomeExpenseNet": 33385000, "ebit": 188317000, "interestExpense": {}, "incomeBeforeTax": 221702000, "incomeTaxExpense": 69163000, "minorityInterest": -7392000, "netIncomeFromContinuingOps": 152539000, "discontinuedOperations": {}, "extraordinaryItems": {}, "effectOfAccountingCharges": {}, "otherItems": {}, "netIncome": 156684000, "netIncomeApplicableToCommonShares": 156684000}, {"maxAge": 1, "endDate": "2018-03-31", "totalRevenue": 623136000, "costOfRevenue": 342101000, "grossProfit": 281035000, "researchDevelopment": {}, "sellingGeneralAdministrative": 51259000, "nonRecurring": {}, "otherOperatingExpenses": 40636000, "totalOperatingExpenses": 456190000, "operatingIncome": 166946000, "totalOtherIncomeExpenseNet": 21340000, "ebit": 166946000, "interestExpense": {}, "incomeBeforeTax": 188286000, "incomeTaxExpense": 47280000, "minorityInterest": -5599000, "netIncomeFromContinuingOps": 141006000, "discontinuedOperations": {}, "extraordinaryItems": {}, "effectOfAccountingCharges": {}, "otherItems": {}, "netIncome": 143807000, "netIncomeApplicableToCommonShares": 143807000}, {"maxAge": 1, "endDate": "2017-03-31", "totalRevenue": 950811000, "costOfRevenue": 593476000, "grossProfit": 357335000, "researchDevelopment": {}, "sellingGeneralAdministrative": 37889000, "nonRecurring": {}, "otherOperatingExpenses": 35506000, "totalOperatingExpenses": 683799000, "operatingIncome": 267012000, "totalOtherIncomeExpenseNet": 25199000, "ebit": 267012000, "interestExpense": -24000, "incomeBeforeTax": 292211000, "incomeTaxExpense": 101698000, "minorityInterest": -5599000, "netIncomeFromContinuingOps": 190513000, "discontinuedOperations": {}, "extraordinaryItems": {}, "effectOfAccountingCharges": {}, "otherItems": {}, "netIncome": 190513000, "netIncomeApplicableToCommonShares": 190513000}], "maxAge": 86400}, "fundOwnership": {"maxAge": 1, "ownershipList": []}, "summaryDetail": {"maxAge": 1, "priceHint": 2, "previousClose": 109.5, "open": 112.0, "dayLow": 106.15, "dayHigh": 112.5, "regularMarketPreviousClose": 109.5, "regularMarketOpen": 112.0, "regularMarketDayLow": 106.15, "regularMarketDayHigh": 112.5, "trailingPE": 11.02716, "forwardPE": 10.942249, "volume": 12208, "regularMarketVolume": 12208, "averageVolume": 21994, "averageVolume10days": 13140, "averageDailyVolume10Day": 13140, "bid": 107.55, "ask": 109.05, "bidSize": 0, "askSize": 0, "marketCap": 2160237568, "fiftyTwoWeekLow": 28.55, "fiftyTwoWeekHigh": 145.45, "fiftyDayAverage": 117.97857, "twoHundredDayAverage": 108.654015, "trailingAnnualDividendRate": 1.25, "trailingAnnualDividendYield": 0.011415525, "currency": "INR", "fromCurrency": null, "toCurrency": null, "lastMarket": null, "algorithm": null, "tradeable": false}, "sectorTrend": {"maxAge": 1, "symbol": null, "estimates": []}, "incomeStatementHistoryQuarterly": {"incomeStatementHistory": [{"maxAge": 1, "endDate": "2020-06-30", "totalRevenue": 156379000, "costOfRevenue": 77099000, "grossProfit": 79280000, "researchDevelopment": {}, "sellingGeneralAdministrative": 2508000, "nonRecurring": {}, "otherOperatingExpenses": 12828000, "totalOperatingExpenses": 97280000, "operatingIncome": 59099000, "totalOtherIncomeExpenseNet": 17169000, "ebit": 59099000, "interestExpense": -2356000, "incomeBeforeTax": 76268000, "incomeTaxExpense": 20272000, "minorityInterest": {}, "netIncomeFromContinuingOps": 55996000, "discontinuedOperations": {}, "extraordinaryItems": {}, "effectOfAccountingCharges": {}, "otherItems": {}, "netIncome": 60676000, "netIncomeApplicableToCommonShares": 60676000}, {"maxAge": 1, "endDate": "2020-03-31", "totalRevenue": 238822000, "costOfRevenue": 135821000, "grossProfit": 103001000, "researchDevelopment": {}, "sellingGeneralAdministrative": 9494000, "nonRecurring": {}, "otherOperatingExpenses": 6647000, "totalOperatingExpenses": 158164000, "operatingIncome": 80658000, "totalOtherIncomeExpenseNet": 11739000, "ebit": 80658000, "interestExpense": -2356000, "incomeBeforeTax": 92397000, "incomeTaxExpense": 18261000, "minorityInterest": 5270000, "netIncomeFromContinuingOps": 74136000, "discontinuedOperations": {}, "extraordinaryItems": {}, "effectOfAccountingCharges": {}, "otherItems": {}, "netIncome": 60700000, "netIncomeApplicableToCommonShares": 60700000}, {"maxAge": 1, "endDate": "2019-12-31", "totalRevenue": 172167000, "costOfRevenue": 121493000, "grossProfit": 50674000, "researchDevelopment": {}, "sellingGeneralAdministrative": 2875000, "nonRecurring": {}, "otherOperatingExpenses": 11886000, "totalOperatingExpenses": 140805000, "operatingIncome": 31362000, "totalOtherIncomeExpenseNet": 10130000, "ebit": 31362000, "interestExpense": -382000, "incomeBeforeTax": 41492000, "incomeTaxExpense": 10618000, "minorityInterest": 5270000, "netIncomeFromContinuingOps": 30874000, "discontinuedOperations": {}, "extraordinaryItems": {}, "effectOfAccountingCharges": {}, "otherItems": {}, "netIncome": 34823000, "netIncomeApplicableToCommonShares": 34823000}, {"maxAge": 1, "endDate": "2019-09-30", "totalRevenue": 160611000, "costOfRevenue": 108230000, "grossProfit": 52381000, "researchDevelopment": {}, "sellingGeneralAdministrative": 2758000, "nonRecurring": {}, "otherOperatingExpenses": 12494000, "totalOperatingExpenses": 127798000, "operatingIncome": 32813000, "totalOtherIncomeExpenseNet": 8551000, "ebit": 32813000, "interestExpense": -1355000, "incomeBeforeTax": 41364000, "incomeTaxExpense": 2564000, "minorityInterest": -4845000, "netIncomeFromContinuingOps": 38800000, "discontinuedOperations": {}, "extraordinaryItems": {}, "effectOfAccountingCharges": {}, "otherItems": {}, "netIncome": 39768000, "netIncomeApplicableToCommonShares": 39768000}], "maxAge": 86400}, "cashflowStatementHistoryQuarterly": {"cashflowStatements": [{"maxAge": 1, "endDate": "2020-06-30", "netIncome": 60676000, "changeToLiabilities": 0}, {"maxAge": 1, "endDate": "2020-03-31", "netIncome": 60700000, "changeToLiabilities": 0}, {"maxAge": 1, "endDate": "2019-12-31", "netIncome": 34823000, "changeToLiabilities": 0}, {"maxAge": 1, "endDate": "2019-09-30", "netIncome": 39768000, "changeToLiabilities": 0}], "maxAge": 86400}, "insiderHolders": {"holders": [{"maxAge": 1, "name": "Lipsita Properties Pvt. Ltd.", "relation": "Promoter", "url": "", "transactionDescription": "Acquisition", "latestTransDate": "2020-03-31", "positionDirect": 1381500, "positionDirectDate": "2020-03-31"}], "maxAge": 1}, "earnings": {"maxAge": 86400, "earningsChart": {"quarterly": [], "earningsDate": ["2020-08-24 05:30:S"]}, "financialsChart": {"yearly": [{"date": 2017, "revenue": 950811000, "earnings": 190513000}, {"date": 2018, "revenue": 623136000, "earnings": 143807000}, {"date": 2019, "revenue": 608404000, "earnings": 156684000}, {"date": 2020, "revenue": 726838000, "earnings": 156291000}], "quarterly": [{"date": "3Q2019", "revenue": 160611000, "earnings": 39768000}, {"date": "4Q2019", "revenue": 172167000, "earnings": 34823000}, {"date": "1Q2020", "revenue": 238822000, "earnings": 60700000}, {"date": "2Q2020", "revenue": 156379000, "earnings": 60676000}]}, "financialCurrency": "INR"}, "calendarEvents": {"maxAge": 1, "earnings": {"earningsDate": ["2020-08-24 05:30:S"]}}, "price": {"maxAge": 1, "regularMarketChangePercent": -0.01369863, "regularMarketChange": -1.5, "regularMarketTime": "2021-04-30 15:29:31", "priceHint": 2, "regularMarketPrice": 108.0, "regularMarketDayHigh": 112.5, "regularMarketDayLow": 106.15, "regularMarketVolume": 12208, "averageDailyVolume10Day": 13140, "averageDailyVolume3Month": 21994, "regularMarketPreviousClose": 109.5, "regularMarketSource": "FREE_REALTIME", "regularMarketOpen": 112.0, "exchange": "BSE", "exchangeName": "BSE", "exchangeDataDelayedBy": 0, "marketState": "CLOSED", "quoteType": "EQUITY", "symbol": "ABMKNO.BO", "underlyingSymbol": null, "shortName": "ABM KNOWLEDGEWARE LTD.", "longName": "ABM Knowledgeware Limited", "currency": "INR", "quoteSourceName": "Delayed Quote", "currencySymbol": "\u20b9", "fromCurrency": null, "toCurrency": null, "lastMarket": null, "marketCap": 2160237568}, "balanceSheetHistory": {"balanceSheetStatements": [{"maxAge": 1, "endDate": "2020-03-31", "cash": 36501000, "shortTermInvestments": 107000, "netReceivables": 419743000, "inventory": 155197000, "otherCurrentAssets": 58818000, "totalCurrentAssets": 1448527000, "longTermInvestments": 105000, "propertyPlantEquipment": 448692000, "goodWill": 33545000, "intangibleAssets": 32080000, "otherAssets": 38172000, "totalAssets": 2001121000, "accountsPayable": 7993000, "otherCurrentLiab": 200783000, "otherLiab": 74826000, "minorityInterest": 5270000, "totalCurrentLiabilities": 244354000, "totalLiab": 319180000, "commonStock": 100011000, "retainedEarnings": 1571865000, "treasuryStock": 4795000, "otherStockholderEquity": 4795000, "totalStockholderEquity": 1676671000, "netTangibleAssets": 1611046000}, {"maxAge": 1, "endDate": "2019-03-31", "cash": 308773000, "shortTermInvestments": 4502000, "netReceivables": 236417000, "inventory": 84926000, "otherCurrentAssets": 114100000, "totalCurrentAssets": 1188514000, "longTermInvestments": 101000, "propertyPlantEquipment": 458074000, "goodWill": 33545000, "intangibleAssets": 21200000, "otherAssets": 20490000, "totalAssets": 1721924000, "accountsPayable": 10218000, "otherCurrentLiab": 38975000, "otherLiab": 83456000, "minorityInterest": -7392000, "totalCurrentLiabilities": 66664000, "totalLiab": 150120000, "commonStock": 100011000, "retainedEarnings": 1475858000, "treasuryStock": 3327000, "otherStockholderEquity": 3327000, "totalStockholderEquity": 1579196000, "netTangibleAssets": 1524451000}, {"maxAge": 1, "endDate": "2018-03-31", "cash": 34416000, "netReceivables": 551672000, "inventory": 56103000, "otherCurrentAssets": 70573000, "totalCurrentAssets": 1024483000, "longTermInvestments": 4428000, "propertyPlantEquipment": 474860000, "goodWill": 33545000, "intangibleAssets": 3280000, "otherAssets": 36324000, "deferredLongTermAssetCharges": 333000, "totalAssets": 1576920000, "accountsPayable": 13813000, "otherCurrentLiab": 25198000, "otherLiab": 82244000, "minorityInterest": -5599000, "totalCurrentLiabilities": 48317000, "totalLiab": 130561000, "commonStock": 100011000, "retainedEarnings": 1348682000, "treasuryStock": 3265000, "otherStockholderEquity": 3265000, "totalStockholderEquity": 1451958000, "netTangibleAssets": 1415133000}, {"maxAge": 1, "endDate": "2017-03-31", "cash": 485528000, "shortTermInvestments": 137834000, "netReceivables": 171197000, "inventory": 88499000, "otherCurrentAssets": 1179000, "totalCurrentAssets": 888835000, "longTermInvestments": 18000, "propertyPlantEquipment": 253780000, "intangibleAssets": 6302000, "otherAssets": 101224000, "totalAssets": 1250159000, "accountsPayable": 8891000, "otherCurrentLiab": 13777000, "otherLiab": 15784000, "totalCurrentLiabilities": 34232000, "totalLiab": 50016000, "commonStock": 100011000, "retainedEarnings": 1097728000, "treasuryStock": 2404000, "otherStockholderEquity": 2404000, "totalStockholderEquity": 1200143000, "netTangibleAssets": 1193841000}], "maxAge": 86400}, "earningsTrend": {"trend": [{"maxAge": 1, "period": "0q", "endDate": null, "growth": {}, "earningsEstimate": {"avg": 0.0, "low": 0.0, "high": 0.0, "yearAgoEps": {}, "numberOfAnalysts": 0, "growth": {}}, "revenueEstimate": {"avg": 0, "low": 0, "high": 0, "numberOfAnalysts": 0, "yearAgoRevenue": {}, "growth": {}}, "epsTrend": {"current": 0.0, "7daysAgo": 0.0, "30daysAgo": 0.0, "60daysAgo": 0.0, "90daysAgo": 0.0}, "epsRevisions": {"upLast7days": 0, "upLast30days": 0, "downLast30days": 0, "downLast90days": {}}}, {"maxAge": 1, "period": "+1q", "endDate": null, "growth": {}, "earningsEstimate": {"avg": 0.0, "low": 0.0, "high": 0.0, "yearAgoEps": {}, "numberOfAnalysts": 0, "growth": {}}, "revenueEstimate": {"avg": 0, "low": 0, "high": 0, "numberOfAnalysts": 0, "yearAgoRevenue": {}, "growth": {}}, "epsTrend": {"current": 0.0, "7daysAgo": 0.0, "30daysAgo": 0.0, "60daysAgo": 0.0, "90daysAgo": 0.0}, "epsRevisions": {"upLast7days": 0, "upLast30days": 0, "downLast30days": 0, "downLast90days": {}}}, {"maxAge": 1, "period": "0y", "endDate": null, "growth": {}, "earningsEstimate": {"avg": 0.0, "low": 0.0, "high": 0.0, "yearAgoEps": {}, "numberOfAnalysts": 0, "growth": {}}, "revenueEstimate": {"avg": 0, "low": 0, "high": 0, "numberOfAnalysts": 0, "yearAgoRevenue": {}, "growth": {}}, "epsTrend": {"current": 0.0, "7daysAgo": 0.0, "30daysAgo": 0.0, "60daysAgo": 0.0, "90daysAgo": 0.0}, "epsRevisions": {"upLast7days": 0, "upLast30days": 0, "downLast30days": 0, "downLast90days": {}}}, {"maxAge": 1, "period": "+1y", "endDate": null, "growth": {}, "earningsEstimate": {"avg": 0.0, "low": 0.0, "high": 0.0, "yearAgoEps": {}, "numberOfAnalysts": 0, "growth": {}}, "revenueEstimate": {"avg": 0, "low": 0, "high": 0, "numberOfAnalysts": 0, "yearAgoRevenue": {}, "growth": {}}, "epsTrend": {"current": 0.0, "7daysAgo": 0.0, "30daysAgo": 0.0, "60daysAgo": 0.0, "90daysAgo": 0.0}, "epsRevisions": {"upLast7days": 0, "upLast30days": 0, "downLast30days": 0, "downLast90days": {}}}, {"maxAge": 1, "period": "+5y", "endDate": null, "growth": {}, "earningsEstimate": {"avg": {}, "low": {}, "high": {}, "yearAgoEps": {}, "numberOfAnalysts": {}, "growth": {}}, "revenueEstimate": {"avg": {}, "low": {}, "high": {}, "numberOfAnalysts": {}, "yearAgoRevenue": {}, "growth": {}}, "epsTrend": {"current": {}, "7daysAgo": {}, "30daysAgo": {}, "60daysAgo": {}, "90daysAgo": {}}, "epsRevisions": {"upLast7days": {}, "upLast30days": {}, "downLast30days": {}, "downLast90days": {}}}, {"maxAge": 1, "period": "-5y", "endDate": null, "growth": {}, "earningsEstimate": {"avg": {}, "low": {}, "high": {}, "yearAgoEps": {}, "numberOfAnalysts": {}, "growth": {}}, "revenueEstimate": {"avg": {}, "low": {}, "high": {}, "numberOfAnalysts": {}, "yearAgoRevenue": {}, "growth": {}}, "epsTrend": {"current": {}, "7daysAgo": {}, "30daysAgo": {}, "60daysAgo": {}, "90daysAgo": {}}, "epsRevisions": {"upLast7days": {}, "upLast30days": {}, "downLast30days": {}, "downLast90days": {}}}], "maxAge": 1}, "financialData": {"maxAge": 86400, "currentPrice": 108.0, "targetHighPrice": 146.0, "targetLowPrice": 146.0, "targetMeanPrice": 146.0, "targetMedianPrice": 146.0, "recommendationKey": "none", "numberOfAnalystOpinions": 1, "grossProfits": 246250000, "financialCurrency": "INR"}}}