{"ACC.BO": {"cashflowStatementHistory": {"cashflowStatements": [{"maxAge": 1, "endDate": "2019-12-31", "netIncome": 13774100000, "depreciation": 6057600000, "changeToNetincome": 9500000, "changeToAccountReceivables": 339100000, "changeToLiabilities": -2950800000, "changeToInventory": 5310800000, "totalCashFromOperatingActivities": 22547100000, "capitalExpenditures": -5489600000, "investments": -57700000, "otherCashflowsFromInvestingActivities": 1790200000, "totalCashflowsFromInvestingActivities": -3216600000, "dividendsPaid": -2629000000, "otherCashflowsFromFinancingActivities": -1112600000, "totalCashFromFinancingActivities": -3741600000, "changeInCash": 15593200000}, {"maxAge": 1, "endDate": "2018-12-31", "netIncome": 15204700000, "depreciation": 6023500000, "changeToNetincome": -6183000000, "changeToAccountReceivables": -2683700000, "changeToLiabilities": 1567700000, "changeToInventory": -2790300000, "totalCashFromOperatingActivities": 11175400000, "capitalExpenditures": -5196800000, "investments": 396600000, "otherCashflowsFromInvestingActivities": 930100000, "totalCashflowsFromInvestingActivities": -3644400000, "dividendsPaid": -2816800000, "otherCashflowsFromFinancingActivities": -987800000, "totalCashFromFinancingActivities": -3804600000, "changeInCash": 3735500000}, {"maxAge": 1, "endDate": "2017-12-31", "netIncome": 9244100000, "depreciation": 6428300000, "changeToNetincome": 734400000, "changeToAccountReceivables": -7794800000, "changeToLiabilities": 8625000000, "changeToInventory": -1737600000, "totalCashFromOperatingActivities": 15544500000, "capitalExpenditures": -5349000000, "investments": 623700000, "otherCashflowsFromInvestingActivities": 785000000, "totalCashflowsFromInvestingActivities": -3795600000, "dividendsPaid": -3192400000, "otherCashflowsFromFinancingActivities": -1065400000, "totalCashFromFinancingActivities": -4257800000, "changeInCash": 7500300000}, {"maxAge": 1, "endDate": "2016-12-31", "netIncome": 6582900000, "depreciation": 6088200000, "changeToNetincome": -646900000, "changeToAccountReceivables": -696600000, "changeToLiabilities": 3005900000, "changeToInventory": -478900000, "totalCashFromOperatingActivities": 13895400000, "capitalExpenditures": -5221500000, "investments": -1116700000, "otherCashflowsFromInvestingActivities": 779700000, "totalCashflowsFromInvestingActivities": -5345200000, "dividendsPaid": -3192100000, "otherCashflowsFromFinancingActivities": -1109000000, "totalCashFromFinancingActivities": -4298800000, "changeInCash": 4251500000, "issuanceOfStock": 2300000}], "maxAge": 86400}, "institutionOwnership": {"maxAge": 1, "ownershipList": []}, "balanceSheetHistoryQuarterly": {"balanceSheetStatements": [{"maxAge": 1, "endDate": "2020-09-30"}, {"maxAge": 1, "endDate": "2020-06-30", "cash": 48308800000, "netReceivables": 10359800000, "inventory": 12496600000, "otherCurrentAssets": 7069100000, "totalCurrentAssets": 78234300000, "longTermInvestments": 6368300000, "propertyPlantEquipment": 73818100000, "goodWill": 155700000, "intangibleAssets": 401700000, "otherAssets": 15254100000, "totalAssets": 174232200000, "accountsPayable": 14898900000, "otherCurrentLiab": 30506100000, "otherLiab": 8764100000, "minorityInterest": 32100000, "totalCurrentLiabilities": 45745400000, "totalLiab": 55475900000, "commonStock": 1879900000, "treasuryStock": 116844300000, "otherStockholderEquity": 116844300000, "totalStockholderEquity": 118724200000, "netTangibleAssets": 118166800000}, {"maxAge": 1, "endDate": "2020-03-31", "totalStockholderEquity": 115437700000, "netTangibleAssets": 114939300000}, {"maxAge": 1, "endDate": "2019-12-31", "cash": 44925300000, "shortTermInvestments": 2800000, "netReceivables": 9713200000, "inventory": 11419300000, "otherCurrentAssets": 8861900000, "totalCurrentAssets": 75345700000, "longTermInvestments": 1164400000, "propertyPlantEquipment": 74225600000, "goodWill": 155700000, "intangibleAssets": 342700000, "otherAssets": 20125700000, "totalAssets": 171359800000, "accountsPayable": 14749800000, "otherCurrentLiab": 20110700000, "otherLiab": 8908200000, "minorityInterest": 31600000, "totalCurrentLiabilities": 46982300000, "totalLiab": 55890500000, "commonStock": 1877900000, "retainedEarnings": 105101200000, "treasuryStock": 8300000, "capitalSurplus": 8450300000, "otherStockholderEquity": 8300000, "totalStockholderEquity": 115437700000, "netTangibleAssets": 114939300000}], "maxAge": 86400}, "indexTrend": {"maxAge": 1, "symbol": "SP5", "peRatio": 19.7411, "pegRatio": 1.34172, "estimates": [{"period": "0q", "growth": 0.549}, {"period": "+1q", "growth": 0.431}, {"period": "0y", "growth": 0.305}, {"period": "+1y", "growth": 0.109}, {"period": "+5y", "growth": 0.120865}, {"period": "-5y"}]}, "insiderTransactions": {"transactions": [{"maxAge": 1, "shares": 3100, "filerUrl": "", "transactionText": "", "filerName": "Haribhakti (Shailesh V)", "filerRelation": "Director (Non-Executive)", "moneyText": "", "startDate": "2018-10-26", "ownership": "D"}], "maxAge": 1}, "quoteType": {"exchange": "BSE", "quoteType": "EQUITY", "symbol": "ACC.BO", "underlyingSymbol": "ACC.BO", "shortName": "ACC LTD.", "longName": "ACC Limited", "firstTradeDateEpochUtc": "2000-01-03 09:15:00", "timeZoneFullName": "Asia/Kolkata", "timeZoneShortName": "IST", "uuid": "b3acecfb-fe6a-32fc-a487-a25b16a77579", "messageBoardId": null, "gmtOffSetMilliseconds": 19800000, "maxAge": 1}, "incomeStatementHistory": {"incomeStatementHistory": [{"maxAge": 1, "endDate": "2019-12-31", "totalRevenue": 156575500000, "costOfRevenue": 60057500000, "grossProfit": 96518000000, "researchDevelopment": {}, "sellingGeneralAdministrative": 51483200000, "nonRecurring": {}, "otherOperatingExpenses": 20950900000, "totalOperatingExpenses": 138556000000, "operatingIncome": 18019500000, "totalOtherIncomeExpenseNet": 2505700000, "ebit": 18019500000, "interestExpense": -587100000, "incomeBeforeTax": 20525200000, "incomeTaxExpense": 6749800000, "minorityInterest": 31600000, "netIncomeFromContinuingOps": 13775400000, "discontinuedOperations": {}, "extraordinaryItems": {}, "effectOfAccountingCharges": {}, "otherItems": {}, "netIncome": 13774100000, "netIncomeApplicableToCommonShares": 13774100000}, {"maxAge": 1, "endDate": "2018-12-31", "totalRevenue": 148016200000, "costOfRevenue": 55055500000, "grossProfit": 92960700000, "researchDevelopment": {}, "sellingGeneralAdministrative": 50246200000, "nonRecurring": {}, "otherOperatingExpenses": 21569900000, "totalOperatingExpenses": 132903800000, "operatingIncome": 15112400000, "totalOtherIncomeExpenseNet": -11300000, "ebit": 15112400000, "interestExpense": -661700000, "incomeBeforeTax": 15101100000, "incomeTaxExpense": -105100000, "minorityInterest": 30300000, "netIncomeFromContinuingOps": 15206200000, "discontinuedOperations": {}, "extraordinaryItems": {}, "effectOfAccountingCharges": {}, "otherItems": {}, "netIncome": 15204700000, "netIncomeApplicableToCommonShares": 15204700000}, {"maxAge": 1, "endDate": "2017-12-31", "totalRevenue": 132851300000, "costOfRevenue": 48520300000, "grossProfit": 84331000000, "researchDevelopment": {}, "sellingGeneralAdministrative": 44905400000, "nonRecurring": {}, "otherOperatingExpenses": 20653900000, "totalOperatingExpenses": 120515800000, "operatingIncome": 12335500000, "totalOtherIncomeExpenseNet": 765100000, "ebit": 12335500000, "interestExpense": -887100000, "incomeBeforeTax": 13100600000, "incomeTaxExpense": 3855500000, "minorityInterest": 28800000, "netIncomeFromContinuingOps": 9245100000, "discontinuedOperations": {}, "extraordinaryItems": {}, "effectOfAccountingCharges": {}, "otherItems": {}, "netIncome": 9244100000, "netIncomeApplicableToCommonShares": 9244100000}, {"maxAge": 1, "endDate": "2016-12-31", "totalRevenue": 109897200000, "costOfRevenue": 39341400000, "grossProfit": 70555800000, "researchDevelopment": {}, "sellingGeneralAdministrative": 36147700000, "nonRecurring": {}, "otherOperatingExpenses": 19707700000, "totalOperatingExpenses": 101288600000, "operatingIncome": 8608600000, "totalOtherIncomeExpenseNet": 244500000, "ebit": 8608600000, "interestExpense": -689000000, "incomeBeforeTax": 8853100000, "incomeTaxExpense": 2268900000, "minorityInterest": 27800000, "netIncomeFromContinuingOps": 6584200000, "discontinuedOperations": {}, "extraordinaryItems": {}, "effectOfAccountingCharges": {}, "otherItems": {}, "netIncome": 6582900000, "netIncomeApplicableToCommonShares": 6582900000}], "maxAge": 86400}, "fundOwnership": {"maxAge": 1, "ownershipList": []}, "summaryDetail": {"maxAge": 1, "priceHint": 2, "previousClose": 1875.8, "open": 1866.0, "dayLow": 1855.4, "dayHigh": 1902.85, "regularMarketPreviousClose": 1875.8, "regularMarketOpen": 1866.0, "regularMarketDayLow": 1855.4, "regularMarketDayHigh": 1902.85, "trailingPE": 28.777388, "volume": 20841, "regularMarketVolume": 20841, "averageVolume": 52739, "averageVolume10days": 45691, "averageDailyVolume10Day": 45691, "bid": 1875.0, "ask": 1880.15, "bidSize": 0, "askSize": 0, "marketCap": 353471496192, "fiftyTwoWeekLow": 895.5, "fiftyTwoWeekHigh": 1902.85, "fiftyDayAverage": 1728.3329, "twoHundredDayAverage": 1579.9211, "trailingAnnualDividendRate": 14.0, "trailingAnnualDividendYield": 0.007463482, "currency": "INR", "fromCurrency": null, "toCurrency": null, "lastMarket": null, "algorithm": null, "tradeable": false}, "incomeStatementHistoryQuarterly": {"incomeStatementHistory": [{"maxAge": 1, "endDate": "2020-09-30", "totalRevenue": 35828200000, "costOfRevenue": 13102500000, "grossProfit": 22725700000, "researchDevelopment": {}, "sellingGeneralAdministrative": 10656400000, "nonRecurring": {}, "otherOperatingExpenses": 4900000000, "totalOperatingExpenses": 30267300000, "operatingIncome": 5560900000, "totalOtherIncomeExpenseNet": -154200000, "ebit": 5560900000, "interestExpense": -160200000, "incomeBeforeTax": 5406700000, "incomeTaxExpense": 1768200000, "minorityInterest": {}, "netIncomeFromContinuingOps": 3638500000, "discontinuedOperations": {}, "extraordinaryItems": {}, "effectOfAccountingCharges": {}, "otherItems": {}, "netIncome": 3638400000, "netIncomeApplicableToCommonShares": 3638400000}, {"maxAge": 1, "endDate": "2020-06-30", "totalRevenue": 26022400000, "costOfRevenue": 9566400000, "grossProfit": 16456000000, "researchDevelopment": {}, "sellingGeneralAdministrative": 7775200000, "nonRecurring": {}, "otherOperatingExpenses": 3427200000, "totalOperatingExpenses": 22395500000, "operatingIncome": 3626900000, "totalOtherIncomeExpenseNet": 404200000, "ebit": 3626900000, "interestExpense": -130700000, "incomeBeforeTax": 4031100000, "incomeTaxExpense": 1321600000, "minorityInterest": 32100000, "netIncomeFromContinuingOps": 2709500000, "discontinuedOperations": {}, "extraordinaryItems": {}, "effectOfAccountingCharges": {}, "otherItems": {}, "netIncome": 2709200000, "netIncomeApplicableToCommonShares": 2709200000}, {"maxAge": 1, "endDate": "2020-03-31", "totalRevenue": 35017100000, "costOfRevenue": 12098400000, "grossProfit": 22918700000, "researchDevelopment": {}, "sellingGeneralAdministrative": 11504700000, "nonRecurring": {}, "otherOperatingExpenses": 5549200000, "totalOperatingExpenses": 30731800000, "operatingIncome": 4285300000, "totalOtherIncomeExpenseNet": 475500000, "ebit": 4285300000, "interestExpense": -106000000, "incomeBeforeTax": 4760800000, "incomeTaxExpense": 1530600000, "minorityInterest": 32100000, "netIncomeFromContinuingOps": 3230200000, "discontinuedOperations": {}, "extraordinaryItems": {}, "effectOfAccountingCharges": {}, "otherItems": {}, "netIncome": 3230000000, "netIncomeApplicableToCommonShares": 3230000000}, {"maxAge": 1, "endDate": "2019-12-31", "totalRevenue": 40603100000, "costOfRevenue": 18451900000, "grossProfit": 22151200000, "researchDevelopment": {}, "sellingGeneralAdministrative": 14675600000, "nonRecurring": {}, "otherOperatingExpenses": 2109900000, "totalOperatingExpenses": 36845500000, "operatingIncome": 3757600000, "totalOtherIncomeExpenseNet": 375500000, "ebit": 3757600000, "interestExpense": -17000000, "incomeBeforeTax": 4133100000, "incomeTaxExpense": 1400300000, "minorityInterest": 31600000, "netIncomeFromContinuingOps": 2732800000, "discontinuedOperations": {}, "extraordinaryItems": {}, "effectOfAccountingCharges": {}, "otherItems": {}, "netIncome": 2732500000, "netIncomeApplicableToCommonShares": 2732500000}], "maxAge": 86400}, "cashflowStatementHistoryQuarterly": {"cashflowStatements": [{"maxAge": 1, "endDate": "2020-09-30", "netIncome": 3638400000, "changeToLiabilities": 0}, {"maxAge": 1, "endDate": "2020-06-30", "netIncome": 2709200000, "changeToLiabilities": 0}, {"maxAge": 1, "endDate": "2020-03-31", "netIncome": 3230000000, "changeToLiabilities": 0}, {"maxAge": 1, "endDate": "2019-12-31", "netIncome": 2732500000, "changeToLiabilities": 0}], "maxAge": 86400}, "insiderHolders": {"holders": [{"maxAge": 1, "name": "Haribhakti (Shailesh V)", "relation": "Director (Non-Executive)", "url": "", "transactionDescription": "Sale", "latestTransDate": "2018-10-26", "positionDirectDate": "2018-10-26"}], "maxAge": 1}, "calendarEvents": {"maxAge": 1, "earnings": {"earningsDate": ["2020-02-03 05:30:S", "2020-02-07 05:30:S"]}}, "price": {"maxAge": 1, "regularMarketChangePercent": 0.0034651882, "regularMarketChange": 6.5, "regularMarketTime": "2021-04-30 15:29:43", "priceHint": 2, "regularMarketPrice": 1882.3, "regularMarketDayHigh": 1902.85, "regularMarketDayLow": 1855.4, "regularMarketVolume": 20841, "averageDailyVolume10Day": 45691, "averageDailyVolume3Month": 52739, "regularMarketPreviousClose": 1875.8, "regularMarketSource": "FREE_REALTIME", "regularMarketOpen": 1866.0, "exchange": "BSE", "exchangeName": "BSE", "exchangeDataDelayedBy": 0, "marketState": "CLOSED", "quoteType": "EQUITY", "symbol": "ACC.BO", "underlyingSymbol": null, "shortName": "ACC LTD.", "longName": "ACC Limited", "currency": "INR", "quoteSourceName": "Delayed Quote", "currencySymbol": "\u20b9", "fromCurrency": null, "toCurrency": null, "lastMarket": null, "marketCap": 353471496192}, "balanceSheetHistory": {"balanceSheetStatements": [{"maxAge": 1, "endDate": "2019-12-31", "cash": 44925300000, "shortTermInvestments": 2800000, "netReceivables": 9713200000, "inventory": 11419300000, "otherCurrentAssets": 8861900000, "totalCurrentAssets": 75345700000, "longTermInvestments": 1164400000, "propertyPlantEquipment": 74225600000, "goodWill": 155700000, "intangibleAssets": 342700000, "otherAssets": 20125700000, "totalAssets": 171359800000, "accountsPayable": 14749800000, "otherCurrentLiab": 20110700000, "otherLiab": 8908200000, "minorityInterest": 31600000, "totalCurrentLiabilities": 46982300000, "totalLiab": 55890500000, "commonStock": 1877900000, "retainedEarnings": 105101200000, "treasuryStock": 8300000, "capitalSurplus": 8450300000, "otherStockholderEquity": 8300000, "totalStockholderEquity": 115437700000, "netTangibleAssets": 114939300000}, {"maxAge": 1, "endDate": "2018-12-31", "cash": 29332100000, "shortTermInvestments": 4500000, "netReceivables": 12188700000, "inventory": 16793900000, "otherCurrentAssets": 8275200000, "totalCurrentAssets": 66844400000, "longTermInvestments": 1043600000, "propertyPlantEquipment": 74329600000, "goodWill": 155700000, "intangibleAssets": 374200000, "otherAssets": 17812000000, "totalAssets": 160559500000, "accountsPayable": 19262600000, "otherCurrentLiab": 16136600000, "otherLiab": 8148600000, "minorityInterest": 30300000, "totalCurrentLiabilities": 47061600000, "totalLiab": 55210200000, "commonStock": 1877900000, "retainedEarnings": 94988800000, "treasuryStock": 2000000, "capitalSurplus": 8450300000, "otherStockholderEquity": 2000000, "totalStockholderEquity": 105319000000, "netTangibleAssets": 104789100000}, {"maxAge": 1, "endDate": "2017-12-31", "cash": 25596600000, "shortTermInvestments": 3400000, "netReceivables": 7587900000, "inventory": 14047800000, "otherCurrentAssets": 9089300000, "totalCurrentAssets": 56549200000, "longTermInvestments": 949200000, "propertyPlantEquipment": 74937100000, "goodWill": 155700000, "intangibleAssets": 400300000, "otherAssets": 15465900000, "totalAssets": 148457400000, "accountsPayable": 18137400000, "otherCurrentLiab": 23137600000, "otherLiab": 6943500000, "minorityInterest": 28800000, "totalCurrentLiabilities": 47926600000, "totalLiab": 54870100000, "commonStock": 1877900000, "retainedEarnings": 83228300000, "treasuryStock": 2000000, "capitalSurplus": 8450300000, "otherStockholderEquity": 2000000, "totalStockholderEquity": 93558500000, "netTangibleAssets": 93002500000}, {"maxAge": 1, "endDate": "2016-12-31", "cash": 18101200000, "netReceivables": 5911000000, "inventory": 12246300000, "otherCurrentAssets": 4788700000, "totalCurrentAssets": 41047200000, "longTermInvestments": 1172400000, "propertyPlantEquipment": 77854600000, "goodWill": 155700000, "intangibleAssets": 277200000, "otherAssets": 13432300000, "totalAssets": 133939400000, "accountsPayable": 12584900000, "otherCurrentLiab": 22545900000, "otherLiab": 5976700000, "minorityInterest": 27800000, "totalCurrentLiabilities": 39800600000, "totalLiab": 45777300000, "commonStock": 1877900000, "retainedEarnings": 77960400000, "treasuryStock": -154300000, "capitalSurplus": 8450300000, "otherStockholderEquity": -154300000, "totalStockholderEquity": 88134300000, "netTangibleAssets": 87701400000}], "maxAge": 86400}, "financialData": {"maxAge": 86400, "currentPrice": 1882.3, "recommendationKey": "none", "grossProfits": 96518000000, "financialCurrency": "INR"}}}