{"ACCELYA.BO": {"cashflowStatementHistory": {"cashflowStatements": [{"maxAge": 1, "endDate": "2020-06-30", "netIncome": 868094576, "depreciation": 253917211, "changeToNetincome": 50311400, "changeToAccountReceivables": -74648257, "changeToLiabilities": 106025191, "changeToOperatingActivities": 34903570, "totalCashFromOperatingActivities": 1309151656, "capitalExpenditures": -472181948, "investments": -157971097, "otherCashflowsFromInvestingActivities": 13941000, "totalCashflowsFromInvestingActivities": -612530916, "dividendsPaid": -373156525, "netBorrowings": -48976774, "otherCashflowsFromFinancingActivities": -108272120, "totalCashFromFinancingActivities": -530405419, "effectOfExchangeRate": 7021231, "changeInCash": 173236552}, {"maxAge": 1, "endDate": "2019-06-30", "netIncome": 1063780137, "depreciation": 88989071, "changeToNetincome": -99835363, "changeToAccountReceivables": -4840524, "changeToLiabilities": 65225374, "changeToOperatingActivities": -322030299, "totalCashFromOperatingActivities": 869301575, "capitalExpenditures": -250486604, "investments": 199311420, "otherCashflowsFromInvestingActivities": 16180104, "totalCashflowsFromInvestingActivities": -34401962, "dividendsPaid": -731386789, "netBorrowings": -48976774, "otherCashflowsFromFinancingActivities": -132246846, "totalCashFromFinancingActivities": -863633635, "effectOfExchangeRate": 827623, "changeInCash": -27906399}, {"maxAge": 1, "endDate": "2018-06-30", "netIncome": 891794187, "depreciation": 83868812, "changeToNetincome": 99705440, "changeToAccountReceivables": -44418990, "changeToLiabilities": 53163258, "changeToOperatingActivities": -30898022, "totalCashFromOperatingActivities": 1112864957, "capitalExpenditures": -203782356, "investments": 31460559, "otherCashflowsFromInvestingActivities": 33590400, "totalCashflowsFromInvestingActivities": -138117242, "dividendsPaid": -806018094, "netBorrowings": -48976774, "otherCashflowsFromFinancingActivities": -138064931, "totalCashFromFinancingActivities": -944083025, "effectOfExchangeRate": 261340, "changeInCash": 30926030}, {"maxAge": 1, "endDate": "2017-06-30", "netIncome": 972468090, "depreciation": 77840993, "changeToNetincome": -91441210, "changeToAccountReceivables": -179535962, "changeToLiabilities": 111512816, "changeToOperatingActivities": -30572718, "totalCashFromOperatingActivities": 926186198, "capitalExpenditures": -103301712, "investments": -177062480, "otherCashflowsFromInvestingActivities": 15672734, "totalCashflowsFromInvestingActivities": -263794750, "dividendsPaid": -611976701, "netBorrowings": -48976774, "otherCashflowsFromFinancingActivities": -118440740, "totalCashFromFinancingActivities": -730417441, "effectOfExchangeRate": 3858366, "changeInCash": -64167627}], "maxAge": 86400}, "institutionOwnership": {"maxAge": 1, "ownershipList": []}, "balanceSheetHistoryQuarterly": {"balanceSheetStatements": [{"maxAge": 1, "endDate": "2020-06-30", "cash": 387781516, "shortTermInvestments": 179067698, "netReceivables": 1206659050, "otherCurrentAssets": 61070621, "totalCurrentAssets": 2045508629, "longTermInvestments": 60000, "propertyPlantEquipment": 841918625, "goodWill": 296099834, "intangibleAssets": 287230945, "otherAssets": 226986496, "deferredLongTermAssetCharges": 78380997, "totalAssets": 3697804529, "accountsPayable": 352945476, "otherCurrentLiab": 200009474, "otherLiab": 48092282, "deferredLongTermLiab": 5134599, "totalCurrentLiabilities": 803417149, "totalLiab": 1250252143, "commonStock": 149262610, "retainedEarnings": 1971761368, "treasuryStock": 9544310, "capitalSurplus": 316984098, "otherStockholderEquity": 9544310, "totalStockholderEquity": 2447552386, "netTangibleAssets": 1864221607}, {"maxAge": 1, "endDate": "2020-03-31", "totalStockholderEquity": 2351760000, "netTangibleAssets": 1799203000}, {"maxAge": 1, "endDate": "2019-12-31", "cash": 237715000, "shortTermInvestments": 245466000, "netReceivables": 970029000, "otherCurrentAssets": 543984000, "totalCurrentAssets": 1997194000, "longTermInvestments": 54353000, "propertyPlantEquipment": 964376000, "goodWill": 300802000, "intangibleAssets": 251755000, "otherAssets": 216558000, "deferredLongTermAssetCharges": 66149000, "totalAssets": 3785038000, "accountsPayable": 365023000, "otherCurrentLiab": 464600000, "otherLiab": 54576000, "totalCurrentLiabilities": 936132000, "totalLiab": 1433278000, "commonStock": 149269000, "treasuryStock": 2202491000, "otherStockholderEquity": 2202491000, "totalStockholderEquity": 2351760000, "netTangibleAssets": 1799203000}, {"maxAge": 1, "endDate": "2019-09-30", "totalStockholderEquity": 1975612304, "netTangibleAssets": 1461886539}], "maxAge": 86400}, "indexTrend": {"maxAge": 1, "symbol": "SP5", "peRatio": 19.7411, "pegRatio": 1.34172, "estimates": [{"period": "0q", "growth": 0.549}, {"period": "+1q", "growth": 0.431}, {"period": "0y", "growth": 0.305}, {"period": "+1y", "growth": 0.109}, {"period": "+5y", "growth": 0.120865}, {"period": "-5y"}]}, "insiderTransactions": {"transactions": [{"maxAge": 1, "shares": 1795, "filerUrl": "", "transactionText": "", "filerName": "Gala (Arun Shantilal)", "filerRelation": "UNREPORTED", "moneyText": "", "startDate": "2019-09-26", "ownership": "D"}, {"maxAge": 1, "shares": 1245, "filerUrl": "", "transactionText": "", "filerName": "Gala (Arun Shantilal)", "filerRelation": "UNREPORTED", "moneyText": "", "startDate": "2019-09-25", "ownership": "D"}, {"maxAge": 1, "shares": 92, "filerUrl": "", "transactionText": "", "filerName": "Gala (Arun Shantilal) HUF", "filerRelation": "UNREPORTED", "moneyText": "", "startDate": "2019-09-23", "ownership": "D"}], "maxAge": 1}, "quoteType": {"exchange": "BSE", "quoteType": "EQUITY", "symbol": "ACCELYA.BO", "underlyingSymbol": "ACCELYA.BO", "shortName": "ACCELYA SOLUTIONS INDIA LIMITE", "longName": "Accelya Solutions India Limited", "firstTradeDateEpochUtc": "2000-01-03 09:15:00", "timeZoneFullName": "Asia/Kolkata", "timeZoneShortName": "IST", "uuid": "8ef33c97-7b7c-3397-9cd3-f8a7653037fb", "messageBoardId": null, "gmtOffSetMilliseconds": 19800000, "maxAge": 1}, "incomeStatementHistory": {"incomeStatementHistory": [{"maxAge": 1, "endDate": "2020-06-30", "totalRevenue": 4120281542, "costOfRevenue": 1329309456, "grossProfit": 2790972086, "researchDevelopment": {}, "sellingGeneralAdministrative": 138102116, "nonRecurring": {}, "otherOperatingExpenses": 1085962072, "totalOperatingExpenses": 2877838820, "operatingIncome": 1242442722, "totalOtherIncomeExpenseNet": -39079529, "ebit": 1242442722, "interestExpense": -55469192, "incomeBeforeTax": 1203363193, "incomeTaxExpense": 335268617, "minorityInterest": {}, "netIncomeFromContinuingOps": 868094576, "discontinuedOperations": {}, "extraordinaryItems": {}, "effectOfAccountingCharges": {}, "otherItems": {}, "netIncome": 868094576, "netIncomeApplicableToCommonShares": 868094576}, {"maxAge": 1, "endDate": "2019-06-30", "totalRevenue": 4330246845, "costOfRevenue": 1392589659, "grossProfit": 2937657186, "researchDevelopment": {}, "sellingGeneralAdministrative": 233900290, "nonRecurring": {}, "otherOperatingExpenses": 1001204675, "totalOperatingExpenses": 2794696874, "operatingIncome": 1535549971, "totalOtherIncomeExpenseNet": 84391742, "ebit": 1535549971, "interestExpense": -55469192, "incomeBeforeTax": 1619941713, "incomeTaxExpense": 556161576, "minorityInterest": {}, "netIncomeFromContinuingOps": 1063780137, "discontinuedOperations": {}, "extraordinaryItems": {}, "effectOfAccountingCharges": {}, "otherItems": {}, "netIncome": 1063780137, "netIncomeApplicableToCommonShares": 1063780137}, {"maxAge": 1, "endDate": "2018-06-30", "totalRevenue": 3825299960, "costOfRevenue": 1380439204, "grossProfit": 2444860756, "researchDevelopment": {}, "sellingGeneralAdministrative": 119337302, "nonRecurring": {}, "otherOperatingExpenses": 808498443, "totalOperatingExpenses": 2451794033, "operatingIncome": 1373505927, "totalOtherIncomeExpenseNet": 10157669, "ebit": 1373505927, "interestExpense": -55469192, "incomeBeforeTax": 1383663596, "incomeTaxExpense": 491869409, "minorityInterest": {}, "netIncomeFromContinuingOps": 891794187, "discontinuedOperations": {}, "extraordinaryItems": {}, "effectOfAccountingCharges": {}, "otherItems": {}, "netIncome": 891794187, "netIncomeApplicableToCommonShares": 891794187}, {"maxAge": 1, "endDate": "2017-06-30", "totalRevenue": 3673974834, "costOfRevenue": 1401680800, "grossProfit": 2272294034, "researchDevelopment": {}, "sellingGeneralAdministrative": 112008362, "nonRecurring": {}, "otherOperatingExpenses": 714344165, "totalOperatingExpenses": 2372980007, "operatingIncome": 1300994827, "totalOtherIncomeExpenseNet": 203097882, "ebit": 1300994827, "interestExpense": -55469192, "incomeBeforeTax": 1504092709, "incomeTaxExpense": 531624619, "minorityInterest": {}, "netIncomeFromContinuingOps": 972468090, "discontinuedOperations": {}, "extraordinaryItems": {}, "effectOfAccountingCharges": {}, "otherItems": {}, "netIncome": 972468090, "netIncomeApplicableToCommonShares": 972468090}], "maxAge": 86400}, "fundOwnership": {"maxAge": 1, "ownershipList": [{"maxAge": 1, "reportDate": "2020-07-31", "organization": "DFA Emerging Markets Small Cap Series", "pctHeld": 0.0002, "position": 3300, "value": 3256605}, {"maxAge": 1, "reportDate": "2020-07-31", "organization": "DFA Emerging Markets Core Equity Portfolio", "pctHeld": 0.0002, "position": 3197, "value": 3154959}]}, "summaryDetail": {"maxAge": 1, "priceHint": 2, "previousClose": 957.15, "open": 940.0, "dayLow": 917.0, "dayHigh": 968.85, "regularMarketPreviousClose": 957.15, "regularMarketOpen": 940.0, "regularMarketDayLow": 917.0, "regularMarketDayHigh": 968.85, "trailingPE": 15.906394, "volume": 5326, "regularMarketVolume": 5326, "averageVolume": 1113, "averageVolume10days": 2111, "averageDailyVolume10Day": 2111, "bid": 916.0, "ask": 939.0, "bidSize": 0, "askSize": 0, "marketCap": 13808319488, "fiftyTwoWeekLow": 800.5, "fiftyTwoWeekHigh": 1087.35, "fiftyDayAverage": 939.27716, "twoHundredDayAverage": 962.4679, "trailingAnnualDividendRate": 10.0, "trailingAnnualDividendYield": 0.010447683, "currency": "INR", "fromCurrency": null, "toCurrency": null, "lastMarket": null, "algorithm": null, "tradeable": false}, "incomeStatementHistoryQuarterly": {"incomeStatementHistory": [{"maxAge": 1, "endDate": "2020-06-30", "totalRevenue": 628338542, "costOfRevenue": 268279456, "grossProfit": 360059086, "researchDevelopment": {}, "sellingGeneralAdministrative": 138102116, "nonRecurring": {}, "otherOperatingExpenses": 66449072, "totalOperatingExpenses": 557857820, "operatingIncome": 70480722, "totalOtherIncomeExpenseNet": -21310529, "ebit": 70480722, "interestExpense": -13402192, "incomeBeforeTax": 49170193, "incomeTaxExpense": 13599617, "minorityInterest": {}, "netIncomeFromContinuingOps": 35570576, "discontinuedOperations": {}, "extraordinaryItems": {}, "effectOfAccountingCharges": {}, "otherItems": {}, "netIncome": 35570576, "netIncomeApplicableToCommonShares": 35570576}, {"maxAge": 1, "endDate": "2020-03-31", "totalRevenue": 1138122000, "costOfRevenue": 325520000, "grossProfit": 812602000, "researchDevelopment": {}, "sellingGeneralAdministrative": 138102116, "nonRecurring": {}, "otherOperatingExpenses": 396884000, "totalOperatingExpenses": 809227000, "operatingIncome": 328895000, "totalOtherIncomeExpenseNet": -6212000, "ebit": 328895000, "interestExpense": -14041000, "incomeBeforeTax": 322683000, "incomeTaxExpense": 85950000, "minorityInterest": {}, "netIncomeFromContinuingOps": 236733000, "discontinuedOperations": {}, "extraordinaryItems": {}, "effectOfAccountingCharges": {}, "otherItems": {}, "netIncome": 236733000, "netIncomeApplicableToCommonShares": 236733000}, {"maxAge": 1, "endDate": "2019-12-31", "totalRevenue": 1136017000, "costOfRevenue": 364332000, "grossProfit": 771685000, "researchDevelopment": {}, "sellingGeneralAdministrative": 138102116, "nonRecurring": {}, "otherOperatingExpenses": 318613000, "totalOperatingExpenses": 763470000, "operatingIncome": 372547000, "totalOtherIncomeExpenseNet": -4929000, "ebit": 372547000, "interestExpense": -14055000, "incomeBeforeTax": 367618000, "incomeTaxExpense": 97401000, "minorityInterest": {}, "netIncomeFromContinuingOps": 270217000, "discontinuedOperations": {}, "extraordinaryItems": {}, "effectOfAccountingCharges": {}, "otherItems": {}, "netIncome": 270217000, "netIncomeApplicableToCommonShares": 270217000}, {"maxAge": 1, "endDate": "2019-09-30", "totalRevenue": 1217806000, "costOfRevenue": 371178000, "grossProfit": 846628000, "researchDevelopment": {}, "sellingGeneralAdministrative": 138102116, "nonRecurring": {}, "otherOperatingExpenses": 304016000, "totalOperatingExpenses": 747285000, "operatingIncome": 470521000, "totalOtherIncomeExpenseNet": -6628000, "ebit": 470521000, "interestExpense": -13971000, "incomeBeforeTax": 463893000, "incomeTaxExpense": 138317000, "minorityInterest": {}, "netIncomeFromContinuingOps": 325576000, "discontinuedOperations": {}, "extraordinaryItems": {}, "effectOfAccountingCharges": {}, "otherItems": {}, "netIncome": 325576000, "netIncomeApplicableToCommonShares": 325576000}], "maxAge": 86400}, "cashflowStatementHistoryQuarterly": {"cashflowStatements": [{"maxAge": 1, "endDate": "2020-06-30", "netIncome": 35570576, "changeToLiabilities": 0}, {"maxAge": 1, "endDate": "2020-03-31", "netIncome": 236733000, "changeToLiabilities": 0}, {"maxAge": 1, "endDate": "2019-12-31", "netIncome": 270217000, "changeToLiabilities": 0}, {"maxAge": 1, "endDate": "2019-09-30", "netIncome": 325576000, "changeToLiabilities": 0}], "maxAge": 86400}, "insiderHolders": {"holders": [{"maxAge": 1, "name": "Gala (Arun Shantilal)", "relation": "UNREPORTED", "url": "", "transactionDescription": "Acquisition", "latestTransDate": "2019-09-26", "positionDirect": 3040, "positionDirectDate": "2019-09-26"}, {"maxAge": 1, "name": "Gala (Arun Shantilal) HUF", "relation": "UNREPORTED", "url": "", "transactionDescription": "Acquisition", "latestTransDate": "2019-09-23", "positionDirect": 92, "positionDirectDate": "2019-09-23"}], "maxAge": 1}, "calendarEvents": {"maxAge": 1, "earnings": {"earningsDate": ["2019-08-01 05:30:S", "2019-08-05 05:30:S"]}}, "price": {"maxAge": 1, "regularMarketChangePercent": -0.033484876, "regularMarketChange": -32.05005, "regularMarketTime": "2021-04-30 15:40:31", "priceHint": 2, "regularMarketPrice": 925.1, "regularMarketDayHigh": 968.85, "regularMarketDayLow": 917.0, "regularMarketVolume": 5326, "averageDailyVolume10Day": 2111, "averageDailyVolume3Month": 1113, "regularMarketPreviousClose": 957.15, "regularMarketSource": "FREE_REALTIME", "regularMarketOpen": 940.0, "exchange": "BSE", "exchangeName": "BSE", "exchangeDataDelayedBy": 0, "marketState": "CLOSED", "quoteType": "EQUITY", "symbol": "ACCELYA.BO", "underlyingSymbol": null, "shortName": "ACCELYA SOLUTIONS INDIA LIMITE", "longName": "Accelya Solutions India Limited", "currency": "INR", "quoteSourceName": "Delayed Quote", "currencySymbol": "\u20b9", "fromCurrency": null, "toCurrency": null, "lastMarket": null, "marketCap": 13808319488}, "balanceSheetHistory": {"balanceSheetStatements": [{"maxAge": 1, "endDate": "2020-06-30", "cash": 387781516, "shortTermInvestments": 179067698, "netReceivables": 1206659050, "otherCurrentAssets": 61070621, "totalCurrentAssets": 2045508629, "longTermInvestments": 60000, "propertyPlantEquipment": 841918625, "goodWill": 296099834, "intangibleAssets": 287230945, "otherAssets": 226986496, "deferredLongTermAssetCharges": 78380997, "totalAssets": 3697804529, "accountsPayable": 352945476, "otherCurrentLiab": 200009474, "otherLiab": 48092282, "deferredLongTermLiab": 5134599, "totalCurrentLiabilities": 803417149, "totalLiab": 1250252143, "commonStock": 149262610, "retainedEarnings": 1971761368, "treasuryStock": 9544310, "capitalSurplus": 316984098, "otherStockholderEquity": 9544310, "totalStockholderEquity": 2447552386, "netTangibleAssets": 1864221607}, {"maxAge": 1, "endDate": "2019-06-30", "cash": 214544964, "shortTermInvestments": 38673, "netReceivables": 1266361810, "otherCurrentAssets": 77076524, "totalCurrentAssets": 1818416581, "longTermInvestments": 60000, "propertyPlantEquipment": 203180513, "goodWill": 279633162, "intangibleAssets": 234092603, "otherAssets": 202333393, "deferredLongTermAssetCharges": 50948788, "totalAssets": 2737716252, "accountsPayable": 267203346, "otherCurrentLiab": 246884423, "otherLiab": 41619108, "deferredLongTermLiab": 8565929, "totalCurrentLiabilities": 720484840, "totalLiab": 762103948, "commonStock": 149262610, "retainedEarnings": 1499821286, "treasuryStock": 9544310, "capitalSurplus": 316984098, "otherStockholderEquity": 9544310, "totalStockholderEquity": 1975612304, "netTangibleAssets": 1461886539}, {"maxAge": 1, "endDate": "2018-06-30", "cash": 242451363, "shortTermInvestments": 36437, "netReceivables": 934004984, "otherCurrentAssets": 90236935, "totalCurrentAssets": 1683306753, "longTermInvestments": 60000, "propertyPlantEquipment": 213125576, "goodWill": 287481583, "intangibleAssets": 194882982, "otherAssets": 172542504, "deferredLongTermAssetCharges": 50463421, "totalAssets": 2551399398, "accountsPayable": 218551939, "otherCurrentLiab": 278655807, "otherLiab": 68443884, "deferredLongTermLiab": 11761369, "totalCurrentLiabilities": 687057312, "totalLiab": 755501196, "commonStock": 149262610, "retainedEarnings": 1320107184, "treasuryStock": 9544310, "capitalSurplus": 316984098, "otherStockholderEquity": 9544310, "totalStockholderEquity": 1795898202, "netTangibleAssets": 1313533637}, {"maxAge": 1, "endDate": "2017-06-30", "cash": 211527482, "shortTermInvestments": 2534288, "netReceivables": 845581184, "otherCurrentAssets": 176317039, "totalCurrentAssets": 1696680594, "longTermInvestments": 60000, "propertyPlantEquipment": 244446926, "goodWill": 267699244, "intangibleAssets": 117862698, "otherAssets": 150799153, "totalAssets": 2477548615, "accountsPayable": 172574644, "otherCurrentLiab": 264197480, "otherLiab": 67395172, "deferredLongTermLiab": 14483369, "totalCurrentLiabilities": 600314143, "totalLiab": 667709315, "commonStock": 149262610, "retainedEarnings": 1334048282, "treasuryStock": 9544310, "capitalSurplus": 316984098, "otherStockholderEquity": 9544310, "totalStockholderEquity": 1809839300, "netTangibleAssets": 1424277358}], "maxAge": 86400}, "financialData": {"maxAge": 86400, "currentPrice": 925.1, "recommendationKey": "none", "grossProfits": 2790972086, "financialCurrency": "INR"}}}