{"ACCEL.BO": {"cashflowStatementHistory": {"cashflowStatements": [{"maxAge": 1, "endDate": "2020-03-31", "netIncome": -55121900, "depreciation": 14866343, "changeToNetincome": 3062202, "changeToAccountReceivables": -9653749, "changeToLiabilities": 20973723, "changeToInventory": 871444, "changeToOperatingActivities": -1631596, "totalCashFromOperatingActivities": -26633533, "capitalExpenditures": -213275719, "otherCashflowsFromInvestingActivities": 4689312, "totalCashflowsFromInvestingActivities": -208586407, "netBorrowings": 124639328, "otherCashflowsFromFinancingActivities": 34680866, "totalCashFromFinancingActivities": 159320194, "changeInCash": -75899746}, {"maxAge": 1, "endDate": "2019-03-31", "netIncome": 51408908, "depreciation": 15477378, "changeToNetincome": -15807809, "changeToAccountReceivables": 3734579, "changeToLiabilities": -10281437, "changeToInventory": -130491, "changeToOperatingActivities": -3642178, "totalCashFromOperatingActivities": 41506377, "capitalExpenditures": -117452792, "otherCashflowsFromInvestingActivities": 13252507, "totalCashflowsFromInvestingActivities": -90048903, "dividendsPaid": -27490176, "netBorrowings": -61939975, "otherCashflowsFromFinancingActivities": 29191587, "totalCashFromFinancingActivities": -60238564, "changeInCash": -108781090}, {"maxAge": 1, "endDate": "2018-03-31", "netIncome": 51829709, "depreciation": 20243151, "changeToNetincome": -115894799, "changeToAccountReceivables": -2941254, "changeToLiabilities": -77166927, "changeToInventory": 367221, "changeToOperatingActivities": -48223354, "totalCashFromOperatingActivities": -171786253, "capitalExpenditures": -24457661, "otherCashflowsFromInvestingActivities": -70897197, "totalCashflowsFromInvestingActivities": 146453307, "dividendsPaid": -27490176, "netBorrowings": 55718813, "otherCashflowsFromFinancingActivities": 181673213, "totalCashFromFinancingActivities": 237392026, "changeInCash": 212059080}, {"maxAge": 1, "endDate": "2017-03-31", "netIncome": -34951124, "depreciation": 18082068, "changeToNetincome": -23178848, "changeToAccountReceivables": -8130961, "changeToLiabilities": 92237980, "changeToInventory": -729788, "changeToOperatingActivities": -71275438, "totalCashFromOperatingActivities": -27946111, "capitalExpenditures": -14991145, "investments": 1607938, "otherCashflowsFromInvestingActivities": 20319199, "totalCashflowsFromInvestingActivities": 11900281, "dividendsPaid": -27490176, "netBorrowings": 642922, "otherCashflowsFromFinancingActivities": 12748012, "totalCashFromFinancingActivities": 13390934, "changeInCash": -2654897}], "maxAge": 86400}, "institutionOwnership": {"ownershipList": [], "maxAge": 1}, "balanceSheetHistoryQuarterly": {"balanceSheetStatements": [{"maxAge": 1, "endDate": "2020-06-30", "totalStockholderEquity": 598327610, "netTangibleAssets": 547393444}, {"maxAge": 1, "endDate": "2020-03-31", "cash": 42254384, "shortTermInvestments": 95733070, "netReceivables": 21385496, "inventory": 315008, "otherCurrentAssets": 10140146, "totalCurrentAssets": 169828104, "longTermInvestments": 77580132, "propertyPlantEquipment": 612880090, "goodWill": 25048502, "intangibleAssets": 25885664, "totalAssets": 911222492, "accountsPayable": 36652472, "otherCurrentLiab": 43543259, "longTermDebt": 166516685, "otherLiab": 1250026, "minorityInterest": 3545573, "totalCurrentLiabilities": 141582598, "totalLiab": 309349309, "commonStock": 114014802, "treasuryStock": 484312808, "otherStockholderEquity": 484312808, "totalStockholderEquity": 598327610, "netTangibleAssets": 547393444}, {"maxAge": 1, "endDate": "2019-12-31", "totalStockholderEquity": 631783706, "netTangibleAssets": 600633074}, {"maxAge": 1, "endDate": "2019-09-30", "cash": 59452038, "shortTermInvestments": 40944724, "netReceivables": 11837203, "otherCurrentAssets": 5482567, "totalCurrentAssets": 117716532, "longTermInvestments": 105534387, "propertyPlantEquipment": 492437254, "goodWill": 6048502, "intangibleAssets": 25102130, "otherAssets": 9297196, "totalAssets": 756136001, "accountsPayable": 29454093, "otherCurrentLiab": 20643023, "longTermDebt": 3037107, "otherLiab": 1143190, "minorityInterest": -1335149, "totalCurrentLiabilities": 121507147, "totalLiab": 125687444, "commonStock": 114014802, "treasuryStock": 517768904, "otherStockholderEquity": 517768904, "totalStockholderEquity": 631783706, "netTangibleAssets": 600633074}], "maxAge": 86400}, "indexTrend": {"maxAge": 1, "symbol": "SP5", "peRatio": 19.7411, "pegRatio": 1.34172, "estimates": [{"period": "0q", "growth": 0.549}, {"period": "+1q", "growth": 0.431}, {"period": "0y", "growth": 0.305}, {"period": "+1y", "growth": 0.109}, {"period": "+5y", "growth": 0.120859005}, {"period": "-5y"}]}, "insiderTransactions": {"transactions": [{"maxAge": 1, "shares": 28566222, "filerUrl": "", "transactionText": "", "filerName": "Panicker (N R)", "filerRelation": "UNREPORTED", "moneyText": "", "startDate": "2019-06-25", "ownership": "D"}, {"maxAge": 1, "shares": 267792, "filerUrl": "", "transactionText": "", "filerName": "Harikrishna (R)", "filerRelation": "Promoter", "moneyText": "", "startDate": "2019-06-14", "ownership": "D"}, {"maxAge": 1, "shares": 88067, "filerUrl": "", "transactionText": "", "filerName": "Panicker (Harikrishna)", "filerRelation": "UNREPORTED", "moneyText": "", "startDate": "2019-03-08", "ownership": "D"}, {"maxAge": 1, "shares": 142141, "filerUrl": "", "transactionText": "", "filerName": "Panicker (Harikrishna)", "filerRelation": "UNREPORTED", "moneyText": "", "startDate": "2019-03-06", "ownership": "D"}, {"maxAge": 1, "shares": 78324, "filerUrl": "", "transactionText": "", "filerName": "Panicker (N R)", "filerRelation": "Non Executive Chairman", "moneyText": "", "startDate": "2015-02-23", "ownership": "D"}, {"maxAge": 1, "shares": 200000, "filerUrl": "", "transactionText": "", "filerName": "Panicker (N R)", "filerRelation": "Non Executive Chairman", "moneyText": "", "startDate": "2015-02-04", "ownership": "D"}, {"maxAge": 1, "shares": 10500, "filerUrl": "", "transactionText": "", "filerName": "Panicker (N R)", "filerRelation": "Non Executive Chairman", "moneyText": "", "startDate": "2014-09-01", "ownership": "D"}, {"maxAge": 1, "shares": 36000, "filerUrl": "", "transactionText": "", "filerName": "Chandrasekaran (K R)", "filerRelation": "UNREPORTED", "moneyText": "", "startDate": "2014-02-21", "ownership": "D"}, {"maxAge": 1, "shares": 100000, "filerUrl": "", "transactionText": "", "filerName": "Harikrishna (R)", "filerRelation": "Promoter", "moneyText": "", "startDate": "2013-12-19", "ownership": "D"}, {"maxAge": 1, "shares": 100000, "filerUrl": "", "transactionText": "", "filerName": "Panicker (N R)", "filerRelation": "Non Executive Chairman", "moneyText": "", "startDate": "2013-12-19", "ownership": "D"}, {"maxAge": 1, "shares": 507918, "filerUrl": "", "transactionText": "", "filerName": "Panicker (N R)", "filerRelation": "Chairman of the Board", "moneyText": "", "startDate": "2011-03-24", "ownership": "D"}], "maxAge": 1}, "quoteType": {"exchange": "BSE", "quoteType": "EQUITY", "symbol": "ACCEL.BO", "underlyingSymbol": "ACCEL.BO", "shortName": "ACCEL LIMITED", "longName": "Accel Transmatic Limited", "firstTradeDateEpochUtc": "2000-11-08 09:15:00", "timeZoneFullName": "Asia/Kolkata", "timeZoneShortName": "IST", "uuid": "ba2bffca-7e50-3ccb-9bc8-32c8aad113d7", "gmtOffSetMilliseconds": 19800000, "maxAge": 1}, "incomeStatementHistory": {"incomeStatementHistory": [{"maxAge": 1, "endDate": "2020-03-31", "totalRevenue": 149098100, "costOfRevenue": 70294700, "grossProfit": 78803400, "researchDevelopment": {}, "sellingGeneralAdministrative": 78265300, "nonRecurring": {}, "otherOperatingExpenses": 40953700, "totalOperatingExpenses": 204380000, "operatingIncome": -55281900, "totalOtherIncomeExpenseNet": 320900, "ebit": -55281900, "interestExpense": -7998600, "incomeBeforeTax": -54961000, "incomeTaxExpense": 160900, "minorityInterest": 3545573, "netIncomeFromContinuingOps": -55121900, "discontinuedOperations": {}, "extraordinaryItems": {}, "effectOfAccountingCharges": {}, "otherItems": {}, "netIncome": -55121900, "netIncomeApplicableToCommonShares": -55121900}, {"maxAge": 1, "endDate": "2019-03-31", "totalRevenue": 67525251, "costOfRevenue": 6595127, "grossProfit": 60930124, "researchDevelopment": {}, "sellingGeneralAdministrative": 61385174, "nonRecurring": {}, "otherOperatingExpenses": 32920728, "totalOperatingExpenses": 117125834, "operatingIncome": -49600583, "totalOtherIncomeExpenseNet": 96914734, "ebit": -49600583, "interestExpense": -3904815, "incomeBeforeTax": 47314151, "incomeTaxExpense": 12503, "minorityInterest": 299986, "netIncomeFromContinuingOps": 47301648, "discontinuedOperations": {}, "extraordinaryItems": {}, "effectOfAccountingCharges": {}, "otherItems": {}, "netIncome": 51408908, "netIncomeApplicableToCommonShares": 51408908}, {"maxAge": 1, "endDate": "2018-03-31", "totalRevenue": 77424275, "costOfRevenue": 64701999, "grossProfit": 12722276, "researchDevelopment": {}, "sellingGeneralAdministrative": 24155999, "nonRecurring": {}, "otherOperatingExpenses": 32423851, "totalOperatingExpenses": 141525000, "operatingIncome": -64100725, "totalOtherIncomeExpenseNet": 106195640, "ebit": -64100725, "interestExpense": -9351467, "incomeBeforeTax": 42094915, "incomeTaxExpense": 45785, "minorityInterest": 5792578, "netIncomeFromContinuingOps": 42049130, "discontinuedOperations": {}, "extraordinaryItems": {}, "effectOfAccountingCharges": {}, "otherItems": {}, "netIncome": 51829709, "netIncomeApplicableToCommonShares": 51829709}, {"maxAge": 1, "endDate": "2017-03-31", "totalRevenue": 58495085, "costOfRevenue": 14278975, "grossProfit": 44216110, "researchDevelopment": {}, "sellingGeneralAdministrative": 47204048, "nonRecurring": {}, "otherOperatingExpenses": 33324008, "totalOperatingExpenses": 112889099, "operatingIncome": -54394014, "totalOtherIncomeExpenseNet": 14797341, "ebit": -54394014, "interestExpense": -7632662, "incomeBeforeTax": -39596673, "incomeTaxExpense": 0, "minorityInterest": 5274680, "netIncomeFromContinuingOps": -39596673, "discontinuedOperations": {}, "extraordinaryItems": {}, "effectOfAccountingCharges": {}, "otherItems": {}, "netIncome": -34951124, "netIncomeApplicableToCommonShares": -34951124}], "maxAge": 86400}, "fundOwnership": {"ownershipList": [], "maxAge": 1}, "summaryDetail": {"maxAge": 1, "priceHint": 2, "previousClose": 14.1, "open": 14.1, "dayLow": 13.5, "dayHigh": 14.1, "regularMarketPreviousClose": 14.1, "regularMarketOpen": 14.1, "regularMarketDayLow": 13.5, "regularMarketDayHigh": 14.1, "volume": 2294, "regularMarketVolume": 2294, "averageVolume": 10749, "averageVolume10days": 13710, "averageDailyVolume10Day": 13710, "bid": 13.7, "ask": 14.1, "bidSize": 0, "askSize": 0, "marketCap": 803804352, "fiftyTwoWeekLow": 3.25, "fiftyTwoWeekHigh": 14.59, "fiftyDayAverage": 9.2548485, "twoHundredDayAverage": 9.846985, "trailingAnnualDividendRate": 0.4, "trailingAnnualDividendYield": 0.028368793, "currency": "INR", "fromCurrency": null, "lastMarket": null, "algorithm": null, "tradeable": false}, "incomeStatementHistoryQuarterly": {"incomeStatementHistory": [{"maxAge": 1, "endDate": "2020-06-30", "totalRevenue": 13179900, "costOfRevenue": 6372500, "grossProfit": 6807400, "researchDevelopment": {}, "sellingGeneralAdministrative": 10115100, "nonRecurring": {}, "otherOperatingExpenses": 5905000, "totalOperatingExpenses": 25870000, "operatingIncome": -12690100, "totalOtherIncomeExpenseNet": -2227800, "ebit": -12690100, "interestExpense": -2403500, "incomeBeforeTax": -14917900, "incomeTaxExpense": 0, "minorityInterest": {}, "netIncomeFromContinuingOps": -14917900, "discontinuedOperations": {}, "extraordinaryItems": {}, "effectOfAccountingCharges": {}, "otherItems": {}, "netIncome": -13327200, "netIncomeApplicableToCommonShares": -13327200}, {"maxAge": 1, "endDate": "2020-03-31", "totalRevenue": 100752200, "costOfRevenue": 68054800, "grossProfit": 32697400, "researchDevelopment": {}, "sellingGeneralAdministrative": 32937500, "nonRecurring": {}, "otherOperatingExpenses": 13542400, "totalOperatingExpenses": 119301000, "operatingIncome": -18548800, "totalOtherIncomeExpenseNet": 1294800, "ebit": -18548800, "interestExpense": -2681100, "incomeBeforeTax": -17254000, "incomeTaxExpense": 197100, "minorityInterest": 3545573, "netIncomeFromContinuingOps": -17451100, "discontinuedOperations": {}, "extraordinaryItems": {}, "effectOfAccountingCharges": {}, "otherItems": {}, "netIncome": -17451100, "netIncomeApplicableToCommonShares": -17451100}, {"maxAge": 1, "endDate": "2019-12-31", "totalRevenue": 13929000, "costOfRevenue": 390200, "grossProfit": 13538800, "researchDevelopment": {}, "sellingGeneralAdministrative": 17139500, "nonRecurring": {}, "otherOperatingExpenses": 10182700, "totalOperatingExpenses": 31085000, "operatingIncome": -17156000, "totalOtherIncomeExpenseNet": -1907500, "ebit": -17156000, "interestExpense": -3421700, "incomeBeforeTax": -19063500, "incomeTaxExpense": 0, "minorityInterest": 3545573, "netIncomeFromContinuingOps": -19063500, "discontinuedOperations": {}, "extraordinaryItems": {}, "effectOfAccountingCharges": {}, "otherItems": {}, "netIncome": -16240100, "netIncomeApplicableToCommonShares": -16240100}, {"maxAge": 1, "endDate": "2019-09-30", "totalRevenue": 19993500, "costOfRevenue": 1295800, "grossProfit": 18697700, "researchDevelopment": {}, "sellingGeneralAdministrative": 14286300, "nonRecurring": {}, "otherOperatingExpenses": 7777600, "totalOperatingExpenses": 26734500, "operatingIncome": -6741000, "totalOtherIncomeExpenseNet": 444700, "ebit": -6741000, "interestExpense": -884200, "incomeBeforeTax": -6296300, "incomeTaxExpense": 0, "minorityInterest": -1335149, "netIncomeFromContinuingOps": -6296300, "discontinuedOperations": {}, "extraordinaryItems": {}, "effectOfAccountingCharges": {}, "otherItems": {}, "netIncome": -5670400, "netIncomeApplicableToCommonShares": -5670400}], "maxAge": 86400}, "cashflowStatementHistoryQuarterly": {"cashflowStatements": [{"maxAge": 1, "endDate": "2020-06-30", "netIncome": -13327200, "changeToLiabilities": 0}, {"maxAge": 1, "endDate": "2020-03-31", "netIncome": -17451100, "changeToLiabilities": 0}, {"maxAge": 1, "endDate": "2019-12-31", "netIncome": -16240100, "changeToLiabilities": 0}, {"maxAge": 1, "endDate": "2019-09-30", "netIncome": -5670400, "changeToLiabilities": 0}], "maxAge": 86400}, "insiderHolders": {"holders": [{"maxAge": 1, "name": "Chandrasekaran (K R)", "relation": "UNREPORTED", "url": "", "transactionDescription": "Other", "latestTransDate": "2014-02-21", "positionDirect": 36000, "positionDirectDate": "2014-02-21"}, {"maxAge": 1, "name": "Harikrishna (R)", "relation": "Promoter", "url": "", "transactionDescription": "Acquisition", "latestTransDate": "2019-06-14", "positionDirect": 498000, "positionDirectDate": "2019-06-14"}, {"maxAge": 1, "name": "Panicker (Harikrishna)", "relation": "UNREPORTED", "url": "", "transactionDescription": "Acquisition", "latestTransDate": "2019-03-08", "positionDirect": 230208, "positionDirectDate": "2019-03-08"}, {"maxAge": 1, "name": "Panicker (N R)", "relation": "UNREPORTED", "url": "", "transactionDescription": "Other", "latestTransDate": "2019-06-25", "positionDirect": 29481032, "positionDirectDate": "2019-06-25"}], "maxAge": 1}, "calendarEvents": {"maxAge": 1, "earnings": {"earningsDate": ["2020-09-14 05:30:S"]}}, "upgradeDowngradeHistory": {"history": [], "maxAge": 86400}, "price": {"maxAge": 1, "regularMarketChangePercent": 0.0, "regularMarketChange": 0.0, "regularMarketTime": "2021-04-30 15:28:33", "priceHint": 2, "regularMarketPrice": 14.1, "regularMarketDayHigh": 14.1, "regularMarketDayLow": 13.5, "regularMarketVolume": 2294, "averageDailyVolume10Day": 13710, "averageDailyVolume3Month": 10749, "regularMarketPreviousClose": 14.1, "regularMarketSource": "FREE_REALTIME", "regularMarketOpen": 14.1, "exchange": "BSE", "exchangeName": "BSE", "exchangeDataDelayedBy": 0, "marketState": "CLOSED", "quoteType": "EQUITY", "symbol": "ACCEL.BO", "underlyingSymbol": null, "shortName": "ACCEL LIMITED", "longName": "Accel Transmatic Limited", "currency": "INR", "quoteSourceName": "Delayed Quote", "currencySymbol": "\u20b9", "fromCurrency": null, "lastMarket": null, "marketCap": 803804352}, "balanceSheetHistory": {"balanceSheetStatements": [{"maxAge": 1, "endDate": "2020-03-31", "cash": 42254384, "shortTermInvestments": 95733070, "netReceivables": 21385496, "inventory": 315008, "otherCurrentAssets": 10140146, "totalCurrentAssets": 169828104, "longTermInvestments": 77580132, "propertyPlantEquipment": 612880090, "goodWill": 25048502, "intangibleAssets": 25885664, "totalAssets": 911222492, "accountsPayable": 36652472, "otherCurrentLiab": 43543259, "longTermDebt": 166516685, "otherLiab": 1250026, "minorityInterest": 3545573, "totalCurrentLiabilities": 141582598, "totalLiab": 309349309, "commonStock": 114014802, "treasuryStock": 484312808, "otherStockholderEquity": 484312808, "totalStockholderEquity": 598327610, "netTangibleAssets": 547393444}, {"maxAge": 1, "endDate": "2019-03-31", "cash": 6451415, "shortTermInvestments": 111702715, "netReceivables": 28814324, "inventory": 1186452, "otherCurrentAssets": 84301068, "totalCurrentAssets": 234371657, "longTermInvestments": 39223922, "propertyPlantEquipment": 418343414, "goodWill": 8669861, "intangibleAssets": 25515401, "otherAssets": 7490759, "totalAssets": 733615014, "accountsPayable": 15678749, "shortLongTermDebt": 4194152, "otherCurrentLiab": 5357612, "longTermDebt": 41877357, "otherLiab": 780023, "minorityInterest": 299986, "totalCurrentLiabilities": 42905618, "totalLiab": 85562998, "commonStock": 114014802, "retainedEarnings": 163593792, "treasuryStock": 330043832, "capitalSurplus": 40099604, "otherStockholderEquity": 330043832, "totalStockholderEquity": 647752030, "netTangibleAssets": 613566768}, {"maxAge": 1, "endDate": "2018-03-31", "cash": 205034067, "shortTermInvestments": 21901153, "netReceivables": 29861092, "inventory": 1055961, "otherCurrentAssets": 79351600, "totalCurrentAssets": 338245722, "longTermInvestments": 87393879, "propertyPlantEquipment": 100017790, "goodWill": 2854582, "intangibleAssets": 28407515, "otherAssets": 15910471, "totalAssets": 572829959, "accountsPayable": 25960186, "shortLongTermDebt": 2499944, "otherCurrentLiab": 6571195, "longTermDebt": 18599719, "otherLiab": 15922780, "minorityInterest": 5792578, "totalCurrentLiabilities": 141787799, "totalLiab": 176310298, "commonStock": 114014802, "retainedEarnings": 150160946, "treasuryStock": 95378280, "capitalSurplus": 31173055, "otherStockholderEquity": 95378280, "totalStockholderEquity": 390727083, "netTangibleAssets": 359464986}, {"maxAge": 1, "endDate": "2017-03-31", "cash": 14876140, "netReceivables": 32025136, "inventory": 1423182, "otherCurrentAssets": 58088138, "totalCurrentAssets": 107716627, "longTermInvestments": 87114196, "propertyPlantEquipment": 148128200, "intangibleAssets": 18597558, "otherAssets": 207348164, "totalAssets": 568904745, "accountsPayable": 103645011, "shortLongTermDebt": 10646927, "otherCurrentLiab": 19535229, "longTermDebt": 46159071, "otherLiab": 29901004, "minorityInterest": 5274680, "totalCurrentLiabilities": 154606779, "totalLiab": 230666854, "commonStock": 114014802, "retainedEarnings": 108111816, "treasuryStock": 95378280, "capitalSurplus": 15458313, "otherStockholderEquity": 95378280, "totalStockholderEquity": 332963211, "netTangibleAssets": 314365653}], "maxAge": 86400}, "financialData": {"maxAge": 86400, "currentPrice": 14.1, "recommendationKey": "none", "grossProfits": 78803400, "financialCurrency": "INR"}}}