{"ACCURACY.NS": {"assetProfile": {"address1": "ASL House, Plot No 11", "address2": "Survey No 42 Near Genus Factory Indian Oil Pump Road,Meghpar Borichi", "city": "Anjar", "zip": "370110", "country": "India", "phone": "91 28 3625 8251", "fax": "91 28 3625 8253", "website": "http://www.aslindia.net", "industry": "Integrated Freight & Logistics", "sector": "Industrials", "longBusinessSummary": "Accuracy Shipping Limited provides third party logistics solutions worldwide. The company offers logistics services, including transportation, distribution, freight forwarding, clearing and forwarding, custom house clearance, warehousing, and other services. Its services include air cargo services, such as import customs, brokerage, insurance, consolidation, packing, and logistics; sea cargo services consisting of shipment tracking, purchase order management, and space protection; project cargo comprising freight management, cargo handling, and cargo movement; land cargo services; and custom broking services. The company was incorporated in 2000 and is headquartered in Anjar, India.", "fullTimeEmployees": 211, "companyOfficers": [{"maxAge": 1, "name": "Mr. Vinay Dinanath Tripathi", "age": 38, "title": "Chairman & MD", "yearBorn": 1982, "fiscalYear": 2020, "totalPay": 315000, "exercisedValue": 0, "unexercisedValue": 0}, {"maxAge": 1, "name": "Ms. Rama Vinay Tripathi", "age": 34, "title": "Whole Time Director", "yearBorn": 1986, "fiscalYear": 2020, "totalPay": 315000, "exercisedValue": 0, "unexercisedValue": 0}, {"maxAge": 1, "name": "Mr. Hiren Vijay Sukhwani", "age": 28, "title": "Chief Financial Officer", "yearBorn": 1992, "fiscalYear": 2017, "exercisedValue": 0, "unexercisedValue": 0}, {"maxAge": 1, "name": "Ms. Shipra  Jhanwar", "age": 32, "title": "Company Sec. & Compliance Officer", "yearBorn": 1988, "exercisedValue": 0, "unexercisedValue": 0}], "compensationAsOfEpochDate": "2020-12-31 05:30:00", "maxAge": 86400}, "cashflowStatementHistory": {"cashflowStatements": [{"maxAge": 1, "endDate": "2020-03-31", "netIncome": 40710000, "depreciation": 158450000, "changeToNetincome": 78900000, "changeToAccountReceivables": -134870000, "changeToLiabilities": 41380000, "changeToInventory": -4280000, "changeToOperatingActivities": -176330000, "totalCashFromOperatingActivities": 3960000, "capitalExpenditures": -101070000, "otherCashflowsFromInvestingActivities": 7400000, "totalCashflowsFromInvestingActivities": -90730000, "netBorrowings": 152200000, "otherCashflowsFromFinancingActivities": -73770000, "totalCashFromFinancingActivities": 78430000, "changeInCash": -8330000}, {"maxAge": 1, "endDate": "2019-03-31", "netIncome": 80600000, "depreciation": 158450000, "changeToNetincome": 78900000, "changeToAccountReceivables": -134870000, "changeToLiabilities": 0, "changeToInventory": -4280000, "changeToOperatingActivities": -176330000, "totalCashFromOperatingActivities": 3960000, "capitalExpenditures": -101070000, "otherCashflowsFromInvestingActivities": 7400000, "totalCashflowsFromInvestingActivities": -90730000, "netBorrowings": 152200000, "otherCashflowsFromFinancingActivities": -73770000, "totalCashFromFinancingActivities": 78430000, "changeInCash": -8330000}, {"maxAge": 1, "endDate": "2018-03-31", "netIncome": 103650445, "depreciation": 77823511, "changeToNetincome": 80019759, "changeToAccountReceivables": -99285519, "changeToLiabilities": -61850439, "changeToInventory": -3431685, "changeToOperatingActivities": -31274890, "totalCashFromOperatingActivities": 65881616, "capitalExpenditures": -304044402, "otherCashflowsFromInvestingActivities": 1818939, "totalCashflowsFromInvestingActivities": -300279944, "netBorrowings": 261729024, "otherCashflowsFromFinancingActivities": -33983037, "totalCashFromFinancingActivities": 238945987, "changeInCash": 4547659, "issuanceOfStock": 11200000}, {"maxAge": 1, "endDate": "2017-03-31", "netIncome": 14125570, "depreciation": 54617011, "changeToNetincome": 36104381, "changeToAccountReceivables": -93430717, "changeToLiabilities": 67766297, "changeToInventory": -3431685, "changeToOperatingActivities": -55398868, "totalCashFromOperatingActivities": 23969704, "capitalExpenditures": -60154259, "otherCashflowsFromInvestingActivities": -139132, "totalCashflowsFromInvestingActivities": -52512886, "netBorrowings": -3902570, "otherCashflowsFromFinancingActivities": -23101297, "totalCashFromFinancingActivities": 32996133, "changeInCash": 4452951, "issuanceOfStock": 60000000}], "maxAge": 86400}, "institutionOwnership": {"maxAge": 1, "ownershipList": []}, "majorHoldersBreakdown": {"maxAge": 1}, "balanceSheetHistoryQuarterly": {"balanceSheetStatements": [{"maxAge": 1, "endDate": "2020-12-31", "totalStockholderEquity": 744360000, "netTangibleAssets": 742930000}, {"maxAge": 1, "endDate": "2020-09-30", "cash": 13180000, "netReceivables": 1317710000, "inventory": 10020000, "otherCurrentAssets": 550000, "totalCurrentAssets": 1341460000, "longTermInvestments": 5650000, "propertyPlantEquipment": 505990000, "intangibleAssets": 1430000, "otherAssets": 25080000, "totalAssets": 1879610000, "accountsPayable": 214190000, "otherCurrentLiab": 53860000, "longTermDebt": 469800000, "otherLiab": 6700000, "minorityInterest": 1170000, "totalCurrentLiabilities": 657580000, "totalLiab": 1134080000, "commonStock": 150560000, "treasuryStock": 593800000, "otherStockholderEquity": 593800000, "totalStockholderEquity": 744360000, "netTangibleAssets": 742930000}, {"maxAge": 1, "endDate": "2020-06-30", "cash": 13180000, "netReceivables": 1317710000, "inventory": 10020000, "otherCurrentAssets": 550000, "totalCurrentAssets": 1341460000, "longTermInvestments": 5650000, "propertyPlantEquipment": 505990000, "intangibleAssets": 1430000, "otherAssets": 25080000, "totalAssets": 1879610000, "accountsPayable": 214190000, "otherCurrentLiab": 53860000, "longTermDebt": 469800000, "otherLiab": 6700000, "minorityInterest": 1170000, "totalCurrentLiabilities": 657580000, "totalLiab": 1134080000, "commonStock": 150560000, "treasuryStock": 593800000, "otherStockholderEquity": 593800000, "totalStockholderEquity": 744360000, "netTangibleAssets": 742930000}, {"maxAge": 1, "endDate": "2020-03-31", "cash": 8110000, "netReceivables": 976960000, "inventory": 12470000, "otherCurrentAssets": 240400000, "totalCurrentAssets": 1259840000, "longTermInvestments": 5470000, "propertyPlantEquipment": 536940000, "intangibleAssets": 1580000, "otherAssets": 16110000, "totalAssets": 1819940000, "accountsPayable": 183630000, "shortLongTermDebt": 90030000, "otherCurrentLiab": 35540000, "longTermDebt": 434460000, "otherLiab": 7910000, "minorityInterest": 810000, "totalCurrentLiabilities": 641640000, "totalLiab": 1084010000, "commonStock": 150560000, "retainedEarnings": 264890000, "capitalSurplus": 319670000, "totalStockholderEquity": 735120000, "netTangibleAssets": 733540000}], "maxAge": 86400}, "indexTrend": {"maxAge": 1, "symbol": "SP5", "peRatio": 19.7411, "pegRatio": 1.34172, "estimates": [{"period": "0q", "growth": 0.549}, {"period": "+1q", "growth": 0.431}, {"period": "0y", "growth": 0.305}, {"period": "+1y", "growth": 0.109}, {"period": "+5y", "growth": 0.120865}, {"period": "-5y"}]}, "defaultKeyStatistics": {"maxAge": 1, "priceHint": 2, "enterpriseValue": 1738410880, "profitMargins": 0.016210001, "floatShares": 4501252, "beta": 1.737593, "category": null, "bookValue": 49.669, "priceToBook": 1.1908838, "fundFamily": null, "legalType": null, "lastFiscalYearEnd": "2020-03-31 05:30:00", "nextFiscalYearEnd": "2022-03-31 05:30:00", "mostRecentQuarter": "2020-12-31 05:30:00", "earningsQuarterlyGrowth": 3.81, "netIncomeToCommon": 52964464, "trailingEps": 3.52, "lastSplitFactor": null, "enterpriseToRevenue": 0.532, "enterpriseToEbitda": 5.937, "52WeekChange": 0.63287675, "SandP52WeekChange": 0.48148263, "lastDividendValue": 1.0, "lastDividendDate": 1533168000}, "summaryProfile": {"address1": "ASL House, Plot No 11", "address2": "Survey No 42 Near Genus Factory Indian Oil Pump Road,Meghpar Borichi", "city": "Anjar", "zip": "370110", "country": "India", "phone": "91 28 3625 8251", "fax": "91 28 3625 8253", "website": "http://www.aslindia.net", "industry": "Integrated Freight & Logistics", "sector": "Industrials", "longBusinessSummary": "Accuracy Shipping Limited provides third party logistics solutions worldwide. The company offers logistics services, including transportation, distribution, freight forwarding, clearing and forwarding, custom house clearance, warehousing, and other services. Its services include air cargo services, such as import customs, brokerage, insurance, consolidation, packing, and logistics; sea cargo services consisting of shipment tracking, purchase order management, and space protection; project cargo comprising freight management, cargo handling, and cargo movement; land cargo services; and custom broking services. The company was incorporated in 2000 and is headquartered in Anjar, India.", "fullTimeEmployees": 211, "companyOfficers": [], "maxAge": 86400}, "netSharePurchaseActivity": {"maxAge": 1, "period": "6m", "buyInfoCount": 0, "buyInfoShares": 0, "sellInfoCount": 0, "netInfoCount": 0, "netInfoShares": 0, "totalInsiderShares": 0}, "quoteType": {"exchange": "NSI", "quoteType": "EQUITY", "symbol": "ACCURACY.NS", "underlyingSymbol": "ACCURACY.NS", "shortName": "Accuracy Shipping Limited", "longName": "Accuracy Shipping Limited", "firstTradeDateEpochUtc": "2018-07-06 09:15:00", "timeZoneFullName": "Asia/Kolkata", "timeZoneShortName": "IST", "uuid": "c74ee5b9-b086-33b5-9376-4543d28e6854", "messageBoardId": "finmb_556092476", "gmtOffSetMilliseconds": 19800000, "maxAge": 1}, "incomeStatementHistory": {"incomeStatementHistory": [{"maxAge": 1, "endDate": "2020-03-31", "totalRevenue": 3483810000, "costOfRevenue": 3124630000, "grossProfit": 359180000, "researchDevelopment": {}, "sellingGeneralAdministrative": 3100000, "nonRecurring": {}, "otherOperatingExpenses": 73310000, "totalOperatingExpenses": 3359490000, "operatingIncome": 124320000, "totalOtherIncomeExpenseNet": -70260000, "ebit": 124320000, "interestExpense": -73770000, "incomeBeforeTax": 54060000, "incomeTaxExpense": 12860000, "minorityInterest": 810000, "netIncomeFromContinuingOps": 41200000, "discontinuedOperations": {}, "extraordinaryItems": {}, "effectOfAccountingCharges": {}, "otherItems": {}, "netIncome": 40710000, "netIncomeApplicableToCommonShares": 40710000}, {"maxAge": 1, "endDate": "2019-03-31", "totalRevenue": 3387290000, "costOfRevenue": 3078560000, "grossProfit": 308730000, "researchDevelopment": {}, "sellingGeneralAdministrative": 2360000, "nonRecurring": {}, "otherOperatingExpenses": 59440000, "totalOperatingExpenses": 3259680000, "operatingIncome": 127610000, "totalOtherIncomeExpenseNet": -5130000, "ebit": 127610000, "interestExpense": -46970000, "incomeBeforeTax": 122480000, "incomeTaxExpense": 41720000, "minorityInterest": 320000, "netIncomeFromContinuingOps": 80760000, "discontinuedOperations": {}, "extraordinaryItems": {}, "effectOfAccountingCharges": {}, "otherItems": {}, "netIncome": 80600000, "netIncomeApplicableToCommonShares": 80600000}, {"maxAge": 1, "endDate": "2018-03-31", "totalRevenue": 3330340298, "costOfRevenue": 2964036960, "grossProfit": 366303338, "researchDevelopment": {}, "sellingGeneralAdministrative": 3419273, "nonRecurring": {}, "otherOperatingExpenses": 95240523, "totalOperatingExpenses": 3140750701, "operatingIncome": 189589597, "totalOtherIncomeExpenseNet": -36383086, "ebit": 189589597, "interestExpense": -33983037, "incomeBeforeTax": 153206511, "incomeTaxExpense": 49556066, "minorityInterest": 320000, "netIncomeFromContinuingOps": 103650445, "discontinuedOperations": {}, "extraordinaryItems": {}, "effectOfAccountingCharges": {}, "otherItems": {}, "netIncome": 103650445, "netIncomeApplicableToCommonShares": 103650445}, {"maxAge": 1, "endDate": "2017-03-31", "totalRevenue": 2004024083, "costOfRevenue": 1841784763, "grossProfit": 162239320, "researchDevelopment": {}, "sellingGeneralAdministrative": 5802783, "nonRecurring": {}, "otherOperatingExpenses": 46702433, "totalOperatingExpenses": 1949093019, "operatingIncome": 54931064, "totalOtherIncomeExpenseNet": -26406990, "ebit": 54931064, "interestExpense": -23101297, "incomeBeforeTax": 28524074, "incomeTaxExpense": 14398504, "minorityInterest": 320000, "netIncomeFromContinuingOps": 14125570, "discontinuedOperations": {}, "extraordinaryItems": {}, "effectOfAccountingCharges": {}, "otherItems": {}, "netIncome": 14125570, "netIncomeApplicableToCommonShares": 14125570}], "maxAge": 86400}, "fundOwnership": {"maxAge": 1, "ownershipList": []}, "summaryDetail": {"maxAge": 1, "priceHint": 2, "previousClose": 60.35, "open": 59.95, "dayLow": 58.2, "dayHigh": 60.45, "regularMarketPreviousClose": 60.35, "regularMarketOpen": 59.95, "regularMarketDayLow": 58.2, "regularMarketDayHigh": 60.45, "exDividendDate": "2018-08-02 05:30:00", "payoutRatio": 0.0, "beta": 1.737593, "trailingPE": 16.803978, "volume": 4604, "regularMarketVolume": 4604, "averageVolume": 0, "averageVolume10days": 0, "averageDailyVolume10Day": 0, "bid": 0.0, "ask": 0.0, "fiftyTwoWeekLow": 17.1, "fiftyTwoWeekHigh": 60.45, "fiftyDayAverage": 29.8, "twoHundredDayAverage": 30.299644, "currency": "INR", "fromCurrency": null, "toCurrency": null, "lastMarket": null, "algorithm": null, "tradeable": false}, "incomeStatementHistoryQuarterly": {"incomeStatementHistory": [{"maxAge": 1, "endDate": "2020-12-31", "totalRevenue": 1136430000, "costOfRevenue": 1008680000, "grossProfit": 127750000, "researchDevelopment": {}, "sellingGeneralAdministrative": {}, "nonRecurring": {}, "otherOperatingExpenses": 27030000, "totalOperatingExpenses": 1057440000, "operatingIncome": 78990000, "totalOtherIncomeExpenseNet": -28290000, "ebit": 78990000, "interestExpense": -28970000, "incomeBeforeTax": 50700000, "incomeTaxExpense": 15470000, "minorityInterest": {}, "netIncomeFromContinuingOps": 35230000, "discontinuedOperations": {}, "extraordinaryItems": {}, "effectOfAccountingCharges": {}, "otherItems": {}, "netIncome": 34800000, "netIncomeApplicableToCommonShares": 34800000}, {"maxAge": 1, "endDate": "2020-09-30", "totalRevenue": 631610000, "costOfRevenue": 561725000, "grossProfit": 69885000, "researchDevelopment": {}, "sellingGeneralAdministrative": {}, "nonRecurring": {}, "otherOperatingExpenses": 13605000, "totalOperatingExpenses": 604440000, "operatingIncome": 27170000, "totalOtherIncomeExpenseNet": -20280000, "ebit": 27170000, "interestExpense": -20675000, "incomeBeforeTax": 6890000, "incomeTaxExpense": 1240000, "minorityInterest": 1170000, "netIncomeFromContinuingOps": 5650000, "discontinuedOperations": {}, "extraordinaryItems": {}, "effectOfAccountingCharges": {}, "otherItems": {}, "netIncome": 5470000, "netIncomeApplicableToCommonShares": 5470000}, {"maxAge": 1, "endDate": "2020-06-30", "totalRevenue": 631610000, "costOfRevenue": 561725000, "grossProfit": 69885000, "researchDevelopment": {}, "sellingGeneralAdministrative": {}, "nonRecurring": {}, "otherOperatingExpenses": 13605000, "totalOperatingExpenses": 604440000, "operatingIncome": 27170000, "totalOtherIncomeExpenseNet": -20280000, "ebit": 27170000, "interestExpense": -20675000, "incomeBeforeTax": 6890000, "incomeTaxExpense": 1240000, "minorityInterest": 1170000, "netIncomeFromContinuingOps": 5650000, "discontinuedOperations": {}, "extraordinaryItems": {}, "effectOfAccountingCharges": {}, "otherItems": {}, "netIncome": 5470000, "netIncomeApplicableToCommonShares": 5470000}, {"maxAge": 1, "endDate": "2020-03-31", "totalRevenue": 867000120, "costOfRevenue": 778053613, "grossProfit": 88946507, "researchDevelopment": {}, "sellingGeneralAdministrative": 1550000, "nonRecurring": {}, "otherOperatingExpenses": 15222027, "totalOperatingExpenses": 835717931, "operatingIncome": 31282189, "totalOtherIncomeExpenseNet": -21992927, "ebit": 31282189, "interestExpense": -18889192, "incomeBeforeTax": 9289263, "incomeTaxExpense": 1970070, "minorityInterest": 810000, "netIncomeFromContinuingOps": 7319193, "discontinuedOperations": {}, "extraordinaryItems": {}, "effectOfAccountingCharges": {}, "otherItems": {}, "netIncome": 7234466, "netIncomeApplicableToCommonShares": 7234466}], "maxAge": 86400}, "cashflowStatementHistoryQuarterly": {"cashflowStatements": [{"maxAge": 1, "endDate": "2020-12-31", "netIncome": 34800000, "changeToLiabilities": 0}, {"maxAge": 1, "endDate": "2020-09-30", "netIncome": 5470000, "depreciation": 29110000, "changeToNetincome": 18075000, "changeToAccountReceivables": 34705000, "changeToLiabilities": 15280000, "changeToInventory": 1225000, "changeToOperatingActivities": -150270000, "totalCashFromOperatingActivities": -46405000, "capitalExpenditures": -13540000, "otherCashflowsFromInvestingActivities": 180000, "totalCashflowsFromInvestingActivities": -17840000, "netBorrowings": 86430000, "otherCashflowsFromFinancingActivities": -19645000, "totalCashFromFinancingActivities": 66785000, "changeInCash": 2535000}, {"maxAge": 1, "endDate": "2020-06-30", "netIncome": 5470000, "depreciation": 29110000, "changeToNetincome": 18075000, "changeToAccountReceivables": 34705000, "changeToLiabilities": 15280000, "changeToInventory": 1225000, "changeToOperatingActivities": -150270000, "totalCashFromOperatingActivities": -46405000, "capitalExpenditures": -13540000, "otherCashflowsFromInvestingActivities": 180000, "totalCashflowsFromInvestingActivities": -17840000, "netBorrowings": 86430000, "otherCashflowsFromFinancingActivities": -19645000, "totalCashFromFinancingActivities": 66785000, "changeInCash": 2535000}, {"maxAge": 1, "endDate": "2020-03-31", "netIncome": 7234466, "depreciation": 40892291, "changeToNetincome": 21407265, "changeToAccountReceivables": -50105145, "changeToLiabilities": 11305615, "changeToInventory": 5027798, "changeToOperatingActivities": -47364140, "totalCashFromOperatingActivities": -11601851, "capitalExpenditures": -6468275, "otherCashflowsFromInvestingActivities": -1115126, "totalCashflowsFromInvestingActivities": -4182861, "netBorrowings": 30676038, "otherCashflowsFromFinancingActivities": -18889191, "totalCashFromFinancingActivities": 11786846, "changeInCash": -3992865}], "maxAge": 86400}, "insiderHolders": {"holders": [], "maxAge": 1}, "calendarEvents": {"maxAge": 1, "earnings": {"earningsDate": []}, "exDividendDate": "2018-08-02 05:30:00"}, "price": {"maxAge": 1, "regularMarketChangePercent": -0.01988396, "regularMarketChange": -1.199997, "regularMarketTime": "2021-04-30 15:29:35", "priceHint": 2, "regularMarketPrice": 59.15, "regularMarketDayHigh": 60.45, "regularMarketDayLow": 58.2, "regularMarketVolume": 4604, "averageDailyVolume10Day": 0, "averageDailyVolume3Month": 0, "regularMarketPreviousClose": 60.35, "regularMarketSource": "FREE_REALTIME", "regularMarketOpen": 59.95, "exchange": "NSI", "exchangeName": "NSE", "exchangeDataDelayedBy": 15, "marketState": "CLOSED", "quoteType": "EQUITY", "symbol": "ACCURACY.NS", "underlyingSymbol": null, "shortName": "Accuracy Shipping Limited", "longName": "Accuracy Shipping Limited", "currency": "INR", "quoteSourceName": "Delayed Quote", "currencySymbol": "\u20b9", "fromCurrency": null, "toCurrency": null, "lastMarket": null}, "balanceSheetHistory": {"balanceSheetStatements": [{"maxAge": 1, "endDate": "2020-03-31", "cash": 8110000, "netReceivables": 976960000, "inventory": 12470000, "otherCurrentAssets": 240400000, "totalCurrentAssets": 1259840000, "longTermInvestments": 5470000, "propertyPlantEquipment": 536940000, "intangibleAssets": 1580000, "otherAssets": 16110000, "totalAssets": 1819940000, "accountsPayable": 183630000, "shortLongTermDebt": 90030000, "otherCurrentLiab": 35540000, "longTermDebt": 434460000, "otherLiab": 7910000, "minorityInterest": 810000, "totalCurrentLiabilities": 641640000, "totalLiab": 1084010000, "commonStock": 150560000, "retainedEarnings": 264890000, "capitalSurplus": 319670000, "totalStockholderEquity": 735120000, "netTangibleAssets": 733540000}, {"maxAge": 1, "endDate": "2019-03-31", "cash": 16440000, "netReceivables": 842090000, "inventory": 8190000, "otherCurrentAssets": 134540000, "totalCurrentAssets": 1021910000, "longTermInvestments": 5790000, "propertyPlantEquipment": 594760000, "intangibleAssets": 1970000, "otherAssets": 17160000, "totalAssets": 1641590000, "accountsPayable": 142250000, "shortLongTermDebt": 137800000, "otherCurrentLiab": 61060000, "longTermDebt": 345950000, "otherLiab": 13690000, "minorityInterest": 320000, "totalCurrentLiabilities": 587150000, "totalLiab": 946790000, "commonStock": 150560000, "retainedEarnings": 224250000, "capitalSurplus": 319670000, "totalStockholderEquity": 694480000, "netTangibleAssets": 692510000}, {"maxAge": 1, "endDate": "2018-03-31", "cash": 11040099, "netReceivables": 350800043, "inventory": 3431685, "otherCurrentAssets": 103270346, "totalCurrentAssets": 477372403, "longTermInvestments": 4872725, "propertyPlantEquipment": 440940988, "intangibleAssets": 687037, "otherAssets": 6353129, "totalAssets": 930226282, "accountsPayable": 62784084, "shortLongTermDebt": 90609607, "otherCurrentLiab": 68599958, "longTermDebt": 263527339, "otherLiab": 8174134, "totalCurrentLiabilities": 407125072, "totalLiab": 678826545, "commonStock": 101200000, "retainedEarnings": 150199737, "totalStockholderEquity": 251399737, "netTangibleAssets": 250712700}, {"maxAge": 1, "endDate": "2017-03-31", "cash": 6492440, "netReceivables": 251514524, "otherCurrentAssets": 108213678, "totalCurrentAssets": 369168033, "longTermInvestments": 4570229, "propertyPlantEquipment": 219274352, "intangibleAssets": 511970, "otherAssets": 4149894, "totalAssets": 597674478, "accountsPayable": 124634523, "shortLongTermDebt": 89645201, "otherCurrentLiab": 39719772, "longTermDebt": 65826338, "otherLiab": 5618068, "totalCurrentLiabilities": 388282871, "totalLiab": 459727277, "commonStock": 90000000, "retainedEarnings": 47947201, "totalStockholderEquity": 137947201, "netTangibleAssets": 137435231}], "maxAge": 86400}, "financialData": {"maxAge": 86400, "currentPrice": 59.15, "recommendationKey": "none", "totalCash": 13180000, "totalCashPerShare": 0.875, "ebitda": 292824480, "totalDebt": 859329984, "totalRevenue": 3266650112, "debtToEquity": 115.264, "revenuePerShare": 217.11, "grossProfits": 359180000, "earningsGrowth": 3.807, "revenueGrowth": 0.311, "grossMargins": 0.10912, "ebitdaMargins": 0.08964, "operatingMargins": 0.05039, "profitMargins": 0.016210001, "financialCurrency": "INR"}}}