{"ACE.BO": {"recommendationTrend": {"trend": [{"period": "0m", "strongBuy": 0, "buy": 0, "hold": 0, "sell": 0, "strongSell": 0}, {"period": "-1m", "strongBuy": 0, "buy": 0, "hold": 0, "sell": 0, "strongSell": 0}, {"period": "-2m", "strongBuy": 0, "buy": 0, "hold": 0, "sell": 0, "strongSell": 0}, {"period": "-3m", "strongBuy": 0, "buy": 0, "hold": 0, "sell": 0, "strongSell": 0}], "maxAge": 86400}, "cashflowStatementHistory": {"cashflowStatements": [{"maxAge": 1, "endDate": "2020-03-31", "netIncome": 524884000, "depreciation": 128680000, "changeToNetincome": 165423000, "changeToAccountReceivables": -61455000, "changeToLiabilities": 381548000, "changeToInventory": -577979000, "changeToOperatingActivities": -82793000, "totalCashFromOperatingActivities": 479763000, "capitalExpenditures": -865517000, "investments": 170599000, "otherCashflowsFromInvestingActivities": 460899000, "totalCashflowsFromInvestingActivities": -196024000, "dividendsPaid": -114497000, "netBorrowings": 344143000, "otherCashflowsFromFinancingActivities": -170134000, "totalCashFromFinancingActivities": -334329000, "changeInCash": -50590000, "repurchaseOfStock": -333402000}, {"maxAge": 1, "endDate": "2019-03-31", "netIncome": 560408000, "depreciation": 116128000, "changeToNetincome": 152450000, "changeToAccountReceivables": 222956000, "changeToLiabilities": 447481000, "changeToInventory": -685896000, "changeToOperatingActivities": -94516000, "totalCashFromOperatingActivities": 720410000, "capitalExpenditures": -301231000, "investments": -74139000, "otherCashflowsFromInvestingActivities": 36469000, "totalCashflowsFromInvestingActivities": -266573000, "dividendsPaid": -58662000, "netBorrowings": -140125000, "otherCashflowsFromFinancingActivities": -127267000, "totalCashFromFinancingActivities": -436493000, "changeInCash": 17344000, "repurchaseOfStock": -333402000}, {"maxAge": 1, "endDate": "2018-03-31", "netIncome": 520828000, "depreciation": 117540000, "changeToNetincome": 214158000, "changeToAccountReceivables": -663163000, "changeToLiabilities": 885092000, "changeToInventory": -307011000, "changeToOperatingActivities": 124656000, "totalCashFromOperatingActivities": 893908000, "capitalExpenditures": -460217000, "investments": -78924000, "otherCashflowsFromInvestingActivities": 25893000, "totalCashflowsFromInvestingActivities": -354712000, "dividendsPaid": -35196000, "netBorrowings": -222144000, "otherCashflowsFromFinancingActivities": -142431000, "totalCashFromFinancingActivities": -531087000, "changeInCash": 8109000, "repurchaseOfStock": -333402000}, {"maxAge": 1, "endDate": "2017-03-31", "netIncome": 153287000, "depreciation": 117659000, "changeToNetincome": 127251000, "changeToAccountReceivables": -232412000, "changeToLiabilities": 344827000, "changeToInventory": 102259000, "changeToOperatingActivities": 146258000, "totalCashFromOperatingActivities": 762267000, "capitalExpenditures": -270158000, "investments": -44559000, "otherCashflowsFromInvestingActivities": 28104000, "totalCashflowsFromInvestingActivities": -172964000, "dividendsPaid": -35196000, "netBorrowings": -408400000, "otherCashflowsFromFinancingActivities": -159623000, "totalCashFromFinancingActivities": -568023000, "changeInCash": 21280000, "repurchaseOfStock": -333402000}], "maxAge": 86400}, "institutionOwnership": {"maxAge": 1, "ownershipList": []}, "balanceSheetHistoryQuarterly": {"balanceSheetStatements": [{"maxAge": 1, "endDate": "2020-06-30", "totalStockholderEquity": 4426387000, "netTangibleAssets": 4417263000}, {"maxAge": 1, "endDate": "2020-03-31", "cash": 33900000, "shortTermInvestments": 57837000, "netReceivables": 1512518000, "inventory": 2706856000, "otherCurrentAssets": 470909000, "totalCurrentAssets": 4861459000, "longTermInvestments": 217044000, "propertyPlantEquipment": 4182714000, "intangibleAssets": 9124000, "otherAssets": 265652000, "totalAssets": 9535993000, "accountsPayable": 3204995000, "shortLongTermDebt": 82674000, "otherCurrentLiab": 801486000, "longTermDebt": 290417000, "otherLiab": 176604000, "minorityInterest": 3021000, "totalCurrentLiabilities": 4635360000, "totalLiab": 5106585000, "commonStock": 226966000, "retainedEarnings": 3361996000, "treasuryStock": 309874000, "capitalSurplus": 527551000, "otherStockholderEquity": 309874000, "totalStockholderEquity": 4426387000, "netTangibleAssets": 4417263000}, {"maxAge": 1, "endDate": "2019-12-31", "totalStockholderEquity": 4458912000, "netTangibleAssets": 4452910000}, {"maxAge": 1, "endDate": "2019-09-30", "cash": 60388000, "shortTermInvestments": 84919000, "netReceivables": 1179113000, "inventory": 2391939000, "otherCurrentAssets": 421348000, "totalCurrentAssets": 4137707000, "longTermInvestments": 236662000, "propertyPlantEquipment": 4047135000, "intangibleAssets": 6002000, "otherAssets": 254519000, "totalAssets": 8682025000, "accountsPayable": 2099357000, "otherCurrentLiab": 844618000, "longTermDebt": 331626000, "otherLiab": 171896000, "minorityInterest": 2780000, "totalCurrentLiabilities": 3716811000, "totalLiab": 4220333000, "commonStock": 230812000, "treasuryStock": 4228100000, "otherStockholderEquity": 4228100000, "totalStockholderEquity": 4458912000, "netTangibleAssets": 4452910000}], "maxAge": 86400}, "earningsHistory": {"history": [{"maxAge": 1, "epsActual": 1.4, "epsEstimate": 0.8, "epsDifference": 0.6, "surprisePercent": 0.75, "quarter": "2017-12-31", "period": "-4q"}, {"maxAge": 1, "epsActual": 1.83, "epsEstimate": 1.8, "epsDifference": 0.03, "surprisePercent": 0.017, "quarter": "2018-03-31", "period": "-3q"}, {"maxAge": 1, "epsActual": 1.42, "epsEstimate": 1.36, "epsDifference": 0.06, "surprisePercent": 0.044, "quarter": "2018-06-30", "period": "-2q"}, {"maxAge": 1, "epsActual": 1.06, "epsEstimate": 1.54, "epsDifference": -0.48, "surprisePercent": -0.312, "quarter": "2018-09-30", "period": "-1q"}], "maxAge": 86400}, "indexTrend": {"maxAge": 1, "symbol": "SP5", "peRatio": 19.7411, "pegRatio": 1.34172, "estimates": [{"period": "0q", "growth": 0.549}, {"period": "+1q", "growth": 0.431}, {"period": "0y", "growth": 0.305}, {"period": "+1y", "growth": 0.109}, {"period": "+5y", "growth": 0.120865}, {"period": "-5y"}]}, "industryTrend": {"maxAge": 1, "symbol": null, "estimates": []}, "insiderTransactions": {"transactions": [{"maxAge": 1, "shares": 34258, "value": 31387, "filerUrl": "", "transactionText": "Acquisition at price 0.92 per share.", "filerName": "Agarwal (Vijay)", "filerRelation": "Promoter", "moneyText": "", "startDate": "2020-09-30", "ownership": "D"}, {"maxAge": 1, "shares": 34000, "value": 31487, "filerUrl": "", "transactionText": "Acquisition at price 0.93 per share.", "filerName": "Agarwal (Vijay)", "filerRelation": "Promoter", "moneyText": "", "startDate": "2020-09-29", "ownership": "D"}, {"maxAge": 1, "shares": 27500, "value": 25613, "filerUrl": "", "transactionText": "Acquisition at price 0.93 per share.", "filerName": "Agarwal (Vijay)", "filerRelation": "Promoter", "moneyText": "", "startDate": "2020-09-25", "ownership": "D"}, {"maxAge": 1, "shares": 50000, "value": 45390, "filerUrl": "", "transactionText": "Acquisition at price 0.91 per share.", "filerName": "Agarwal (Vijay)", "filerRelation": "Promoter", "moneyText": "", "startDate": "2020-09-24", "ownership": "D"}, {"maxAge": 1, "shares": 52000, "value": 47351, "filerUrl": "", "transactionText": "Acquisition at price 0.91 per share.", "filerName": "Agarwal (Vijay)", "filerRelation": "Promoter", "moneyText": "", "startDate": "2020-09-23", "ownership": "D"}, {"maxAge": 1, "shares": 61000, "value": 54265, "filerUrl": "", "transactionText": "Acquisition at price 0.89 per share.", "filerName": "Agarwal (Vijay)", "filerRelation": "Promoter", "moneyText": "", "startDate": "2020-09-22", "ownership": "D"}, {"maxAge": 1, "shares": 77000, "value": 70516, "filerUrl": "", "transactionText": "Acquisition at price 0.92 per share.", "filerName": "Agarwal (Vijay)", "filerRelation": "Promoter", "moneyText": "", "startDate": "2020-09-21", "ownership": "D"}, {"maxAge": 1, "shares": 71000, "value": 66278, "filerUrl": "", "transactionText": "Acquisition at price 0.93 per share.", "filerName": "Agarwal (Vijay)", "filerRelation": "Promoter", "moneyText": "", "startDate": "2020-09-18", "ownership": "D"}, {"maxAge": 1, "shares": 67841, "value": 63431, "filerUrl": "", "transactionText": "Acquisition at price 0.94 per share.", "filerName": "Agarwal (Vijay)", "filerRelation": "Promoter", "moneyText": "", "startDate": "2020-09-17", "ownership": "D"}, {"maxAge": 1, "shares": 60283, "value": 56774, "filerUrl": "", "transactionText": "Acquisition at price 0.94 per share.", "filerName": "Agarwal (Vijay)", "filerRelation": "Promoter", "moneyText": "", "startDate": "2020-09-15", "ownership": "D"}, {"maxAge": 1, "shares": 81075, "value": 76615, "filerUrl": "", "transactionText": "Acquisition at price 0.94 per share.", "filerName": "Agarwal (Vijay)", "filerRelation": "Chairman of the Board", "moneyText": "", "startDate": "2020-09-14", "ownership": "D"}, {"maxAge": 1, "shares": 76801, "value": 67131, "filerUrl": "", "transactionText": "Acquisition at price 0.87 per share.", "filerName": "Agarwal (Vijay)", "filerRelation": "Promoter", "moneyText": "", "startDate": "2020-09-11", "ownership": "D"}, {"maxAge": 1, "shares": 35000, "value": 28840, "filerUrl": "", "transactionText": "Acquisition at price 0.82 per share.", "filerName": "Agarwal (Vijay)", "filerRelation": "Chairman of the Board", "moneyText": "", "startDate": "2020-09-09", "ownership": "D"}, {"maxAge": 1, "shares": 60278, "filerUrl": "", "transactionText": "", "filerName": "Agarwal (Vijay)", "filerRelation": "Chairman of the Board", "moneyText": "", "startDate": "2020-04-01", "ownership": "D"}, {"maxAge": 1, "shares": 21500, "filerUrl": "", "transactionText": "", "filerName": "Agarwal (Vijay)", "filerRelation": "Chairman of the Board", "moneyText": "", "startDate": "2020-03-04", "ownership": "D"}, {"maxAge": 1, "shares": 20938, "filerUrl": "", "transactionText": "", "filerName": "Agarwal (Vijay)", "filerRelation": "Promoter", "moneyText": "", "startDate": "2020-02-28", "ownership": "D"}, {"maxAge": 1, "shares": 49478, "filerUrl": "", "transactionText": "", "filerName": "Agarwal (Vijay)", "filerRelation": "Executive Chairman", "moneyText": "", "startDate": "2020-02-27", "ownership": "D"}, {"maxAge": 1, "shares": 36167, "filerUrl": "", "transactionText": "", "filerName": "Agarwal (Vijay)", "filerRelation": "Executive Chairman", "moneyText": "", "startDate": "2020-02-14", "ownership": "D"}, {"maxAge": 1, "shares": 23562, "filerUrl": "", "transactionText": "", "filerName": "Agarwal (Vijay)", "filerRelation": "Executive Chairman", "moneyText": "", "startDate": "2019-12-31", "ownership": "D"}, {"maxAge": 1, "shares": 34338, "filerUrl": "", "transactionText": "", "filerName": "Agarwal (Vijay)", "filerRelation": "Executive Chairman", "moneyText": "", "startDate": "2019-12-26", "ownership": "D"}, {"maxAge": 1, "shares": 18238, "filerUrl": "", "transactionText": "", "filerName": "Agarwal (Vijay)", "filerRelation": "Managing Director", "moneyText": "", "startDate": "2019-12-20", "ownership": "D"}, {"maxAge": 1, "shares": 10856, "filerUrl": "", "transactionText": "", "filerName": "Agarwal (Vijay)", "filerRelation": "Managing Director", "moneyText": "", "startDate": "2019-12-18", "ownership": "D"}, {"maxAge": 1, "shares": 21917, "filerUrl": "", "transactionText": "", "filerName": "Agarwal (Vijay)", "filerRelation": "Managing Director", "moneyText": "", "startDate": "2019-12-11", "ownership": "D"}, {"maxAge": 1, "shares": 22089, "filerUrl": "", "transactionText": "", "filerName": "Agarwal (Vijay)", "filerRelation": "Managing Director", "moneyText": "", "startDate": "2019-12-10", "ownership": "D"}, {"maxAge": 1, "shares": 500000, "filerUrl": "", "transactionText": "", "filerName": "Agarwal (Mona)", "filerRelation": "Wholetime Director", "moneyText": "", "startDate": "2019-01-28", "ownership": "D"}, {"maxAge": 1, "shares": 475000, "filerUrl": "", "transactionText": "", "filerName": "Agarwal (Sorab)", "filerRelation": "Director (Executive)", "moneyText": "", "startDate": "2019-01-28", "ownership": "D"}], "maxAge": 1}, "quoteType": {"exchange": "BSE", "quoteType": "EQUITY", "symbol": "ACE.BO", "underlyingSymbol": "ACE.BO", "shortName": "ACTION CONSTRUCTION EQUIPMENT", "longName": "Action Construction Equipment Limited", "firstTradeDateEpochUtc": "2006-09-26 09:15:00", "timeZoneFullName": "Asia/Kolkata", "timeZoneShortName": "IST", "uuid": "3b3a56a1-4671-3327-adc2-e7d9763c7be8", "messageBoardId": null, "gmtOffSetMilliseconds": 19800000, "maxAge": 1}, "incomeStatementHistory": {"incomeStatementHistory": [{"maxAge": 1, "endDate": "2020-03-31", "totalRevenue": 11562296000, "costOfRevenue": 8007343000, "grossProfit": 3554953000, "researchDevelopment": {}, "sellingGeneralAdministrative": 867594000, "nonRecurring": {}, "otherOperatingExpenses": 1732292000, "totalOperatingExpenses": 10757397000, "operatingIncome": 804899000, "totalOtherIncomeExpenseNet": -124605000, "ebit": 804899000, "interestExpense": -146599000, "incomeBeforeTax": 680294000, "incomeTaxExpense": 155589000, "minorityInterest": 3021000, "netIncomeFromContinuingOps": 524705000, "discontinuedOperations": {}, "extraordinaryItems": {}, "effectOfAccountingCharges": {}, "otherItems": {}, "netIncome": 524884000, "netIncomeApplicableToCommonShares": 524884000}, {"maxAge": 1, "endDate": "2019-03-31", "totalRevenue": 13425268000, "costOfRevenue": 9868306000, "grossProfit": 3556962000, "researchDevelopment": {}, "sellingGeneralAdministrative": 766217000, "nonRecurring": {}, "otherOperatingExpenses": 1767887000, "totalOperatingExpenses": 12554764000, "operatingIncome": 870504000, "totalOtherIncomeExpenseNet": -28443000, "ebit": 870504000, "interestExpense": -115209000, "incomeBeforeTax": 842061000, "incomeTaxExpense": 281832000, "minorityInterest": 2900000, "netIncomeFromContinuingOps": 560229000, "discontinuedOperations": {}, "extraordinaryItems": {}, "effectOfAccountingCharges": {}, "otherItems": {}, "netIncome": 560408000, "netIncomeApplicableToCommonShares": 560408000}, {"maxAge": 1, "endDate": "2018-03-31", "totalRevenue": 10865480000, "costOfRevenue": 7732639000, "grossProfit": 3132841000, "researchDevelopment": {}, "sellingGeneralAdministrative": 693418000, "nonRecurring": {}, "otherOperatingExpenses": 1486122000, "totalOperatingExpenses": 10058678000, "operatingIncome": 806802000, "totalOtherIncomeExpenseNet": -66858000, "ebit": 806802000, "interestExpense": -135266000, "incomeBeforeTax": 739944000, "incomeTaxExpense": 219792000, "minorityInterest": 3079000, "netIncomeFromContinuingOps": 520152000, "discontinuedOperations": {}, "extraordinaryItems": {}, "effectOfAccountingCharges": {}, "otherItems": {}, "netIncome": 520828000, "netIncomeApplicableToCommonShares": 520828000}, {"maxAge": 1, "endDate": "2017-03-31", "totalRevenue": 7510582000, "costOfRevenue": 5334674000, "grossProfit": 2175908000, "researchDevelopment": {}, "sellingGeneralAdministrative": 609392000, "nonRecurring": {}, "otherOperatingExpenses": 1128996000, "totalOperatingExpenses": 7218151000, "operatingIncome": 292431000, "totalOtherIncomeExpenseNet": -100237000, "ebit": 292431000, "interestExpense": -159623000, "incomeBeforeTax": 192194000, "incomeTaxExpense": 52073000, "minorityInterest": 3091000, "netIncomeFromContinuingOps": 140121000, "discontinuedOperations": {}, "extraordinaryItems": {}, "effectOfAccountingCharges": {}, "otherItems": {}, "netIncome": 153287000, "netIncomeApplicableToCommonShares": 153287000}], "maxAge": 86400}, "fundOwnership": {"maxAge": 1, "ownershipList": []}, "summaryDetail": {"maxAge": 1, "priceHint": 2, "previousClose": 148.65, "open": 147.0, "dayLow": 144.5, "dayHigh": 150.1, "regularMarketPreviousClose": 148.65, "regularMarketOpen": 147.0, "regularMarketDayLow": 144.5, "regularMarketDayHigh": 150.1, "trailingPE": 45.624214, "forwardPE": 19.393333, "volume": 39379, "regularMarketVolume": 39379, "averageVolume": 69750, "averageVolume10days": 37537, "averageDailyVolume10Day": 37537, "bid": 0.0, "ask": 145.45, "bidSize": 0, "askSize": 0, "marketCap": 16506101760, "fiftyTwoWeekLow": 31.5, "fiftyTwoWeekHigh": 171.35, "fiftyDayAverage": 145.69, "twoHundredDayAverage": 100.14452, "trailingAnnualDividendRate": 0.5, "trailingAnnualDividendYield": 0.0033636058, "currency": "INR", "fromCurrency": null, "toCurrency": null, "lastMarket": null, "algorithm": null, "tradeable": false}, "sectorTrend": {"maxAge": 1, "symbol": null, "estimates": []}, "incomeStatementHistoryQuarterly": {"incomeStatementHistory": [{"maxAge": 1, "endDate": "2020-06-30", "totalRevenue": 1009689000, "costOfRevenue": 782349000, "grossProfit": 227340000, "researchDevelopment": {}, "sellingGeneralAdministrative": 148677000, "nonRecurring": {}, "otherOperatingExpenses": 79825000, "totalOperatingExpenses": 1045168000, "operatingIncome": -35479000, "totalOtherIncomeExpenseNet": -8403000, "ebit": -35479000, "interestExpense": -32831000, "incomeBeforeTax": -43882000, "incomeTaxExpense": -902000, "minorityInterest": {}, "netIncomeFromContinuingOps": -42980000, "discontinuedOperations": {}, "extraordinaryItems": {}, "effectOfAccountingCharges": {}, "otherItems": {}, "netIncome": -42895000, "netIncomeApplicableToCommonShares": -42895000}, {"maxAge": 1, "endDate": "2020-03-31", "totalRevenue": 3054689000, "costOfRevenue": 1411146000, "grossProfit": 1643543000, "researchDevelopment": {}, "sellingGeneralAdministrative": 243627000, "nonRecurring": {}, "otherOperatingExpenses": 1088122000, "totalOperatingExpenses": 2800079000, "operatingIncome": 254610000, "totalOtherIncomeExpenseNet": -73613000, "ebit": 254610000, "interestExpense": -40799000, "incomeBeforeTax": 180997000, "incomeTaxExpense": 44922000, "minorityInterest": 3021000, "netIncomeFromContinuingOps": 136075000, "discontinuedOperations": {}, "extraordinaryItems": {}, "effectOfAccountingCharges": {}, "otherItems": {}, "netIncome": 136250000, "netIncomeApplicableToCommonShares": 136250000}, {"maxAge": 1, "endDate": "2019-12-31", "totalRevenue": 2892641000, "costOfRevenue": 2217920000, "grossProfit": 674721000, "researchDevelopment": {}, "sellingGeneralAdministrative": 220127000, "nonRecurring": {}, "otherOperatingExpenses": 230686000, "totalOperatingExpenses": 2700892000, "operatingIncome": 191749000, "totalOtherIncomeExpenseNet": -23754000, "ebit": 191749000, "interestExpense": -41900000, "incomeBeforeTax": 167995000, "incomeTaxExpense": 40747000, "minorityInterest": 3021000, "netIncomeFromContinuingOps": 127248000, "discontinuedOperations": {}, "extraordinaryItems": {}, "effectOfAccountingCharges": {}, "otherItems": {}, "netIncome": 127132000, "netIncomeApplicableToCommonShares": 127132000}, {"maxAge": 1, "endDate": "2019-09-30", "totalRevenue": 2681223000, "costOfRevenue": 2056106000, "grossProfit": 625117000, "researchDevelopment": {}, "sellingGeneralAdministrative": 209763000, "nonRecurring": {}, "otherOperatingExpenses": 213189000, "totalOperatingExpenses": 2509667000, "operatingIncome": 171556000, "totalOtherIncomeExpenseNet": -15976000, "ebit": 171556000, "interestExpense": -33619000, "incomeBeforeTax": 155580000, "incomeTaxExpense": 12432000, "minorityInterest": 2780000, "netIncomeFromContinuingOps": 143148000, "discontinuedOperations": {}, "extraordinaryItems": {}, "effectOfAccountingCharges": {}, "otherItems": {}, "netIncome": 143169000, "netIncomeApplicableToCommonShares": 143169000}], "maxAge": 86400}, "cashflowStatementHistoryQuarterly": {"cashflowStatements": [{"maxAge": 1, "endDate": "2020-06-30", "netIncome": -42895000, "changeToLiabilities": 0}, {"maxAge": 1, "endDate": "2020-03-31", "netIncome": 136250000, "changeToLiabilities": 0}, {"maxAge": 1, "endDate": "2019-12-31", "netIncome": 127132000, "changeToLiabilities": 0}, {"maxAge": 1, "endDate": "2019-09-30", "netIncome": 143169000, "changeToLiabilities": 0}], "maxAge": 86400}, "insiderHolders": {"holders": [{"maxAge": 1, "name": "Agarwal (Mona)", "relation": "Wholetime Director", "url": "", "transactionDescription": "Acquisition", "latestTransDate": "2019-01-28", "positionDirect": 25839407, "positionDirectDate": "2019-01-28"}, {"maxAge": 1, "name": "Agarwal (Sorab)", "relation": "Director (Executive)", "url": "", "transactionDescription": "Acquisition", "latestTransDate": "2019-01-28", "positionDirect": 7623650, "positionDirectDate": "2019-01-28"}, {"maxAge": 1, "name": "Agarwal (Vijay)", "relation": "Promoter", "url": "", "transactionDescription": "Acquisition", "latestTransDate": "2020-09-30", "positionDirect": 42475850, "positionDirectDate": "2020-09-30"}], "maxAge": 1}, "earnings": {"maxAge": 86400, "earningsChart": {"quarterly": [{"date": "4Q2017", "actual": 1.4, "estimate": 0.8}, {"date": "1Q2018", "actual": 1.83, "estimate": 1.8}, {"date": "2Q2018", "actual": 1.42, "estimate": 1.36}, {"date": "3Q2018", "actual": 1.06, "estimate": 1.54}], "currentQuarterEstimateDate": "4Q", "currentQuarterEstimateYear": 2018, "earningsDate": ["2020-08-10 05:30:S"]}, "financialsChart": {"yearly": [{"date": 2017, "revenue": 7510582000, "earnings": 153287000}, {"date": 2018, "revenue": 10865480000, "earnings": 520828000}, {"date": 2019, "revenue": 13425268000, "earnings": 560408000}, {"date": 2020, "revenue": 11562296000, "earnings": 524884000}], "quarterly": [{"date": "3Q2019", "revenue": 2681223000, "earnings": 143169000}, {"date": "4Q2019", "revenue": 2892641000, "earnings": 127132000}, {"date": "1Q2020", "revenue": 3054689000, "earnings": 136250000}, {"date": "2Q2020", "revenue": 1009689000, "earnings": -42895000}]}, "financialCurrency": "INR"}, "calendarEvents": {"maxAge": 1, "earnings": {"earningsDate": ["2020-08-10 05:30:S"]}}, "price": {"maxAge": 1, "regularMarketChangePercent": -0.021527058, "regularMarketChange": -3.199997, "regularMarketTime": "2021-04-30 15:53:15", "priceHint": 2, "regularMarketPrice": 145.45, "regularMarketDayHigh": 150.1, "regularMarketDayLow": 144.5, "regularMarketVolume": 39379, "averageDailyVolume10Day": 37537, "averageDailyVolume3Month": 69750, "regularMarketPreviousClose": 148.65, "regularMarketSource": "FREE_REALTIME", "regularMarketOpen": 147.0, "exchange": "BSE", "exchangeName": "BSE", "exchangeDataDelayedBy": 0, "marketState": "CLOSED", "quoteType": "EQUITY", "symbol": "ACE.BO", "underlyingSymbol": null, "shortName": "ACTION CONSTRUCTION EQUIPMENT", "longName": "Action Construction Equipment Limited", "currency": "INR", "quoteSourceName": "Delayed Quote", "currencySymbol": "\u20b9", "fromCurrency": null, "toCurrency": null, "lastMarket": null, "marketCap": 16506101760}, "balanceSheetHistory": {"balanceSheetStatements": [{"maxAge": 1, "endDate": "2020-03-31", "cash": 33900000, "shortTermInvestments": 57837000, "netReceivables": 1512518000, "inventory": 2706856000, "otherCurrentAssets": 470909000, "totalCurrentAssets": 4861459000, "longTermInvestments": 217044000, "propertyPlantEquipment": 4182714000, "intangibleAssets": 9124000, "otherAssets": 265652000, "totalAssets": 9535993000, "accountsPayable": 3204995000, "shortLongTermDebt": 82674000, "otherCurrentLiab": 801486000, "longTermDebt": 290417000, "otherLiab": 176604000, "minorityInterest": 3021000, "totalCurrentLiabilities": 4635360000, "totalLiab": 5106585000, "commonStock": 226966000, "retainedEarnings": 3361996000, "treasuryStock": 309874000, "capitalSurplus": 527551000, "otherStockholderEquity": 309874000, "totalStockholderEquity": 4426387000, "netTangibleAssets": 4417263000}, {"maxAge": 1, "endDate": "2019-03-31", "cash": 84490000, "shortTermInvestments": 29199000, "netReceivables": 1474462000, "inventory": 2128877000, "otherCurrentAssets": 461098000, "totalCurrentAssets": 4464166000, "longTermInvestments": 218776000, "propertyPlantEquipment": 3357439000, "intangibleAssets": 5675000, "otherAssets": 822939000, "totalAssets": 8868995000, "accountsPayable": 2806225000, "shortLongTermDebt": 93422000, "otherCurrentLiab": 876724000, "longTermDebt": 372517000, "otherLiab": 181936000, "minorityInterest": 2900000, "totalCurrentLiabilities": 3936164000, "totalLiab": 4490617000, "commonStock": 234646000, "retainedEarnings": 3045804000, "treasuryStock": 241755000, "capitalSurplus": 853273000, "otherStockholderEquity": 241755000, "totalStockholderEquity": 4375478000, "netTangibleAssets": 4369803000}, {"maxAge": 1, "endDate": "2018-03-31", "cash": 67146000, "shortTermInvestments": 40458000, "netReceivables": 1708607000, "inventory": 1442981000, "otherCurrentAssets": 373449000, "totalCurrentAssets": 3956460000, "longTermInvestments": 63125000, "propertyPlantEquipment": 3264678000, "goodWill": 23053000, "intangibleAssets": 9172000, "otherAssets": 851348000, "totalAssets": 8167836000, "accountsPayable": 2359033000, "shortLongTermDebt": 140505000, "otherCurrentLiab": 884469000, "longTermDebt": 636741000, "otherLiab": 202554000, "minorityInterest": 3079000, "totalCurrentLiabilities": 3504001000, "totalLiab": 4343296000, "commonStock": 234646000, "retainedEarnings": 2545030000, "treasuryStock": 188512000, "capitalSurplus": 853273000, "otherStockholderEquity": 188512000, "totalStockholderEquity": 3821461000, "netTangibleAssets": 3789236000}, {"maxAge": 1, "endDate": "2017-03-31", "cash": 59037000, "shortTermInvestments": 247590000, "netReceivables": 1053494000, "inventory": 1135971000, "otherCurrentAssets": 210746000, "totalCurrentAssets": 2723092000, "longTermInvestments": 75330000, "propertyPlantEquipment": 3387098000, "goodWill": 23053000, "intangibleAssets": 14006000, "otherAssets": 544197000, "totalAssets": 6766776000, "accountsPayable": 1473941000, "shortLongTermDebt": 209674000, "otherCurrentLiab": 560804000, "longTermDebt": 678762000, "otherLiab": 118128000, "minorityInterest": 3091000, "totalCurrentLiabilities": 2626984000, "totalLiab": 3423874000, "commonStock": 234646000, "retainedEarnings": 2194696000, "treasuryStock": 57196000, "capitalSurplus": 853273000, "otherStockholderEquity": 57196000, "totalStockholderEquity": 3339811000, "netTangibleAssets": 3302752000}], "maxAge": 86400}, "earningsTrend": {"trend": [{"maxAge": 1, "period": "0q", "endDate": "2018-12-31", "growth": {}, "earningsEstimate": {"avg": 0.0, "low": 0.0, "high": 0.0, "yearAgoEps": 1.4, "numberOfAnalysts": 0, "growth": {}}, "revenueEstimate": {"avg": 0, "low": 0, "high": 0, "numberOfAnalysts": 0, "yearAgoRevenue": {}, "growth": {}}, "epsTrend": {"current": 0.0, "7daysAgo": 1.32, "30daysAgo": 1.32, "60daysAgo": 1.32, "90daysAgo": 1.32}, "epsRevisions": {"upLast7days": 0, "upLast30days": 0, "downLast30days": 0, "downLast90days": {}}}, {"maxAge": 1, "period": "+1q", "endDate": "2019-03-31", "growth": {}, "earningsEstimate": {"avg": 0.0, "low": 0.0, "high": 0.0, "yearAgoEps": 1.83, "numberOfAnalysts": 0, "growth": {}}, "revenueEstimate": {"avg": 0, "low": 0, "high": 0, "numberOfAnalysts": 0, "yearAgoRevenue": {}, "growth": {}}, "epsTrend": {"current": 0.0, "7daysAgo": 0.0, "30daysAgo": 0.0, "60daysAgo": 0.0, "90daysAgo": 0.0}, "epsRevisions": {"upLast7days": 0, "upLast30days": 0, "downLast30days": 0, "downLast90days": {}}}, {"maxAge": 1, "period": "0y", "endDate": "2019-03-31", "growth": {}, "earningsEstimate": {"avg": 0.0, "low": 0.0, "high": 0.0, "yearAgoEps": {}, "numberOfAnalysts": 0, "growth": {}}, "revenueEstimate": {"avg": 14120800000, "low": 13545000000, "high": 14645000000, "numberOfAnalysts": 3, "yearAgoRevenue": 10986400000, "growth": 0.285}, "epsTrend": {"current": 0.0, "7daysAgo": 5.6, "30daysAgo": 5.6, "60daysAgo": 5.6, "90daysAgo": 5.6}, "epsRevisions": {"upLast7days": 0, "upLast30days": 0, "downLast30days": 0, "downLast90days": {}}}, {"maxAge": 1, "period": "+1y", "endDate": "2020-03-31", "growth": {}, "earningsEstimate": {"avg": 0.0, "low": 0.0, "high": 0.0, "yearAgoEps": {}, "numberOfAnalysts": 0, "growth": {}}, "revenueEstimate": {"avg": 16786800000, "low": 16020000000, "high": 17617000000, "numberOfAnalysts": 3, "yearAgoRevenue": 14120800000, "growth": 0.189}, "epsTrend": {"current": 0.0, "7daysAgo": 7.5, "30daysAgo": 7.5, "60daysAgo": 7.5, "90daysAgo": 7.5}, "epsRevisions": {"upLast7days": 0, "upLast30days": 0, "downLast30days": 0, "downLast90days": {}}}, {"maxAge": 1, "period": "+5y", "endDate": null, "growth": {}, "earningsEstimate": {"avg": {}, "low": {}, "high": {}, "yearAgoEps": {}, "numberOfAnalysts": {}, "growth": {}}, "revenueEstimate": {"avg": {}, "low": {}, "high": {}, "numberOfAnalysts": {}, "yearAgoRevenue": {}, "growth": {}}, "epsTrend": {"current": {}, "7daysAgo": {}, "30daysAgo": {}, "60daysAgo": {}, "90daysAgo": {}}, "epsRevisions": {"upLast7days": {}, "upLast30days": {}, "downLast30days": {}, "downLast90days": {}}}, {"maxAge": 1, "period": "-5y", "endDate": null, "growth": {}, "earningsEstimate": {"avg": {}, "low": {}, "high": {}, "yearAgoEps": {}, "numberOfAnalysts": {}, "growth": {}}, "revenueEstimate": {"avg": {}, "low": {}, "high": {}, "numberOfAnalysts": {}, "yearAgoRevenue": {}, "growth": {}}, "epsTrend": {"current": {}, "7daysAgo": {}, "30daysAgo": {}, "60daysAgo": {}, "90daysAgo": {}}, "epsRevisions": {"upLast7days": {}, "upLast30days": {}, "downLast30days": {}, "downLast90days": {}}}], "maxAge": 1}, "financialData": {"maxAge": 86400, "currentPrice": 145.45, "targetHighPrice": 166.0, "targetLowPrice": 135.0, "targetMeanPrice": 150.5, "targetMedianPrice": 150.5, "recommendationKey": "none", "numberOfAnalystOpinions": 2, "grossProfits": 3554953000, "financialCurrency": "INR"}}}