{"ACESOFT.BO": {"cashflowStatementHistory": {"cashflowStatements": [{"maxAge": 1, "endDate": "2020-03-31", "netIncome": -17143000, "depreciation": 6354000, "changeToNetincome": -17289000, "changeToLiabilities": 0, "changeToOperatingActivities": -12758000, "totalCashFromOperatingActivities": -40468000, "capitalExpenditures": -8065000, "investments": 29516000, "otherCashflowsFromInvestingActivities": 4362000, "totalCashflowsFromInvestingActivities": 25813000, "netBorrowings": 12811000, "otherCashflowsFromFinancingActivities": -616000, "totalCashFromFinancingActivities": 12195000, "changeInCash": -2461000}, {"maxAge": 1, "endDate": "2019-03-31", "netIncome": 351000, "depreciation": 2073000, "changeToNetincome": -13972000, "changeToLiabilities": 0, "changeToOperatingActivities": -1049000, "totalCashFromOperatingActivities": -12229000, "capitalExpenditures": -41972000, "investments": 33849000, "otherCashflowsFromInvestingActivities": 4979000, "totalCashflowsFromInvestingActivities": -3144000, "netBorrowings": 3522000, "otherCashflowsFromFinancingActivities": 20039000, "totalCashFromFinancingActivities": 23561000, "changeInCash": 8188000}, {"maxAge": 1, "endDate": "2018-03-31", "netIncome": 10327000, "depreciation": 2797000, "changeToNetincome": -9425000, "changeToLiabilities": 0, "changeToOperatingActivities": -12625000, "totalCashFromOperatingActivities": -8558000, "capitalExpenditures": -41972000, "investments": -9218000, "otherCashflowsFromInvestingActivities": 9641000, "totalCashflowsFromInvestingActivities": 4544000, "netBorrowings": 3522000, "otherCashflowsFromFinancingActivities": -99000, "totalCashFromFinancingActivities": -99000, "changeInCash": -4113000}, {"maxAge": 1, "endDate": "2017-03-31", "netIncome": 10381000, "depreciation": 3413000, "changeToNetincome": -8071000, "changeToLiabilities": 0, "changeToOperatingActivities": 5002000, "totalCashFromOperatingActivities": 11070000, "capitalExpenditures": -41972000, "investments": -21562000, "otherCashflowsFromInvestingActivities": 7281000, "totalCashflowsFromInvestingActivities": -11632000, "netBorrowings": -484000, "otherCashflowsFromFinancingActivities": -117000, "totalCashFromFinancingActivities": -601000, "changeInCash": -1163000}], "maxAge": 86400}, "institutionOwnership": {"maxAge": 1, "ownershipList": []}, "balanceSheetHistoryQuarterly": {"balanceSheetStatements": [{"maxAge": 1, "endDate": "2020-06-30", "totalStockholderEquity": 193292000, "netTangibleAssets": 192109000}, {"maxAge": 1, "endDate": "2020-03-31", "cash": 8763000, "netReceivables": 58909000, "inventory": 11774000, "otherCurrentAssets": 5619000, "totalCurrentAssets": 85343000, "longTermInvestments": 17093000, "propertyPlantEquipment": 82243000, "intangibleAssets": 1183000, "otherAssets": 55727000, "deferredLongTermAssetCharges": 2717000, "totalAssets": 241589000, "accountsPayable": 11362000, "shortLongTermDebt": 833000, "otherCurrentLiab": 4150000, "longTermDebt": 12322000, "minorityInterest": 10857000, "totalCurrentLiabilities": 25118000, "totalLiab": 37440000, "commonStock": 46800000, "retainedEarnings": 116017000, "treasuryStock": 30475000, "otherStockholderEquity": 30475000, "totalStockholderEquity": 193292000, "netTangibleAssets": 192109000}, {"maxAge": 1, "endDate": "2019-12-31", "totalStockholderEquity": 208967000, "netTangibleAssets": 207600000}, {"maxAge": 1, "endDate": "2019-09-30", "cash": 4258000, "shortTermInvestments": 6072000, "netReceivables": 56594000, "inventory": 11393000, "otherCurrentAssets": 6335000, "totalCurrentAssets": 84652000, "longTermInvestments": 26582000, "propertyPlantEquipment": 84935000, "intangibleAssets": 1367000, "otherAssets": 60939000, "deferredLongTermAssetCharges": 2477000, "totalAssets": 258475000, "accountsPayable": 9558000, "otherCurrentLiab": 10737000, "longTermDebt": 13869000, "minorityInterest": 14138000, "totalCurrentLiabilities": 21501000, "totalLiab": 35370000, "commonStock": 46800000, "treasuryStock": 162167000, "otherStockholderEquity": 162167000, "totalStockholderEquity": 208967000, "netTangibleAssets": 207600000}], "maxAge": 86400}, "indexTrend": {"maxAge": 1, "symbol": "SP5", "peRatio": 19.7411, "pegRatio": 1.34172, "estimates": [{"period": "0q", "growth": 0.549}, {"period": "+1q", "growth": 0.431}, {"period": "0y", "growth": 0.305}, {"period": "+1y", "growth": 0.109}, {"period": "+5y", "growth": 0.120859005}, {"period": "-5y"}]}, "insiderTransactions": {"transactions": [{"maxAge": 1, "shares": 210031, "filerUrl": "", "transactionText": "", "filerName": "Sanghani (Vikram Bhupat)", "filerRelation": "Joint Managing director", "moneyText": "", "startDate": "2020-08-27", "ownership": "D"}], "maxAge": 1}, "quoteType": {"exchange": "BSE", "quoteType": "EQUITY", "symbol": "ACESOFT.BO", "underlyingSymbol": "ACESOFT.BO", "shortName": "ACE SOFTWARE EXPORTS LTD.", "longName": "Ace Software Exports Limited", "firstTradeDateEpochUtc": "2000-09-11 09:15:00", "timeZoneFullName": "Asia/Kolkata", "timeZoneShortName": "IST", "uuid": "9b810010-70f2-332a-8039-14fea4ea63f4", "messageBoardId": null, "gmtOffSetMilliseconds": 19800000, "maxAge": 1}, "incomeStatementHistory": {"incomeStatementHistory": [{"maxAge": 1, "endDate": "2020-03-31", "totalRevenue": 91424000, "costOfRevenue": 42987000, "grossProfit": 48437000, "researchDevelopment": {}, "sellingGeneralAdministrative": 3918000, "nonRecurring": {}, "otherOperatingExpenses": 72638000, "totalOperatingExpenses": 126266000, "operatingIncome": -34842000, "totalOtherIncomeExpenseNet": 7602000, "ebit": -34842000, "interestExpense": -543000, "incomeBeforeTax": -27240000, "incomeTaxExpense": 0, "minorityInterest": 10857000, "netIncomeFromContinuingOps": -27240000, "discontinuedOperations": {}, "extraordinaryItems": {}, "effectOfAccountingCharges": {}, "otherItems": {}, "netIncome": -17143000, "netIncomeApplicableToCommonShares": -17143000}, {"maxAge": 1, "endDate": "2019-03-31", "totalRevenue": 79973000, "costOfRevenue": 31450000, "grossProfit": 48523000, "researchDevelopment": {}, "sellingGeneralAdministrative": 3940000, "nonRecurring": {}, "otherOperatingExpenses": 55065000, "totalOperatingExpenses": 92896000, "operatingIncome": -12923000, "totalOtherIncomeExpenseNet": 11371000, "ebit": -12923000, "interestExpense": -6000, "incomeBeforeTax": -1552000, "incomeTaxExpense": 107000, "minorityInterest": 20601000, "netIncomeFromContinuingOps": -1659000, "discontinuedOperations": {}, "extraordinaryItems": {}, "effectOfAccountingCharges": {}, "otherItems": {}, "netIncome": 351000, "netIncomeApplicableToCommonShares": 351000}, {"maxAge": 1, "endDate": "2018-03-31", "totalRevenue": 87128000, "costOfRevenue": 28217000, "grossProfit": 58911000, "researchDevelopment": {}, "sellingGeneralAdministrative": 3600000, "nonRecurring": {}, "otherOperatingExpenses": 50390000, "totalOperatingExpenses": 85372000, "operatingIncome": 1756000, "totalOtherIncomeExpenseNet": 9533000, "ebit": 1756000, "interestExpense": -101000, "incomeBeforeTax": 11289000, "incomeTaxExpense": 957000, "minorityInterest": 555000, "netIncomeFromContinuingOps": 10332000, "discontinuedOperations": {}, "extraordinaryItems": {}, "effectOfAccountingCharges": {}, "otherItems": {}, "netIncome": 10327000, "netIncomeApplicableToCommonShares": 10327000}, {"maxAge": 1, "endDate": "2017-03-31", "totalRevenue": 84332000, "costOfRevenue": 26738000, "grossProfit": 57594000, "researchDevelopment": {}, "sellingGeneralAdministrative": 2313000, "nonRecurring": {}, "otherOperatingExpenses": 46577000, "totalOperatingExpenses": 79386000, "operatingIncome": 4946000, "totalOtherIncomeExpenseNet": 7449000, "ebit": 4946000, "interestExpense": -76000, "incomeBeforeTax": 12395000, "incomeTaxExpense": 2013000, "minorityInterest": 551000, "netIncomeFromContinuingOps": 10382000, "discontinuedOperations": {}, "extraordinaryItems": {}, "effectOfAccountingCharges": {}, "otherItems": {}, "netIncome": 10381000, "netIncomeApplicableToCommonShares": 10381000}], "maxAge": 86400}, "fundOwnership": {"maxAge": 1, "ownershipList": []}, "summaryDetail": {"maxAge": 1, "priceHint": 2, "previousClose": 13.74, "open": 13.5, "dayLow": 13.05, "dayHigh": 13.5, "regularMarketPreviousClose": 13.74, "regularMarketOpen": 13.5, "regularMarketDayLow": 13.05, "regularMarketDayHigh": 13.5, "volume": 153, "regularMarketVolume": 153, "averageVolume": 1387, "averageVolume10days": 791, "averageDailyVolume10Day": 791, "bid": 13.2, "ask": 13.44, "bidSize": 0, "askSize": 0, "marketCap": 62899200, "fiftyTwoWeekLow": 11.25, "fiftyTwoWeekHigh": 18.5, "fiftyDayAverage": 14.826285, "twoHundredDayAverage": 14.253358, "currency": "INR", "fromCurrency": null, "toCurrency": null, "lastMarket": null, "algorithm": null, "tradeable": false}, "incomeStatementHistoryQuarterly": {"incomeStatementHistory": [{"maxAge": 1, "endDate": "2020-06-30", "totalRevenue": 18678000, "costOfRevenue": 3833000, "grossProfit": 14845000, "researchDevelopment": {}, "sellingGeneralAdministrative": {}, "nonRecurring": {}, "otherOperatingExpenses": 15585000, "totalOperatingExpenses": 21022000, "operatingIncome": -2344000, "totalOtherIncomeExpenseNet": 1612000, "ebit": -2344000, "interestExpense": -264000, "incomeBeforeTax": -732000, "incomeTaxExpense": 0, "minorityInterest": {}, "netIncomeFromContinuingOps": -732000, "discontinuedOperations": {}, "extraordinaryItems": {}, "effectOfAccountingCharges": {}, "otherItems": {}, "netIncome": 120000, "netIncomeApplicableToCommonShares": 120000}, {"maxAge": 1, "endDate": "2020-03-31", "totalRevenue": 28189000, "costOfRevenue": 19209000, "grossProfit": 8980000, "researchDevelopment": {}, "sellingGeneralAdministrative": 3918000, "nonRecurring": {}, "otherOperatingExpenses": 7304000, "totalOperatingExpenses": 32110000, "operatingIncome": -3921000, "totalOtherIncomeExpenseNet": 2201000, "ebit": -3921000, "interestExpense": -170000, "incomeBeforeTax": -1720000, "incomeTaxExpense": 0, "minorityInterest": 10857000, "netIncomeFromContinuingOps": -1720000, "discontinuedOperations": {}, "extraordinaryItems": {}, "effectOfAccountingCharges": {}, "otherItems": {}, "netIncome": -1022000, "netIncomeApplicableToCommonShares": -1022000}, {"maxAge": 1, "endDate": "2019-12-31", "totalRevenue": 22472000, "costOfRevenue": 7813000, "grossProfit": 14659000, "researchDevelopment": {}, "sellingGeneralAdministrative": 3918000, "nonRecurring": {}, "otherOperatingExpenses": 21212000, "totalOperatingExpenses": 30727000, "operatingIncome": -8255000, "totalOtherIncomeExpenseNet": 1407000, "ebit": -8255000, "interestExpense": -276000, "incomeBeforeTax": -6848000, "incomeTaxExpense": 0, "minorityInterest": 10857000, "netIncomeFromContinuingOps": -6848000, "discontinuedOperations": {}, "extraordinaryItems": {}, "effectOfAccountingCharges": {}, "otherItems": {}, "netIncome": -4276000, "netIncomeApplicableToCommonShares": -4276000}, {"maxAge": 1, "endDate": "2019-09-30", "totalRevenue": 23234000, "costOfRevenue": 11414000, "grossProfit": 11820000, "researchDevelopment": {}, "sellingGeneralAdministrative": 3918000, "nonRecurring": {}, "otherOperatingExpenses": 21197000, "totalOperatingExpenses": 34316000, "operatingIncome": -11082000, "totalOtherIncomeExpenseNet": 2249000, "ebit": -11082000, "interestExpense": -76000, "incomeBeforeTax": -8833000, "incomeTaxExpense": 0, "minorityInterest": 14138000, "netIncomeFromContinuingOps": -8833000, "discontinuedOperations": {}, "extraordinaryItems": {}, "effectOfAccountingCharges": {}, "otherItems": {}, "netIncome": -5739000, "netIncomeApplicableToCommonShares": -5739000}], "maxAge": 86400}, "cashflowStatementHistoryQuarterly": {"cashflowStatements": [{"maxAge": 1, "endDate": "2020-06-30", "netIncome": 120000, "changeToLiabilities": 0}, {"maxAge": 1, "endDate": "2020-03-31", "netIncome": -1022000, "changeToLiabilities": 0}, {"maxAge": 1, "endDate": "2019-12-31", "netIncome": -4276000, "changeToLiabilities": 0}, {"maxAge": 1, "endDate": "2019-09-30", "netIncome": -5739000, "changeToLiabilities": 0}], "maxAge": 86400}, "insiderHolders": {"holders": [{"maxAge": 1, "name": "Sanghani (Vikram Bhupat)", "relation": "Joint Managing director", "url": "", "transactionDescription": "Other", "latestTransDate": "2020-08-27", "positionDirect": 753804, "positionDirectDate": "2020-08-27"}], "maxAge": 1}, "calendarEvents": {"maxAge": 1, "earnings": {"earningsDate": ["2020-06-30 05:30:S"]}}, "price": {"maxAge": 1, "regularMarketChangePercent": -0.021834075, "regularMarketChange": -0.3000002, "regularMarketTime": "2021-04-30 12:28:37", "priceHint": 2, "regularMarketPrice": 13.44, "regularMarketDayHigh": 13.5, "regularMarketDayLow": 13.05, "regularMarketVolume": 153, "averageDailyVolume10Day": 791, "averageDailyVolume3Month": 1387, "regularMarketPreviousClose": 13.74, "regularMarketSource": "FREE_REALTIME", "regularMarketOpen": 13.5, "exchange": "BSE", "exchangeName": "BSE", "exchangeDataDelayedBy": 0, "marketState": "CLOSED", "quoteType": "EQUITY", "symbol": "ACESOFT.BO", "underlyingSymbol": null, "shortName": "ACE SOFTWARE EXPORTS LTD.", "longName": "Ace Software Exports Limited", "currency": "INR", "quoteSourceName": "Delayed Quote", "currencySymbol": "\u20b9", "fromCurrency": null, "toCurrency": null, "lastMarket": null, "marketCap": 62899200}, "balanceSheetHistory": {"balanceSheetStatements": [{"maxAge": 1, "endDate": "2020-03-31", "cash": 8763000, "netReceivables": 58909000, "inventory": 11774000, "otherCurrentAssets": 5619000, "totalCurrentAssets": 85343000, "longTermInvestments": 17093000, "propertyPlantEquipment": 82243000, "intangibleAssets": 1183000, "otherAssets": 55727000, "deferredLongTermAssetCharges": 2717000, "totalAssets": 241589000, "accountsPayable": 11362000, "shortLongTermDebt": 833000, "otherCurrentLiab": 4150000, "longTermDebt": 12322000, "minorityInterest": 10857000, "totalCurrentLiabilities": 25118000, "totalLiab": 37440000, "commonStock": 46800000, "retainedEarnings": 116017000, "treasuryStock": 30475000, "otherStockholderEquity": 30475000, "totalStockholderEquity": 193292000, "netTangibleAssets": 192109000}, {"maxAge": 1, "endDate": "2019-03-31", "cash": 11225000, "netReceivables": 44291000, "inventory": 6676000, "otherCurrentAssets": 7796000, "totalCurrentAssets": 70253000, "longTermInvestments": 54495000, "propertyPlantEquipment": 80659000, "intangibleAssets": 1551000, "otherAssets": 56672000, "deferredLongTermAssetCharges": 2477000, "totalAssets": 263630000, "accountsPayable": 9848000, "otherCurrentLiab": 2829000, "longTermDebt": 3384000, "minorityInterest": 20601000, "totalCurrentLiabilities": 16867000, "totalLiab": 20251000, "commonStock": 46800000, "retainedEarnings": 133251000, "treasuryStock": 42727000, "otherStockholderEquity": 42727000, "totalStockholderEquity": 222778000, "netTangibleAssets": 221227000}, {"maxAge": 1, "endDate": "2018-03-31", "cash": 3037000, "netReceivables": 40060000, "inventory": 6080000, "otherCurrentAssets": 7051000, "totalCurrentAssets": 85163000, "longTermInvestments": 62397000, "propertyPlantEquipment": 34203000, "intangibleAssets": 1919000, "otherAssets": 56879000, "deferredLongTermAssetCharges": 2179000, "totalAssets": 240561000, "accountsPayable": 5732000, "otherCurrentLiab": 7171000, "otherLiab": 40000, "minorityInterest": 555000, "totalCurrentLiabilities": 16191000, "totalLiab": 16231000, "commonStock": 46800000, "retainedEarnings": 132852000, "treasuryStock": 44123000, "otherStockholderEquity": 44123000, "totalStockholderEquity": 223775000, "netTangibleAssets": 221856000}, {"maxAge": 1, "endDate": "2017-03-31", "cash": 7462000, "netReceivables": 29535000, "inventory": 5600000, "otherCurrentAssets": 2957000, "totalCurrentAssets": 65944000, "longTermInvestments": 58555000, "propertyPlantEquipment": 36197000, "intangibleAssets": 2287000, "otherAssets": 61996000, "deferredLongTermAssetCharges": 2373000, "totalAssets": 224979000, "accountsPayable": 4066000, "otherCurrentLiab": 2247000, "otherLiab": 40000, "minorityInterest": 551000, "totalCurrentLiabilities": 9231000, "totalLiab": 9271000, "commonStock": 46800000, "retainedEarnings": 122939000, "treasuryStock": 45418000, "otherStockholderEquity": 45418000, "totalStockholderEquity": 215157000, "netTangibleAssets": 212870000}], "maxAge": 86400}, "financialData": {"maxAge": 86400, "currentPrice": 13.44, "recommendationKey": "none", "grossProfits": 48437000, "financialCurrency": "INR"}}}