{"ACGL.BO": {"recommendationTrend": {"trend": [{"period": "0m", "strongBuy": 0, "buy": 0, "hold": 0, "sell": 0, "strongSell": 0}, {"period": "-1m", "strongBuy": 0, "buy": 0, "hold": 0, "sell": 0, "strongSell": 0}, {"period": "-2m", "strongBuy": 0, "buy": 0, "hold": 0, "sell": 0, "strongSell": 0}, {"period": "-3m", "strongBuy": 0, "buy": 0, "hold": 0, "sell": 0, "strongSell": 0}], "maxAge": 86400}, "cashflowStatementHistory": {"cashflowStatements": [{"maxAge": 1, "endDate": "2020-03-31", "netIncome": 99570000, "depreciation": 51668000, "changeToNetincome": -94820000, "changeToAccountReceivables": 181606000, "changeToLiabilities": -67130000, "changeToInventory": 75636000, "changeToOperatingActivities": -32439000, "totalCashFromOperatingActivities": 214685000, "capitalExpenditures": -13957000, "investments": -14315000, "otherCashflowsFromInvestingActivities": 280352000, "totalCashflowsFromInvestingActivities": 252395000, "dividendsPaid": -110710000, "otherCashflowsFromFinancingActivities": -24095000, "totalCashFromFinancingActivities": -385628000, "changeInCash": 81452000, "repurchaseOfStock": -250823000}, {"maxAge": 1, "endDate": "2019-03-31", "netIncome": 208649000, "depreciation": 52206000, "changeToNetincome": -102542000, "changeToAccountReceivables": -94502000, "changeToLiabilities": -106727000, "changeToInventory": 5531000, "changeToOperatingActivities": -10068000, "totalCashFromOperatingActivities": -46798000, "capitalExpenditures": -16130000, "investments": -38325000, "otherCashflowsFromInvestingActivities": 312679000, "totalCashflowsFromInvestingActivities": 259084000, "dividendsPaid": -134798000, "netBorrowings": -59329000, "otherCashflowsFromFinancingActivities": -1415000, "totalCashFromFinancingActivities": -195542000, "changeInCash": 16744000, "repurchaseOfStock": -250823000}, {"maxAge": 1, "endDate": "2018-03-31", "netIncome": 201562057, "depreciation": 52875002, "changeToNetincome": -68097832, "changeToAccountReceivables": -35510206, "changeToLiabilities": -51155645, "changeToInventory": 62327798, "changeToOperatingActivities": 234216851, "totalCashFromOperatingActivities": 396504025, "capitalExpenditures": -30353223, "investments": -34465625, "otherCashflowsFromInvestingActivities": -241468201, "totalCashflowsFromInvestingActivities": -294117255, "dividendsPaid": -133887811, "netBorrowings": 35417004, "otherCashflowsFromFinancingActivities": -3869887, "totalCashFromFinancingActivities": -102340694, "changeInCash": 46076, "repurchaseOfStock": -250823000}, {"maxAge": 1, "endDate": "2017-03-31", "netIncome": 209790229, "depreciation": 55930336, "changeToNetincome": -45605330, "changeToAccountReceivables": -86291672, "changeToLiabilities": 157815215, "changeToInventory": -200016866, "changeToOperatingActivities": 102937222, "totalCashFromOperatingActivities": 194788826, "capitalExpenditures": -42333650, "investments": -2042099, "otherCashflowsFromInvestingActivities": -11317534, "totalCashflowsFromInvestingActivities": -53356041, "dividendsPaid": -133737205, "netBorrowings": -5122282, "otherCashflowsFromFinancingActivities": -2439525, "totalCashFromFinancingActivities": -141299012, "changeInCash": 133773, "repurchaseOfStock": -250823000}], "maxAge": 86400}, "institutionOwnership": {"maxAge": 1, "ownershipList": []}, "balanceSheetHistoryQuarterly": {"balanceSheetStatements": [{"maxAge": 1, "endDate": "2020-06-30", "totalStockholderEquity": 1815778000, "netTangibleAssets": 1814437000}, {"maxAge": 1, "endDate": "2020-03-31", "cash": 98497000, "shortTermInvestments": 13311000, "netReceivables": 1350388000, "inventory": 395384000, "otherCurrentAssets": 27306000, "totalCurrentAssets": 1950020000, "propertyPlantEquipment": 596870000, "intangibleAssets": 1341000, "otherAssets": 47782000, "totalAssets": 2596013000, "accountsPayable": 547131000, "otherCurrentLiab": 68734000, "otherLiab": 88804000, "totalCurrentLiabilities": 686039000, "totalLiab": 780235000, "commonStock": 60886000, "retainedEarnings": 1175208000, "treasuryStock": 95336000, "capitalSurplus": 484348000, "otherStockholderEquity": 95336000, "totalStockholderEquity": 1815778000, "netTangibleAssets": 1814437000}, {"maxAge": 1, "endDate": "2019-12-31", "totalStockholderEquity": 2121043000, "netTangibleAssets": 2119558000}, {"maxAge": 1, "endDate": "2019-09-30", "cash": 69057000, "shortTermInvestments": 75739000, "netReceivables": 1551361000, "inventory": 496010000, "otherCurrentAssets": 21321000, "totalCurrentAssets": 2213488000, "propertyPlantEquipment": 618965000, "intangibleAssets": 1485000, "otherAssets": 67596000, "totalAssets": 2901534000, "accountsPayable": 510965000, "otherCurrentLiab": 139242000, "otherLiab": 103265000, "totalCurrentLiabilities": 671983000, "totalLiab": 780491000, "commonStock": 64216000, "treasuryStock": 2056827000, "otherStockholderEquity": 2056827000, "totalStockholderEquity": 2121043000, "netTangibleAssets": 2119558000}], "maxAge": 86400}, "earningsHistory": {"history": [{"maxAge": 1, "epsActual": {}, "epsEstimate": {}, "epsDifference": {}, "surprisePercent": {}, "quarter": {}, "period": "-4q"}, {"maxAge": 1, "epsActual": 7.56, "epsEstimate": 8.5, "epsDifference": -0.94, "surprisePercent": -0.111, "quarter": "2016-12-31", "period": "-3q"}, {"maxAge": 1, "epsActual": 7.24, "epsEstimate": 8.65, "epsDifference": -1.41, "surprisePercent": -0.16299999, "quarter": "2017-03-31", "period": "-2q"}, {"maxAge": 1, "epsActual": 7.78, "epsEstimate": 8.43, "epsDifference": -0.65, "surprisePercent": -0.077, "quarter": "2017-12-31", "period": "-1q"}], "maxAge": 86400}, "indexTrend": {"maxAge": 1, "symbol": "SP5", "peRatio": 19.7411, "pegRatio": 1.34172, "estimates": [{"period": "0q", "growth": 0.549}, {"period": "+1q", "growth": 0.431}, {"period": "0y", "growth": 0.305}, {"period": "+1y", "growth": 0.109}, {"period": "+5y", "growth": 0.120859005}, {"period": "-5y"}]}, "industryTrend": {"maxAge": 1, "symbol": null, "estimates": []}, "insiderTransactions": {"transactions": [{"maxAge": 1, "shares": 150, "filerUrl": "", "transactionText": "", "filerName": "Tata Motors Ltd", "filerRelation": "Promoter", "moneyText": "", "startDate": "2012-04-09", "ownership": "D"}, {"maxAge": 1, "shares": 231, "filerUrl": "", "transactionText": "", "filerName": "Tata Motors Ltd", "filerRelation": "Promoter", "moneyText": "", "startDate": "2012-04-04", "ownership": "D"}, {"maxAge": 1, "shares": 69, "filerUrl": "", "transactionText": "", "filerName": "Tata Motors Ltd", "filerRelation": "Promoter", "moneyText": "", "startDate": "2012-04-02", "ownership": "D"}, {"maxAge": 1, "shares": 12252, "filerUrl": "", "transactionText": "", "filerName": "Tata Motors Ltd", "filerRelation": "Promoter", "moneyText": "", "startDate": "2012-03-28", "ownership": "D"}, {"maxAge": 1, "shares": 29849, "filerUrl": "", "transactionText": "", "filerName": "Tata Motors Ltd", "filerRelation": "Promoter", "moneyText": "", "startDate": "2012-03-14", "ownership": "D"}, {"maxAge": 1, "shares": 2467, "filerUrl": "", "transactionText": "", "filerName": "Tata Motors Ltd", "filerRelation": "Promoter", "moneyText": "", "startDate": "2011-12-08", "ownership": "D"}, {"maxAge": 1, "shares": 3169, "filerUrl": "", "transactionText": "", "filerName": "Tata Motors Ltd", "filerRelation": "Promoter", "moneyText": "", "startDate": "2011-11-18", "ownership": "D"}, {"maxAge": 1, "shares": 13041, "filerUrl": "", "transactionText": "", "filerName": "Tata Motors Ltd", "filerRelation": "Promoter", "moneyText": "", "startDate": "2011-11-04", "ownership": "D"}, {"maxAge": 1, "shares": 2034, "filerUrl": "", "transactionText": "", "filerName": "Tata Motors Ltd", "filerRelation": "Promoter", "moneyText": "", "startDate": "2011-10-18", "ownership": "D"}, {"maxAge": 1, "shares": 1900, "filerUrl": "", "transactionText": "", "filerName": "Tata Motors Ltd", "filerRelation": "Promoter", "moneyText": "", "startDate": "2011-09-21", "ownership": "D"}, {"maxAge": 1, "shares": 9307, "filerUrl": "", "transactionText": "", "filerName": "Tata Motors Ltd", "filerRelation": "Promoter", "moneyText": "", "startDate": "2011-09-19", "ownership": "D"}], "maxAge": 1}, "quoteType": {"exchange": "BSE", "quoteType": "EQUITY", "symbol": "ACGL.BO", "underlyingSymbol": "ACGL.BO", "shortName": "AUTOMOBILE CORPORATION OF GOA", "longName": "Automobile Corporation of Goa Limited", "firstTradeDateEpochUtc": "2002-01-02 09:15:00", "timeZoneFullName": "Asia/Kolkata", "timeZoneShortName": "IST", "uuid": "1bee9878-bebd-3210-a094-0be6afead824", "messageBoardId": null, "gmtOffSetMilliseconds": 19800000, "maxAge": 1}, "incomeStatementHistory": {"incomeStatementHistory": [{"maxAge": 1, "endDate": "2020-03-31", "totalRevenue": 3331715000, "costOfRevenue": 2206499000, "grossProfit": 1125216000, "researchDevelopment": {}, "sellingGeneralAdministrative": 456018000, "nonRecurring": {}, "otherOperatingExpenses": 545892000, "totalOperatingExpenses": 3260671000, "operatingIncome": 71044000, "totalOtherIncomeExpenseNet": 62225000, "ebit": 71044000, "interestExpense": -1853000, "incomeBeforeTax": 133269000, "incomeTaxExpense": 33699000, "minorityInterest": {}, "netIncomeFromContinuingOps": 99570000, "discontinuedOperations": {}, "extraordinaryItems": {}, "effectOfAccountingCharges": {}, "otherItems": {}, "netIncome": 99570000, "netIncomeApplicableToCommonShares": 99570000}, {"maxAge": 1, "endDate": "2019-03-31", "totalRevenue": 4261730000, "costOfRevenue": 2775827000, "grossProfit": 1485903000, "researchDevelopment": {}, "sellingGeneralAdministrative": 470317000, "nonRecurring": {}, "otherOperatingExpenses": 702297000, "totalOperatingExpenses": 4001302000, "operatingIncome": 260428000, "totalOtherIncomeExpenseNet": 56883000, "ebit": 260428000, "interestExpense": -1441000, "incomeBeforeTax": 317311000, "incomeTaxExpense": 108662000, "minorityInterest": {}, "netIncomeFromContinuingOps": 208649000, "discontinuedOperations": {}, "extraordinaryItems": {}, "effectOfAccountingCharges": {}, "otherItems": {}, "netIncome": 208649000, "netIncomeApplicableToCommonShares": 208649000}, {"maxAge": 1, "endDate": "2018-03-31", "totalRevenue": 4894165689, "costOfRevenue": 3358884197, "grossProfit": 1535281492, "researchDevelopment": {}, "sellingGeneralAdministrative": 434994493, "nonRecurring": {}, "otherOperatingExpenses": 810712337, "totalOperatingExpenses": 4657752029, "operatingIncome": 236413660, "totalOtherIncomeExpenseNet": 91322112, "ebit": 236413660, "interestExpense": -3853594, "incomeBeforeTax": 327735772, "incomeTaxExpense": 126173715, "minorityInterest": {}, "netIncomeFromContinuingOps": 201562057, "discontinuedOperations": {}, "extraordinaryItems": {}, "effectOfAccountingCharges": {}, "otherItems": {}, "netIncome": 201562057, "netIncomeApplicableToCommonShares": 201562057}, {"maxAge": 1, "endDate": "2017-03-31", "totalRevenue": 4674158120, "costOfRevenue": 3155374533, "grossProfit": 1518783587, "researchDevelopment": {}, "sellingGeneralAdministrative": 457799341, "nonRecurring": {}, "otherOperatingExpenses": 755948866, "totalOperatingExpenses": 4425282768, "operatingIncome": 248875352, "totalOtherIncomeExpenseNet": 75488724, "ebit": 248875352, "interestExpense": -2496393, "incomeBeforeTax": 324364076, "incomeTaxExpense": 114573847, "minorityInterest": {}, "netIncomeFromContinuingOps": 209790229, "discontinuedOperations": {}, "extraordinaryItems": {}, "effectOfAccountingCharges": {}, "otherItems": {}, "netIncome": 209790229, "netIncomeApplicableToCommonShares": 209790229}], "maxAge": 86400}, "fundOwnership": {"maxAge": 1, "ownershipList": []}, "summaryDetail": {"maxAge": 1, "priceHint": 2, "previousClose": 398.3, "open": 396.0, "dayLow": 391.6, "dayHigh": 402.0, "regularMarketPreviousClose": 398.3, "regularMarketOpen": 396.0, "regularMarketDayLow": 391.6, "regularMarketDayHigh": 402.0, "forwardPE": 8.994781, "volume": 1108, "regularMarketVolume": 1108, "averageVolume": 3902, "averageVolume10days": 1447, "averageDailyVolume10Day": 1447, "bid": 392.1, "ask": 399.85, "bidSize": 0, "askSize": 0, "marketCap": 2413528832, "fiftyTwoWeekLow": 227.3, "fiftyTwoWeekHigh": 545.3, "fiftyDayAverage": 458.97714, "twoHundredDayAverage": 376.05984, "trailingAnnualDividendRate": 10.0, "trailingAnnualDividendYield": 0.025106704, "currency": "INR", "fromCurrency": null, "toCurrency": null, "lastMarket": null, "algorithm": null, "tradeable": false}, "sectorTrend": {"maxAge": 1, "symbol": null, "estimates": []}, "incomeStatementHistoryQuarterly": {"incomeStatementHistory": [{"maxAge": 1, "endDate": "2020-06-30", "totalRevenue": 94588000, "costOfRevenue": 57873000, "grossProfit": 36715000, "researchDevelopment": {}, "sellingGeneralAdministrative": 98320000, "nonRecurring": {}, "otherOperatingExpenses": 25292000, "totalOperatingExpenses": 194161000, "operatingIncome": -99573000, "totalOtherIncomeExpenseNet": 28661000, "ebit": -99573000, "interestExpense": -303000, "incomeBeforeTax": -70912000, "incomeTaxExpense": -1991000, "minorityInterest": {}, "netIncomeFromContinuingOps": -68921000, "discontinuedOperations": {}, "extraordinaryItems": {}, "effectOfAccountingCharges": {}, "otherItems": {}, "netIncome": -68921000, "netIncomeApplicableToCommonShares": -68921000}, {"maxAge": 1, "endDate": "2020-03-31", "totalRevenue": 754009000, "costOfRevenue": 507607000, "grossProfit": 246402000, "researchDevelopment": {}, "sellingGeneralAdministrative": 117548000, "nonRecurring": {}, "otherOperatingExpenses": 101541000, "totalOperatingExpenses": 739776000, "operatingIncome": 14233000, "totalOtherIncomeExpenseNet": -17393000, "ebit": 14233000, "interestExpense": -324000, "incomeBeforeTax": -3160000, "incomeTaxExpense": 322000, "minorityInterest": {}, "netIncomeFromContinuingOps": -3482000, "discontinuedOperations": {}, "extraordinaryItems": {}, "effectOfAccountingCharges": {}, "otherItems": {}, "netIncome": -3482000, "netIncomeApplicableToCommonShares": -3482000}, {"maxAge": 1, "endDate": "2019-12-31", "totalRevenue": 536460000, "costOfRevenue": 369411000, "grossProfit": 167049000, "researchDevelopment": {}, "sellingGeneralAdministrative": 109624000, "nonRecurring": {}, "otherOperatingExpenses": 84431000, "totalOperatingExpenses": 576356000, "operatingIncome": -39896000, "totalOtherIncomeExpenseNet": 27705000, "ebit": -39896000, "interestExpense": -427000, "incomeBeforeTax": -12191000, "incomeTaxExpense": 1937000, "minorityInterest": {}, "netIncomeFromContinuingOps": -14128000, "discontinuedOperations": {}, "extraordinaryItems": {}, "effectOfAccountingCharges": {}, "otherItems": {}, "netIncome": -14128000, "netIncomeApplicableToCommonShares": -14128000}, {"maxAge": 1, "endDate": "2019-09-30", "totalRevenue": 826245000, "costOfRevenue": 532957000, "grossProfit": 293288000, "researchDevelopment": {}, "sellingGeneralAdministrative": 114574000, "nonRecurring": {}, "otherOperatingExpenses": 145729000, "totalOperatingExpenses": 806338000, "operatingIncome": 19907000, "totalOtherIncomeExpenseNet": 26129000, "ebit": 19907000, "interestExpense": -604000, "incomeBeforeTax": 46036000, "incomeTaxExpense": -4736000, "minorityInterest": {}, "netIncomeFromContinuingOps": 50772000, "discontinuedOperations": {}, "extraordinaryItems": {}, "effectOfAccountingCharges": {}, "otherItems": {}, "netIncome": 50772000, "netIncomeApplicableToCommonShares": 50772000}], "maxAge": 86400}, "cashflowStatementHistoryQuarterly": {"cashflowStatements": [{"maxAge": 1, "endDate": "2020-06-30", "netIncome": -68921000, "changeToLiabilities": 0}, {"maxAge": 1, "endDate": "2020-03-31", "netIncome": -3482000, "changeToLiabilities": 0}, {"maxAge": 1, "endDate": "2019-12-31", "netIncome": -14128000, "changeToLiabilities": 0}, {"maxAge": 1, "endDate": "2019-09-30", "netIncome": 50772000, "changeToLiabilities": 0}], "maxAge": 86400}, "insiderHolders": {"holders": [{"maxAge": 1, "name": "Tata Motors Ltd", "relation": "Promoter", "url": "", "transactionDescription": "Acquisition", "latestTransDate": "2012-04-09", "positionDirect": 2982199, "positionDirectDate": "2012-04-09"}], "maxAge": 1}, "earnings": {"maxAge": 86400, "earningsChart": {"quarterly": [{"date": "4Q2016", "actual": 7.56, "estimate": 8.5}, {"date": "1Q2017", "actual": 7.24, "estimate": 8.65}, {"date": "4Q2017", "actual": 7.78, "estimate": 8.43}], "currentQuarterEstimateDate": "1Q", "currentQuarterEstimateYear": 2018, "earningsDate": ["2020-07-28 05:30:S"]}, "financialsChart": {"yearly": [{"date": 2017, "revenue": 4674158120, "earnings": 209790229}, {"date": 2018, "revenue": 4894165689, "earnings": 201562057}, {"date": 2019, "revenue": 4261730000, "earnings": 208649000}, {"date": 2020, "revenue": 3331715000, "earnings": 99570000}], "quarterly": [{"date": "3Q2019", "revenue": 826245000, "earnings": 50772000}, {"date": "4Q2019", "revenue": 536460000, "earnings": -14128000}, {"date": "1Q2020", "revenue": 754009000, "earnings": -3482000}, {"date": "2Q2020", "revenue": 94588000, "earnings": -68921000}]}, "financialCurrency": "INR"}, "calendarEvents": {"maxAge": 1, "earnings": {"earningsDate": ["2020-07-28 05:30:S"], "revenueAverage": 1143700000}}, "price": {"maxAge": 1, "regularMarketChangePercent": -0.0047702584, "regularMarketChange": -1.8999939, "regularMarketTime": "2021-04-30 15:29:41", "priceHint": 2, "regularMarketPrice": 396.4, "regularMarketDayHigh": 402.0, "regularMarketDayLow": 391.6, "regularMarketVolume": 1108, "averageDailyVolume10Day": 1447, "averageDailyVolume3Month": 3902, "regularMarketPreviousClose": 398.3, "regularMarketSource": "FREE_REALTIME", "regularMarketOpen": 396.0, "exchange": "BSE", "exchangeName": "BSE", "exchangeDataDelayedBy": 0, "marketState": "CLOSED", "quoteType": "EQUITY", "symbol": "ACGL.BO", "underlyingSymbol": null, "shortName": "AUTOMOBILE CORPORATION OF GOA", "longName": "Automobile Corporation of Goa Limited", "currency": "INR", "quoteSourceName": "Delayed Quote", "currencySymbol": "\u20b9", "fromCurrency": null, "toCurrency": null, "lastMarket": null, "marketCap": 2413528832}, "balanceSheetHistory": {"balanceSheetStatements": [{"maxAge": 1, "endDate": "2020-03-31", "cash": 98497000, "shortTermInvestments": 13311000, "netReceivables": 1350388000, "inventory": 395384000, "otherCurrentAssets": 27306000, "totalCurrentAssets": 1950020000, "propertyPlantEquipment": 596870000, "intangibleAssets": 1341000, "otherAssets": 47782000, "totalAssets": 2596013000, "accountsPayable": 547131000, "otherCurrentLiab": 68734000, "otherLiab": 88804000, "totalCurrentLiabilities": 686039000, "totalLiab": 780235000, "commonStock": 60886000, "retainedEarnings": 1175208000, "treasuryStock": 95336000, "capitalSurplus": 484348000, "otherStockholderEquity": 95336000, "totalStockholderEquity": 1815778000, "netTangibleAssets": 1814437000}, {"maxAge": 1, "endDate": "2019-03-31", "cash": 17045000, "shortTermInvestments": 59000, "netReceivables": 1712516000, "inventory": 471020000, "otherCurrentAssets": 46082000, "totalCurrentAssets": 2323360000, "propertyPlantEquipment": 628947000, "intangibleAssets": 1645000, "otherAssets": 44769000, "totalAssets": 2998721000, "accountsPayable": 614261000, "otherCurrentLiab": 81522000, "otherLiab": 119363000, "totalCurrentLiabilities": 775912000, "totalLiab": 895275000, "commonStock": 64216000, "retainedEarnings": 1266405000, "treasuryStock": 92006000, "capitalSurplus": 680819000, "otherStockholderEquity": 92006000, "totalStockholderEquity": 2103446000, "netTangibleAssets": 2101801000}, {"maxAge": 1, "endDate": "2018-03-31", "cash": 301341, "shortTermInvestments": 57268, "netReceivables": 1839532484, "inventory": 476550598, "otherCurrentAssets": 32993632, "totalCurrentAssets": 2387583192, "propertyPlantEquipment": 668270666, "intangibleAssets": 2300257, "otherAssets": 47897761, "totalAssets": 3106051876, "accountsPayable": 720987599, "otherCurrentLiab": 96852784, "otherLiab": 123233045, "totalCurrentLiabilities": 945258852, "totalLiab": 1068491897, "commonStock": 64216220, "retainedEarnings": 1200519326, "treasuryStock": 92006000, "capitalSurplus": 680818433, "otherStockholderEquity": 92006000, "totalStockholderEquity": 2037559979, "netTangibleAssets": 2035259722}, {"maxAge": 1, "endDate": "2017-03-31", "cash": 255265, "shortTermInvestments": 55271, "netReceivables": 1646306998, "inventory": 538878396, "otherCurrentAssets": 24585158, "totalCurrentAssets": 2216166268, "propertyPlantEquipment": 708293311, "intangibleAssets": 314404, "otherAssets": 63279575, "totalAssets": 2988053558, "accountsPayable": 772143244, "otherCurrentLiab": 66948331, "otherLiab": 131046901, "totalCurrentLiabilities": 890958456, "totalLiab": 1022005357, "commonStock": 64216220, "retainedEarnings": 1129007548, "treasuryStock": 92006000, "capitalSurplus": 680818433, "otherStockholderEquity": 92006000, "totalStockholderEquity": 1966048201, "netTangibleAssets": 1965733797}], "maxAge": 86400}, "earningsTrend": {"trend": [{"maxAge": 1, "period": "0q", "endDate": "2018-03-31", "growth": {}, "earningsEstimate": {"avg": 0.0, "low": 0.0, "high": 0.0, "yearAgoEps": {}, "numberOfAnalysts": 0, "growth": {}}, "revenueEstimate": {"avg": 1143700000, "low": 0, "high": 0, "numberOfAnalysts": 0, "yearAgoRevenue": 1369580000, "growth": -0.165}, "epsTrend": {"current": 0.0, "7daysAgo": 0.0, "30daysAgo": 0.0, "60daysAgo": 0.0, "90daysAgo": 0.0}, "epsRevisions": {"upLast7days": 0, "upLast30days": 0, "downLast30days": 0, "downLast90days": {}}}, {"maxAge": 1, "period": "+1q", "endDate": "2018-06-30", "growth": {}, "earningsEstimate": {"avg": 0.0, "low": 0.0, "high": 0.0, "yearAgoEps": 7.56, "numberOfAnalysts": 0, "growth": {}}, "revenueEstimate": {"avg": 1258820000, "low": 0, "high": 0, "numberOfAnalysts": 0, "yearAgoRevenue": 1310870000, "growth": -0.04}, "epsTrend": {"current": 0.0, "7daysAgo": 0.0, "30daysAgo": 0.0, "60daysAgo": 0.0, "90daysAgo": 0.0}, "epsRevisions": {"upLast7days": 0, "upLast30days": 0, "downLast30days": 0, "downLast90days": {}}}, {"maxAge": 1, "period": "0y", "endDate": "2018-03-31", "growth": {}, "earningsEstimate": {"avg": 0.0, "low": 0.0, "high": 0.0, "yearAgoEps": {}, "numberOfAnalysts": 0, "growth": {}}, "revenueEstimate": {"avg": 4998480000, "low": 5452010000, "high": 5452010000, "numberOfAnalysts": 1, "yearAgoRevenue": 4583840000, "growth": 0.09}, "epsTrend": {"current": 0.0, "7daysAgo": 38.51, "30daysAgo": 38.51, "60daysAgo": 38.51, "90daysAgo": 38.51}, "epsRevisions": {"upLast7days": 0, "upLast30days": 0, "downLast30days": 0, "downLast90days": {}}}, {"maxAge": 1, "period": "+1y", "endDate": "2019-03-31", "growth": {}, "earningsEstimate": {"avg": 0.0, "low": 0.0, "high": 0.0, "yearAgoEps": {}, "numberOfAnalysts": 0, "growth": {}}, "revenueEstimate": {"avg": 6051730000, "low": 6051730000, "high": 6051730000, "numberOfAnalysts": 1, "yearAgoRevenue": 4998480000, "growth": 0.21100001}, "epsTrend": {"current": 0.0, "7daysAgo": 44.07, "30daysAgo": 44.07, "60daysAgo": 44.07, "90daysAgo": 44.07}, "epsRevisions": {"upLast7days": 0, "upLast30days": 0, "downLast30days": 0, "downLast90days": {}}}, {"maxAge": 1, "period": "+5y", "endDate": null, "growth": {}, "earningsEstimate": {"avg": {}, "low": {}, "high": {}, "yearAgoEps": {}, "numberOfAnalysts": {}, "growth": {}}, "revenueEstimate": {"avg": {}, "low": {}, "high": {}, "numberOfAnalysts": {}, "yearAgoRevenue": {}, "growth": {}}, "epsTrend": {"current": {}, "7daysAgo": {}, "30daysAgo": {}, "60daysAgo": {}, "90daysAgo": {}}, "epsRevisions": {"upLast7days": {}, "upLast30days": {}, "downLast30days": {}, "downLast90days": {}}}, {"maxAge": 1, "period": "-5y", "endDate": null, "growth": {}, "earningsEstimate": {"avg": {}, "low": {}, "high": {}, "yearAgoEps": {}, "numberOfAnalysts": {}, "growth": {}}, "revenueEstimate": {"avg": {}, "low": {}, "high": {}, "numberOfAnalysts": {}, "yearAgoRevenue": {}, "growth": {}}, "epsTrend": {"current": {}, "7daysAgo": {}, "30daysAgo": {}, "60daysAgo": {}, "90daysAgo": {}}, "epsRevisions": {"upLast7days": {}, "upLast30days": {}, "downLast30days": {}, "downLast90days": {}}}], "maxAge": 1}, "financialData": {"maxAge": 86400, "currentPrice": 396.4, "targetHighPrice": 597.0, "targetLowPrice": 597.0, "targetMeanPrice": 597.0, "targetMedianPrice": 597.0, "recommendationKey": "none", "numberOfAnalystOpinions": 1, "grossProfits": 1125216000, "financialCurrency": "INR"}}}