{"ACRYSIL.BO": {"recommendationTrend": {"trend": [{"period": "0m", "strongBuy": 0, "buy": 0, "hold": 0, "sell": 0, "strongSell": 0}, {"period": "-1m", "strongBuy": 0, "buy": 0, "hold": 0, "sell": 0, "strongSell": 0}, {"period": "-2m", "strongBuy": 0, "buy": 0, "hold": 0, "sell": 0, "strongSell": 0}, {"period": "-3m", "strongBuy": 0, "buy": 0, "hold": 0, "sell": 0, "strongSell": 0}], "maxAge": 86400}, "cashflowStatementHistory": {"cashflowStatements": [{"maxAge": 1, "endDate": "2020-03-31", "netIncome": 220753000, "depreciation": 117531000, "changeToNetincome": 104884000, "changeToAccountReceivables": -158046000, "changeToLiabilities": 38111000, "changeToInventory": -60464000, "changeToOperatingActivities": 36695000, "totalCashFromOperatingActivities": 301183000, "capitalExpenditures": -195121000, "otherCashflowsFromInvestingActivities": 4584000, "totalCashflowsFromInvestingActivities": -194683000, "dividendsPaid": -30846000, "netBorrowings": -42547000, "otherCashflowsFromFinancingActivities": -87223000, "totalCashFromFinancingActivities": -98741000, "changeInCash": 7759000, "issuanceOfStock": 61875000}, {"maxAge": 1, "endDate": "2019-03-31", "netIncome": 172480000, "depreciation": 84984000, "changeToNetincome": 63769000, "changeToAccountReceivables": -15245000, "changeToLiabilities": -50730000, "changeToInventory": -55253000, "changeToOperatingActivities": 35394000, "totalCashFromOperatingActivities": 236807000, "capitalExpenditures": -183643000, "otherCashflowsFromInvestingActivities": 10678000, "totalCashflowsFromInvestingActivities": -172223000, "dividendsPaid": -25945000, "netBorrowings": 37226000, "otherCashflowsFromFinancingActivities": -53959000, "totalCashFromFinancingActivities": -42678000, "changeInCash": 21905000, "issuanceOfStock": 61875000}, {"maxAge": 1, "endDate": "2018-03-31", "netIncome": 119508000, "depreciation": 71262000, "changeToNetincome": 22285000, "changeToAccountReceivables": -117126000, "changeToLiabilities": 131066000, "changeToInventory": -71304000, "changeToOperatingActivities": 35394000, "totalCashFromOperatingActivities": 155873000, "capitalExpenditures": -195160000, "otherCashflowsFromInvestingActivities": 9373000, "totalCashflowsFromInvestingActivities": -199826000, "dividendsPaid": -25908000, "netBorrowings": 85790000, "otherCashflowsFromFinancingActivities": -63799000, "totalCashFromFinancingActivities": -3917000, "changeInCash": -47871000, "issuanceOfStock": 61875000}, {"maxAge": 1, "endDate": "2017-03-31", "netIncome": 72591000, "depreciation": 55840000, "changeToNetincome": 77262000, "changeToAccountReceivables": -40315000, "changeToLiabilities": -46544000, "changeToInventory": -62456000, "changeToOperatingActivities": 35394000, "totalCashFromOperatingActivities": 57255000, "capitalExpenditures": -131705000, "otherCashflowsFromInvestingActivities": 15608000, "totalCashflowsFromInvestingActivities": -142188000, "dividendsPaid": -25427000, "netBorrowings": 107580000, "otherCashflowsFromFinancingActivities": -65917000, "totalCashFromFinancingActivities": 22356000, "changeInCash": -62577000, "issuanceOfStock": 6120000}], "maxAge": 86400}, "institutionOwnership": {"maxAge": 1, "ownershipList": []}, "balanceSheetHistoryQuarterly": {"balanceSheetStatements": [{"maxAge": 1, "endDate": "2020-06-30", "totalStockholderEquity": 1578115000, "netTangibleAssets": 1321809000}, {"maxAge": 1, "endDate": "2020-03-31", "cash": 59206000, "shortTermInvestments": 117482000, "netReceivables": 1013615000, "inventory": 597440000, "otherCurrentAssets": 69179000, "totalCurrentAssets": 1857256000, "propertyPlantEquipment": 1082989000, "goodWill": 239177000, "intangibleAssets": 17129000, "otherAssets": 48758000, "totalAssets": 3245309000, "accountsPayable": 296990000, "shortLongTermDebt": 106212000, "otherCurrentLiab": 284861000, "longTermDebt": 212138000, "otherLiab": 25593000, "minorityInterest": 23646000, "totalCurrentLiabilities": 1400974000, "totalLiab": 1643548000, "commonStock": 53390000, "retainedEarnings": 1118996000, "treasuryStock": 2200000, "capitalSurplus": 403529000, "otherStockholderEquity": 2200000, "totalStockholderEquity": 1578115000, "netTangibleAssets": 1321809000}, {"maxAge": 1, "endDate": "2019-12-31", "totalStockholderEquity": 1444955000, "netTangibleAssets": 1167718000}, {"maxAge": 1, "endDate": "2019-09-30", "cash": 43299000, "shortTermInvestments": 18000, "netReceivables": 637346000, "inventory": 629007000, "otherCurrentAssets": 274537000, "totalCurrentAssets": 1584189000, "longTermInvestments": 15861000, "propertyPlantEquipment": 1012464000, "goodWill": 235031000, "intangibleAssets": 42206000, "otherAssets": 48380000, "totalAssets": 2922270000, "accountsPayable": 348432000, "shortLongTermDebt": 133423000, "otherCurrentLiab": 106611000, "longTermDebt": 126285000, "otherLiab": 41819000, "minorityInterest": 17334000, "totalCurrentLiabilities": 1291877000, "totalLiab": 1459981000, "commonStock": 52265000, "treasuryStock": 1392690000, "otherStockholderEquity": 1392690000, "totalStockholderEquity": 1444955000, "netTangibleAssets": 1167718000}], "maxAge": 86400}, "earningsHistory": {"history": [{"maxAge": 1, "epsActual": {}, "epsEstimate": {}, "epsDifference": {}, "surprisePercent": {}, "quarter": {}, "period": "-4q"}, {"maxAge": 1, "epsActual": {}, "epsEstimate": {}, "epsDifference": {}, "surprisePercent": {}, "quarter": {}, "period": "-3q"}, {"maxAge": 1, "epsActual": 7.8, "epsEstimate": 7.31, "epsDifference": 0.49, "surprisePercent": 0.067, "quarter": "2017-09-30", "period": "-2q"}, {"maxAge": 1, "epsActual": 8.36, "epsEstimate": 5.44, "epsDifference": 2.92, "surprisePercent": 0.537, "quarter": "2018-06-30", "period": "-1q"}], "maxAge": 86400}, "indexTrend": {"maxAge": 1, "symbol": "SP5", "peRatio": 19.7411, "pegRatio": 1.34172, "estimates": [{"period": "0q", "growth": 0.549}, {"period": "+1q", "growth": 0.431}, {"period": "0y", "growth": 0.305}, {"period": "+1y", "growth": 0.109}, {"period": "+5y", "growth": 0.120865}, {"period": "-5y"}]}, "industryTrend": {"maxAge": 1, "symbol": null, "estimates": []}, "insiderTransactions": {"transactions": [{"maxAge": 1, "shares": 1722338, "filerUrl": "", "transactionText": "", "filerName": "Abakkus Emerging Opportunities Fund-1", "filerRelation": "Institution- Corporation", "moneyText": "", "startDate": "2020-10-14", "ownership": "D"}], "maxAge": 1}, "quoteType": {"exchange": "BSE", "quoteType": "EQUITY", "symbol": "ACRYSIL.BO", "underlyingSymbol": "ACRYSIL.BO", "shortName": "ACRYSIL LTD.", "longName": "Acrysil Limited", "firstTradeDateEpochUtc": "2002-01-17 09:15:00", "timeZoneFullName": "Asia/Kolkata", "timeZoneShortName": "IST", "uuid": "1d340ce5-dba3-36bd-84bc-c1eca3df3bd1", "messageBoardId": null, "gmtOffSetMilliseconds": 19800000, "maxAge": 1}, "incomeStatementHistory": {"incomeStatementHistory": [{"maxAge": 1, "endDate": "2020-03-31", "totalRevenue": 2762319000, "costOfRevenue": 1399254000, "grossProfit": 1363065000, "researchDevelopment": {}, "sellingGeneralAdministrative": 299509000, "nonRecurring": {}, "otherOperatingExpenses": 599545000, "totalOperatingExpenses": 2417558000, "operatingIncome": 344761000, "totalOtherIncomeExpenseNet": -39943000, "ebit": 344761000, "interestExpense": -80586000, "incomeBeforeTax": 304818000, "incomeTaxExpense": 76198000, "minorityInterest": 23646000, "netIncomeFromContinuingOps": 228620000, "discontinuedOperations": {}, "extraordinaryItems": {}, "effectOfAccountingCharges": {}, "otherItems": {}, "netIncome": 220753000, "netIncomeApplicableToCommonShares": 220753000}, {"maxAge": 1, "endDate": "2019-03-31", "totalRevenue": 2515987000, "costOfRevenue": 1311005000, "grossProfit": 1204982000, "researchDevelopment": {}, "sellingGeneralAdministrative": 286909000, "nonRecurring": {}, "otherOperatingExpenses": 513664000, "totalOperatingExpenses": 2197969000, "operatingIncome": 318018000, "totalOtherIncomeExpenseNet": -75949000, "ebit": 318018000, "interestExpense": -74584000, "incomeBeforeTax": 242069000, "incomeTaxExpense": 67248000, "minorityInterest": 15787000, "netIncomeFromContinuingOps": 174821000, "discontinuedOperations": {}, "extraordinaryItems": {}, "effectOfAccountingCharges": {}, "otherItems": {}, "netIncome": 172480000, "netIncomeApplicableToCommonShares": 172480000}, {"maxAge": 1, "endDate": "2018-03-31", "totalRevenue": 1964670000, "costOfRevenue": 826093000, "grossProfit": 1138577000, "researchDevelopment": {}, "sellingGeneralAdministrative": 171263000, "nonRecurring": {}, "otherOperatingExpenses": 710460000, "totalOperatingExpenses": 1779260000, "operatingIncome": 185410000, "totalOtherIncomeExpenseNet": -16568000, "ebit": 185410000, "interestExpense": -63799000, "incomeBeforeTax": 168842000, "incomeTaxExpense": 46473000, "minorityInterest": 13433000, "netIncomeFromContinuingOps": 122369000, "discontinuedOperations": {}, "extraordinaryItems": {}, "effectOfAccountingCharges": {}, "otherItems": {}, "netIncome": 119508000, "netIncomeApplicableToCommonShares": 119508000}, {"maxAge": 1, "endDate": "2017-03-31", "totalRevenue": 1809865000, "costOfRevenue": 715742000, "grossProfit": 1094123000, "researchDevelopment": {}, "sellingGeneralAdministrative": 244866000, "nonRecurring": {}, "otherOperatingExpenses": 587978000, "totalOperatingExpenses": 1605303000, "operatingIncome": 204562000, "totalOtherIncomeExpenseNet": -77687000, "ebit": 204562000, "interestExpense": -65917000, "incomeBeforeTax": 126875000, "incomeTaxExpense": 47149000, "minorityInterest": 18623000, "netIncomeFromContinuingOps": 79726000, "discontinuedOperations": {}, "extraordinaryItems": {}, "effectOfAccountingCharges": {}, "otherItems": {}, "netIncome": 72591000, "netIncomeApplicableToCommonShares": 72591000}], "maxAge": 86400}, "fundOwnership": {"maxAge": 1, "ownershipList": []}, "summaryDetail": {"maxAge": 1, "priceHint": 2, "previousClose": 326.7, "open": 340.0, "dayLow": 321.0, "dayHigh": 340.0, "regularMarketPreviousClose": 326.7, "regularMarketOpen": 340.0, "regularMarketDayLow": 321.0, "regularMarketDayHigh": 340.0, "trailingPE": 40.888325, "forwardPE": 11.114178, "volume": 5588, "regularMarketVolume": 5588, "averageVolume": 88791, "averageVolume10days": 89213, "averageDailyVolume10Day": 89213, "bid": 322.45, "ask": 324.25, "bidSize": 0, "askSize": 0, "marketCap": 8601097216, "fiftyTwoWeekLow": 53.95, "fiftyTwoWeekHigh": 340.0, "fiftyDayAverage": 216.02571, "twoHundredDayAverage": 156.85475, "trailingAnnualDividendRate": 1.2, "trailingAnnualDividendYield": 0.0036730946, "currency": "INR", "fromCurrency": null, "toCurrency": null, "lastMarket": null, "algorithm": null, "tradeable": false}, "sectorTrend": {"maxAge": 1, "symbol": null, "estimates": []}, "incomeStatementHistoryQuarterly": {"incomeStatementHistory": [{"maxAge": 1, "endDate": "2020-06-30", "totalRevenue": 459794000, "costOfRevenue": 214504000, "grossProfit": 245290000, "researchDevelopment": {}, "sellingGeneralAdministrative": 42468000, "nonRecurring": {}, "otherOperatingExpenses": 105484000, "totalOperatingExpenses": 390235000, "operatingIncome": 69559000, "totalOtherIncomeExpenseNet": -9421000, "ebit": 69559000, "interestExpense": -18898000, "incomeBeforeTax": 60138000, "incomeTaxExpense": 14512000, "minorityInterest": {}, "netIncomeFromContinuingOps": 45626000, "discontinuedOperations": {}, "extraordinaryItems": {}, "effectOfAccountingCharges": {}, "otherItems": {}, "netIncome": 45899000, "netIncomeApplicableToCommonShares": 45899000}, {"maxAge": 1, "endDate": "2020-03-31", "totalRevenue": 643548000, "costOfRevenue": 492361000, "grossProfit": 151187000, "researchDevelopment": {}, "sellingGeneralAdministrative": 136257000, "nonRecurring": {}, "otherOperatingExpenses": -81339000, "totalOperatingExpenses": 582440000, "operatingIncome": 61108000, "totalOtherIncomeExpenseNet": -2576000, "ebit": 61108000, "interestExpense": -14344000, "incomeBeforeTax": 58532000, "incomeTaxExpense": 13512000, "minorityInterest": 23646000, "netIncomeFromContinuingOps": 45020000, "discontinuedOperations": {}, "extraordinaryItems": {}, "effectOfAccountingCharges": {}, "otherItems": {}, "netIncome": 38972000, "netIncomeApplicableToCommonShares": 38972000}, {"maxAge": 1, "endDate": "2019-12-31", "totalRevenue": 731736000, "costOfRevenue": 317618000, "grossProfit": 414118000, "researchDevelopment": {}, "sellingGeneralAdministrative": 57487000, "nonRecurring": {}, "otherOperatingExpenses": 233301000, "totalOperatingExpenses": 637500000, "operatingIncome": 94236000, "totalOtherIncomeExpenseNet": -3067000, "ebit": 94236000, "interestExpense": -20145000, "incomeBeforeTax": 91169000, "incomeTaxExpense": 22740000, "minorityInterest": 23646000, "netIncomeFromContinuingOps": 68429000, "discontinuedOperations": {}, "extraordinaryItems": {}, "effectOfAccountingCharges": {}, "otherItems": {}, "netIncome": 68158000, "netIncomeApplicableToCommonShares": 68158000}, {"maxAge": 1, "endDate": "2019-09-30", "totalRevenue": 706787000, "costOfRevenue": 294831000, "grossProfit": 411956000, "researchDevelopment": {}, "sellingGeneralAdministrative": 54121000, "nonRecurring": {}, "otherOperatingExpenses": 235823000, "totalOperatingExpenses": 615551000, "operatingIncome": 91236000, "totalOtherIncomeExpenseNet": -16981000, "ebit": 91236000, "interestExpense": -24503000, "incomeBeforeTax": 74255000, "incomeTaxExpense": 17620000, "minorityInterest": 17334000, "netIncomeFromContinuingOps": 56635000, "discontinuedOperations": {}, "extraordinaryItems": {}, "effectOfAccountingCharges": {}, "otherItems": {}, "netIncome": 55876000, "netIncomeApplicableToCommonShares": 55876000}], "maxAge": 86400}, "cashflowStatementHistoryQuarterly": {"cashflowStatements": [{"maxAge": 1, "endDate": "2020-06-30", "netIncome": 45899000, "changeToLiabilities": 0}, {"maxAge": 1, "endDate": "2020-03-31", "netIncome": 38972000, "changeToLiabilities": 0}, {"maxAge": 1, "endDate": "2019-12-31", "netIncome": 68158000, "changeToLiabilities": 0}, {"maxAge": 1, "endDate": "2019-09-30", "netIncome": 55876000, "changeToLiabilities": 0}], "maxAge": 86400}, "insiderHolders": {"holders": [{"maxAge": 1, "name": "Abakkus Emerging Opportunities Fund-1", "relation": "Institution- Corporation", "url": "", "transactionDescription": "Acquisition", "latestTransDate": "2020-10-14", "positionDirect": 1722338, "positionDirectDate": "2020-10-14"}], "maxAge": 1}, "earnings": {"maxAge": 86400, "earningsChart": {"quarterly": [{"date": "3Q2017", "actual": 7.8, "estimate": 7.31}, {"date": "2Q2018", "actual": 8.36, "estimate": 5.44}], "currentQuarterEstimateDate": "3Q", "currentQuarterEstimateYear": 2018, "earningsDate": ["2020-08-12 05:30:S"]}, "financialsChart": {"yearly": [{"date": 2017, "revenue": 1809865000, "earnings": 72591000}, {"date": 2018, "revenue": 1964670000, "earnings": 119508000}, {"date": 2019, "revenue": 2515987000, "earnings": 172480000}, {"date": 2020, "revenue": 2762319000, "earnings": 220753000}], "quarterly": [{"date": "3Q2019", "revenue": 706787000, "earnings": 55876000}, {"date": "4Q2019", "revenue": 731736000, "earnings": 68158000}, {"date": "1Q2020", "revenue": 643548000, "earnings": 38972000}, {"date": "2Q2020", "revenue": 459794000, "earnings": 45899000}]}, "financialCurrency": "INR"}, "calendarEvents": {"maxAge": 1, "earnings": {"earningsDate": ["2020-08-12 05:30:S"], "revenueAverage": 661933000}}, "price": {"maxAge": 1, "regularMarketChangePercent": -0.013774104, "regularMarketChange": -4.5, "regularMarketTime": "2021-04-30 15:29:31", "priceHint": 2, "regularMarketPrice": 322.2, "regularMarketDayHigh": 340.0, "regularMarketDayLow": 321.0, "regularMarketVolume": 5588, "averageDailyVolume10Day": 89213, "averageDailyVolume3Month": 88791, "regularMarketPreviousClose": 326.7, "regularMarketSource": "FREE_REALTIME", "regularMarketOpen": 340.0, "exchange": "BSE", "exchangeName": "BSE", "exchangeDataDelayedBy": 0, "marketState": "CLOSED", "quoteType": "EQUITY", "symbol": "ACRYSIL.BO", "underlyingSymbol": null, "shortName": "ACRYSIL LTD.", "longName": "Acrysil Limited", "currency": "INR", "quoteSourceName": "Delayed Quote", "currencySymbol": "\u20b9", "fromCurrency": null, "toCurrency": null, "lastMarket": null, "marketCap": 8601097216}, "balanceSheetHistory": {"balanceSheetStatements": [{"maxAge": 1, "endDate": "2020-03-31", "cash": 59206000, "shortTermInvestments": 117482000, "netReceivables": 1013615000, "inventory": 597440000, "otherCurrentAssets": 69179000, "totalCurrentAssets": 1857256000, "propertyPlantEquipment": 1082989000, "goodWill": 239177000, "intangibleAssets": 17129000, "otherAssets": 48758000, "totalAssets": 3245309000, "accountsPayable": 296990000, "shortLongTermDebt": 106212000, "otherCurrentLiab": 284861000, "longTermDebt": 212138000, "otherLiab": 25593000, "minorityInterest": 23646000, "totalCurrentLiabilities": 1400974000, "totalLiab": 1643548000, "commonStock": 53390000, "retainedEarnings": 1118996000, "treasuryStock": 2200000, "capitalSurplus": 403529000, "otherStockholderEquity": 2200000, "totalStockholderEquity": 1578115000, "netTangibleAssets": 1321809000}, {"maxAge": 1, "endDate": "2019-03-31", "cash": 51446000, "shortTermInvestments": 60702000, "netReceivables": 892129000, "inventory": 536976000, "otherCurrentAssets": 95223000, "totalCurrentAssets": 1639412000, "propertyPlantEquipment": 976611000, "goodWill": 235031000, "intangibleAssets": 18179000, "otherAssets": 37066000, "totalAssets": 2906299000, "accountsPayable": 321829000, "shortLongTermDebt": 121071000, "otherCurrentLiab": 213570000, "longTermDebt": 165650000, "otherLiab": 29049000, "minorityInterest": 15787000, "totalCurrentLiabilities": 1346780000, "totalLiab": 1541479000, "commonStock": 51890000, "retainedEarnings": 940759000, "treasuryStock": 33855000, "capitalSurplus": 322529000, "otherStockholderEquity": 33855000, "totalStockholderEquity": 1349033000, "netTangibleAssets": 1095823000}, {"maxAge": 1, "endDate": "2018-03-31", "cash": 170477000, "netReceivables": 723437000, "inventory": 481723000, "otherCurrentAssets": 44764000, "totalCurrentAssets": 1423099000, "propertyPlantEquipment": 893292000, "goodWill": 235031000, "intangibleAssets": 4900000, "otherAssets": 41573000, "totalAssets": 2597895000, "accountsPayable": 378947000, "shortLongTermDebt": 105845000, "otherCurrentLiab": 68552000, "longTermDebt": 186208000, "otherLiab": 26906000, "minorityInterest": 13433000, "totalCurrentLiabilities": 1188367000, "totalLiab": 1401481000, "commonStock": 51890000, "retainedEarnings": 799556000, "treasuryStock": 9006000, "capitalSurplus": 322529000, "otherStockholderEquity": 9006000, "totalStockholderEquity": 1182981000, "netTangibleAssets": 943050000}, {"maxAge": 1, "endDate": "2017-03-31", "cash": 218348000, "netReceivables": 606059000, "inventory": 410419000, "otherCurrentAssets": 45946000, "totalCurrentAssets": 1284722000, "propertyPlantEquipment": 769423000, "goodWill": 228693000, "intangibleAssets": 5082000, "otherAssets": 39390000, "totalAssets": 2327310000, "accountsPayable": 262799000, "shortLongTermDebt": 76232000, "otherCurrentLiab": 92868000, "longTermDebt": 200191000, "otherLiab": 16499000, "minorityInterest": 18623000, "totalCurrentLiabilities": 974814000, "totalLiab": 1191504000, "commonStock": 51890000, "retainedEarnings": 711275000, "treasuryStock": 31489000, "capitalSurplus": 322529000, "otherStockholderEquity": 31489000, "totalStockholderEquity": 1117183000, "netTangibleAssets": 883408000}], "maxAge": 86400}, "earningsTrend": {"trend": [{"maxAge": 1, "period": "0q", "endDate": "2018-09-30", "growth": {}, "earningsEstimate": {"avg": 0.0, "low": 0.0, "high": 0.0, "yearAgoEps": {}, "numberOfAnalysts": 0, "growth": {}}, "revenueEstimate": {"avg": 661933000, "low": 0, "high": 0, "numberOfAnalysts": 0, "yearAgoRevenue": 525107000, "growth": 0.261}, "epsTrend": {"current": 0.0, "7daysAgo": 0.0, "30daysAgo": 0.0, "60daysAgo": 0.0, "90daysAgo": 0.0}, "epsRevisions": {"upLast7days": 0, "upLast30days": 0, "downLast30days": 0, "downLast90days": {}}}, {"maxAge": 1, "period": "+1q", "endDate": "2018-12-31", "growth": {}, "earningsEstimate": {"avg": 0.0, "low": 0.0, "high": 0.0, "yearAgoEps": {}, "numberOfAnalysts": 0, "growth": {}}, "revenueEstimate": {"avg": 0, "low": 0, "high": 0, "numberOfAnalysts": 0, "yearAgoRevenue": {}, "growth": {}}, "epsTrend": {"current": 0.0, "7daysAgo": 0.0, "30daysAgo": 0.0, "60daysAgo": 0.0, "90daysAgo": 0.0}, "epsRevisions": {"upLast7days": 0, "upLast30days": 0, "downLast30days": 0, "downLast90days": {}}}, {"maxAge": 1, "period": "0y", "endDate": "2019-03-31", "growth": {}, "earningsEstimate": {"avg": 0.0, "low": 0.0, "high": 0.0, "yearAgoEps": {}, "numberOfAnalysts": 0, "growth": {}}, "revenueEstimate": {"avg": 2203730000, "low": 2203730000, "high": 2203730000, "numberOfAnalysts": 1, "yearAgoRevenue": 1474850000, "growth": 0.49400002}, "epsTrend": {"current": 0.0, "7daysAgo": 25.66, "30daysAgo": 25.66, "60daysAgo": 25.66, "90daysAgo": 25.66}, "epsRevisions": {"upLast7days": 0, "upLast30days": 0, "downLast30days": 0, "downLast90days": {}}}, {"maxAge": 1, "period": "+1y", "endDate": "2020-03-31", "growth": {}, "earningsEstimate": {"avg": 0.0, "low": 0.0, "high": 0.0, "yearAgoEps": {}, "numberOfAnalysts": 0, "growth": {}}, "revenueEstimate": {"avg": 2468170000, "low": 2468170000, "high": 2468170000, "numberOfAnalysts": 1, "yearAgoRevenue": 2203730000, "growth": 0.12}, "epsTrend": {"current": 0.0, "7daysAgo": 28.99, "30daysAgo": 28.99, "60daysAgo": 28.99, "90daysAgo": 28.99}, "epsRevisions": {"upLast7days": 0, "upLast30days": 0, "downLast30days": 0, "downLast90days": {}}}, {"maxAge": 1, "period": "+5y", "endDate": null, "growth": {}, "earningsEstimate": {"avg": {}, "low": {}, "high": {}, "yearAgoEps": {}, "numberOfAnalysts": {}, "growth": {}}, "revenueEstimate": {"avg": {}, "low": {}, "high": {}, "numberOfAnalysts": {}, "yearAgoRevenue": {}, "growth": {}}, "epsTrend": {"current": {}, "7daysAgo": {}, "30daysAgo": {}, "60daysAgo": {}, "90daysAgo": {}}, "epsRevisions": {"upLast7days": {}, "upLast30days": {}, "downLast30days": {}, "downLast90days": {}}}, {"maxAge": 1, "period": "-5y", "endDate": null, "growth": {}, "earningsEstimate": {"avg": {}, "low": {}, "high": {}, "yearAgoEps": {}, "numberOfAnalysts": {}, "growth": {}}, "revenueEstimate": {"avg": {}, "low": {}, "high": {}, "numberOfAnalysts": {}, "yearAgoRevenue": {}, "growth": {}}, "epsTrend": {"current": {}, "7daysAgo": {}, "30daysAgo": {}, "60daysAgo": {}, "90daysAgo": {}}, "epsRevisions": {"upLast7days": {}, "upLast30days": {}, "downLast30days": {}, "downLast90days": {}}}], "maxAge": 1}, "financialData": {"maxAge": 86400, "currentPrice": 322.2, "targetHighPrice": 800.0, "targetLowPrice": 800.0, "targetMeanPrice": 800.0, "targetMedianPrice": 800.0, "recommendationKey": "none", "numberOfAnalystOpinions": 1, "grossProfits": 1363065000, "financialCurrency": "INR"}}}