{"ACRYSIL.NS": {"assetProfile": {"address1": "Survey No. 312", "address2": "Bhavnagar - Rajkot Highway Navagam Vartej", "city": "Bhavnagar", "zip": "364060", "country": "India", "phone": "91 27 8254 0218", "fax": "91 27 8254 0558", "website": "http://www.acrysil.com", "industry": "Furnishings, Fixtures & Appliances", "sector": "Consumer Cyclical", "longBusinessSummary": "Acrysil Limited, together with its subsidiaries, manufactures and trades in kitchen sinks and appliances, bath products, tiles, and accessories in India. The company offers quartz sinks, stainless steel sinks, and wash basins; appliances, including faucets, chimneys, hobs, ovens, cook tops, wine chillers, food waste disposers, dish washers, ice makers, refrigerators, fryers and barbeque, and hoods; 3D tiles; and bathroom suites under the Carysil and Sternhagen brand names. It also imports and markets kitchen sinks; and deals in quartz sinks, steel sinks, taps and accessories, and other traded products. In addition, the company markets its products in approximately 50 countries. Acrysil Limited was incorporated in 1987 and is headquartered in Bhavnagar, India.", "fullTimeEmployees": 316, "companyOfficers": [{"maxAge": 1, "name": "Mr. Chirag A. Parekh", "age": 51, "title": "Chairman & MD", "yearBorn": 1969, "exercisedValue": 0, "unexercisedValue": 0}, {"maxAge": 1, "name": "Mr. Anand H. Sharma", "title": "Chief Financial Officer", "fiscalYear": 2020, "totalPay": 3807000, "exercisedValue": 0, "unexercisedValue": 0}, {"maxAge": 1, "name": "Ms. Neha Anup Poddar", "title": "Company Sec. & Compliance Officer", "fiscalYear": 2020, "totalPay": 1278000, "exercisedValue": 0, "unexercisedValue": 0}, {"maxAge": 1, "name": "Mr. Rakesh Ramsingh Pardeshi", "title": "Chief Operating Officer", "exercisedValue": 0, "unexercisedValue": 0}, {"maxAge": 1, "name": "Mr. Pradeep  Trivedi", "title": "Head of HR & Admin", "exercisedValue": 0, "unexercisedValue": 0}, {"maxAge": 1, "name": "Mr. Amithaabh  Upadhyay", "title": "VP of Sales & Marketing", "exercisedValue": 0, "unexercisedValue": 0}, {"maxAge": 1, "name": "Ms. Sneha  Krishnani", "title": "Head - Brand Strategy & Bus. Devel. - Sternhagen", "exercisedValue": 0, "unexercisedValue": 0}, {"maxAge": 1, "name": "Ms. Manjari  Sah", "title": "Head of Marketing & Branding", "exercisedValue": 0, "unexercisedValue": 0}, {"maxAge": 1, "name": "Mr. Marcus  Smyth", "title": "Managing Director of UK Operations - Homestyle Products Ltd.", "exercisedValue": 0, "unexercisedValue": 0}, {"maxAge": 1, "name": "Ms. Merle  Wigger", "title": "Head of Bus. Devel. & Sales - Acrysil GmbH - Germany", "exercisedValue": 0, "unexercisedValue": 0}], "compensationAsOfEpochDate": "2020-12-31 05:30:00", "maxAge": 86400}, "cashflowStatementHistory": {"cashflowStatements": [{"maxAge": 1, "endDate": "2020-03-31", "netIncome": 220753000, "depreciation": 117531000, "changeToNetincome": 104884000, "changeToAccountReceivables": -158046000, "changeToLiabilities": 38111000, "changeToInventory": -60464000, "changeToOperatingActivities": 36695000, "totalCashFromOperatingActivities": 301183000, "capitalExpenditures": -195121000, "otherCashflowsFromInvestingActivities": 4584000, "totalCashflowsFromInvestingActivities": -194683000, "dividendsPaid": -30846000, "netBorrowings": -42547000, "otherCashflowsFromFinancingActivities": -87223000, "totalCashFromFinancingActivities": -98741000, "changeInCash": 7759000, "issuanceOfStock": 61875000}, {"maxAge": 1, "endDate": "2019-03-31", "netIncome": 172480000, "depreciation": 84984000, "changeToNetincome": 63769000, "changeToAccountReceivables": -15245000, "changeToLiabilities": -50730000, "changeToInventory": -55253000, "changeToOperatingActivities": 35394000, "totalCashFromOperatingActivities": 236807000, "capitalExpenditures": -183643000, "otherCashflowsFromInvestingActivities": 10678000, "totalCashflowsFromInvestingActivities": -172223000, "dividendsPaid": -25945000, "netBorrowings": 37226000, "otherCashflowsFromFinancingActivities": -53959000, "totalCashFromFinancingActivities": -42678000, "changeInCash": 21905000, "issuanceOfStock": 61875000}, {"maxAge": 1, "endDate": "2018-03-31", "netIncome": 119508000, "depreciation": 71262000, "changeToNetincome": 22285000, "changeToAccountReceivables": -117126000, "changeToLiabilities": 131066000, "changeToInventory": -71304000, "changeToOperatingActivities": 35394000, "totalCashFromOperatingActivities": 155873000, "capitalExpenditures": -195160000, "otherCashflowsFromInvestingActivities": 9373000, "totalCashflowsFromInvestingActivities": -199826000, "dividendsPaid": -25908000, "netBorrowings": 85790000, "otherCashflowsFromFinancingActivities": -63799000, "totalCashFromFinancingActivities": -3917000, "changeInCash": -47871000, "issuanceOfStock": 61875000}, {"maxAge": 1, "endDate": "2017-03-31", "netIncome": 72591000, "depreciation": 55840000, "changeToNetincome": 77262000, "changeToAccountReceivables": -40315000, "changeToLiabilities": -46544000, "changeToInventory": -62456000, "changeToOperatingActivities": 35394000, "totalCashFromOperatingActivities": 57255000, "capitalExpenditures": -131705000, "otherCashflowsFromInvestingActivities": 15608000, "totalCashflowsFromInvestingActivities": -142188000, "dividendsPaid": -25427000, "netBorrowings": 107580000, "otherCashflowsFromFinancingActivities": -65917000, "totalCashFromFinancingActivities": 22356000, "changeInCash": -62577000, "issuanceOfStock": 6120000}], "maxAge": 86400}, "institutionOwnership": {"maxAge": 1, "ownershipList": []}, "majorHoldersBreakdown": {"maxAge": 1, "insidersPercentHeld": 0.63746, "institutionsPercentHeld": 0.0, "institutionsFloatPercentHeld": 0.0, "institutionsCount": 0}, "balanceSheetHistoryQuarterly": {"balanceSheetStatements": [{"maxAge": 1, "endDate": "2020-12-31", "totalStockholderEquity": 1683522000, "netTangibleAssets": 1427501000}, {"maxAge": 1, "endDate": "2020-09-30", "cash": 247524000, "netReceivables": 993640000, "inventory": 505162000, "otherCurrentAssets": 138374000, "totalCurrentAssets": 1884700000, "propertyPlantEquipment": 1098294000, "goodWill": 239177000, "intangibleAssets": 16844000, "otherAssets": 57797000, "totalAssets": 3296812000, "accountsPayable": 240684000, "shortLongTermDebt": 140155000, "otherCurrentLiab": 328861000, "longTermDebt": 175877000, "otherLiab": 27420000, "minorityInterest": 24096000, "totalCurrentLiabilities": 1379573000, "totalLiab": 1589194000, "commonStock": 53390000, "treasuryStock": 1630132000, "otherStockholderEquity": 1630132000, "totalStockholderEquity": 1683522000, "netTangibleAssets": 1427501000}, {"maxAge": 1, "endDate": "2020-06-30", "totalStockholderEquity": 1578115000, "netTangibleAssets": 1321809000}, {"maxAge": 1, "endDate": "2020-03-31", "cash": 59206000, "shortTermInvestments": 117482000, "netReceivables": 1013615000, "inventory": 597440000, "otherCurrentAssets": 69179000, "totalCurrentAssets": 1857256000, "propertyPlantEquipment": 1082989000, "goodWill": 239177000, "intangibleAssets": 17129000, "otherAssets": 48758000, "totalAssets": 3245309000, "accountsPayable": 296990000, "shortLongTermDebt": 106212000, "otherCurrentLiab": 284861000, "longTermDebt": 212138000, "otherLiab": 25593000, "minorityInterest": 23646000, "totalCurrentLiabilities": 1400974000, "totalLiab": 1643548000, "commonStock": 53390000, "retainedEarnings": 1118996000, "treasuryStock": 2200000, "capitalSurplus": 403529000, "otherStockholderEquity": 2200000, "totalStockholderEquity": 1578115000, "netTangibleAssets": 1321809000}], "maxAge": 86400}, "indexTrend": {"maxAge": 1, "symbol": "SP5", "peRatio": 19.7411, "pegRatio": 1.34172, "estimates": [{"period": "0q", "growth": 0.549}, {"period": "+1q", "growth": 0.431}, {"period": "0y", "growth": 0.305}, {"period": "+1y", "growth": 0.109}, {"period": "+5y", "growth": 0.120865}, {"period": "-5y"}]}, "defaultKeyStatistics": {"maxAge": 1, "priceHint": 2, "enterpriseValue": 9499799552, "profitMargins": 0.10963, "floatShares": 8638584, "sharesOutstanding": 26694900, "heldPercentInsiders": 0.63746, "heldPercentInstitutions": 0.0, "beta": 1.021014, "category": null, "bookValue": 63.111, "priceToBook": 5.110044, "fundFamily": null, "legalType": null, "lastFiscalYearEnd": "2020-03-31 05:30:00", "nextFiscalYearEnd": "2022-03-31 05:30:00", "mostRecentQuarter": "2020-12-31 05:30:00", "earningsQuarterlyGrowth": 0.776, "netIncomeToCommon": 299780992, "trailingEps": 11.236, "lastSplitFactor": null, "enterpriseToRevenue": 3.474, "enterpriseToEbitda": 17.525, "52WeekChange": 0.62060297, "SandP52WeekChange": 0.48148263, "lastDividendValue": 0.8, "lastDividendDate": 1613433600}, "summaryProfile": {"address1": "Survey No. 312", "address2": "Bhavnagar - Rajkot Highway Navagam Vartej", "city": "Bhavnagar", "zip": "364060", "country": "India", "phone": "91 27 8254 0218", "fax": "91 27 8254 0558", "website": "http://www.acrysil.com", "industry": "Furnishings, Fixtures & Appliances", "sector": "Consumer Cyclical", "longBusinessSummary": "Acrysil Limited, together with its subsidiaries, manufactures and trades in kitchen sinks and appliances, bath products, tiles, and accessories in India. The company offers quartz sinks, stainless steel sinks, and wash basins; appliances, including faucets, chimneys, hobs, ovens, cook tops, wine chillers, food waste disposers, dish washers, ice makers, refrigerators, fryers and barbeque, and hoods; 3D tiles; and bathroom suites under the Carysil and Sternhagen brand names. It also imports and markets kitchen sinks; and deals in quartz sinks, steel sinks, taps and accessories, and other traded products. In addition, the company markets its products in approximately 50 countries. Acrysil Limited was incorporated in 1987 and is headquartered in Bhavnagar, India.", "fullTimeEmployees": 316, "companyOfficers": [], "maxAge": 86400}, "netSharePurchaseActivity": {"maxAge": 1, "period": "6m", "buyInfoCount": 0, "buyInfoShares": 0, "sellInfoCount": 0, "netInfoCount": 0, "netInfoShares": 0, "netPercentInsiderShares": 0.0, "totalInsiderShares": 17030314}, "insiderTransactions": {"transactions": [{"maxAge": 1, "shares": 6972534, "filerUrl": "", "transactionText": "Other at price 0.00 per share.", "filerName": "Parekh (Chirag Ashwin)", "filerRelation": "Chairman of the Board", "moneyText": "", "startDate": "2021-03-22", "ownership": "D"}, {"maxAge": 1, "shares": 1722338, "filerUrl": "", "transactionText": "", "filerName": "Abakkus Emerging Opportunities Fund-1", "filerRelation": "Institution- Corporation", "moneyText": "", "startDate": "2020-10-14", "ownership": "D"}, {"maxAge": 1, "shares": 2262000, "filerUrl": "", "transactionText": "", "filerName": "Schock & Co GMBH", "filerRelation": "Promoter", "moneyText": "", "startDate": "2020-10-14", "ownership": "D"}, {"maxAge": 1, "shares": 15000, "filerUrl": "", "transactionText": "", "filerName": "Parekh (Chirag Ashwin)", "filerRelation": "Chairman of the Board", "moneyText": "", "startDate": "2014-12-16", "ownership": "D"}, {"maxAge": 1, "shares": 451982, "filerUrl": "", "transactionText": "", "filerName": "Parekh (Chirag Ashwin)", "filerRelation": "Chairman of the Board", "moneyText": "", "startDate": "2014-09-09", "ownership": "D"}, {"maxAge": 1, "shares": 294753, "filerUrl": "", "transactionText": "", "filerName": "Parekh (Chirag Ashwin)", "filerRelation": "Managing Director", "moneyText": "", "startDate": "2010-02-19", "ownership": "D"}, {"maxAge": 1, "shares": 294753, "filerUrl": "", "transactionText": "", "filerName": "Parekh (Ashwin Mohanlal)", "filerRelation": "Chairman of the Board", "moneyText": "", "startDate": "2010-02-19", "ownership": "D"}, {"maxAge": 1, "shares": 30000, "filerUrl": "", "transactionText": "", "filerName": "Industrial Jewels Pvt. Ltd.", "filerRelation": "Institution- Corporation", "moneyText": "", "startDate": "2010-02-11", "ownership": "D"}, {"maxAge": 1, "shares": 56400, "filerUrl": "", "transactionText": "", "filerName": "Parekh (Sonali C)", "filerRelation": "UNREPORTED", "moneyText": "", "startDate": "2010-02-11", "ownership": "D"}, {"maxAge": 1, "shares": 30000, "filerUrl": "", "transactionText": "", "filerName": "Parekh (Chirag Ashwin)", "filerRelation": "Managing Director", "moneyText": "", "startDate": "2010-02-11", "ownership": "D"}, {"maxAge": 1, "shares": 126200, "filerUrl": "", "transactionText": "", "filerName": "Parekh (Chirag Ashwin)", "filerRelation": "Managing Director", "moneyText": "", "startDate": "2010-02-11", "ownership": "D"}], "maxAge": 1}, "quoteType": {"exchange": "NSI", "quoteType": "EQUITY", "symbol": "ACRYSIL.NS", "underlyingSymbol": "ACRYSIL.NS", "shortName": "Acrysil Limited", "longName": "Acrysil Limited", "firstTradeDateEpochUtc": "2021-01-14 09:15:00", "timeZoneFullName": "Asia/Kolkata", "timeZoneShortName": "IST", "uuid": "2561d31f-46d4-3c59-8a77-5ed1225dff3c", "messageBoardId": "finmb_20364586", "gmtOffSetMilliseconds": 19800000, "maxAge": 1}, "incomeStatementHistory": {"incomeStatementHistory": [{"maxAge": 1, "endDate": "2020-03-31", "totalRevenue": 2762319000, "costOfRevenue": 1399254000, "grossProfit": 1363065000, "researchDevelopment": {}, "sellingGeneralAdministrative": 299509000, "nonRecurring": {}, "otherOperatingExpenses": 599545000, "totalOperatingExpenses": 2417558000, "operatingIncome": 344761000, "totalOtherIncomeExpenseNet": -39943000, "ebit": 344761000, "interestExpense": -80586000, "incomeBeforeTax": 304818000, "incomeTaxExpense": 76198000, "minorityInterest": 23646000, "netIncomeFromContinuingOps": 228620000, "discontinuedOperations": {}, "extraordinaryItems": {}, "effectOfAccountingCharges": {}, "otherItems": {}, "netIncome": 220753000, "netIncomeApplicableToCommonShares": 220753000}, {"maxAge": 1, "endDate": "2019-03-31", "totalRevenue": 2515987000, "costOfRevenue": 1311005000, "grossProfit": 1204982000, "researchDevelopment": {}, "sellingGeneralAdministrative": 286909000, "nonRecurring": {}, "otherOperatingExpenses": 513664000, "totalOperatingExpenses": 2197969000, "operatingIncome": 318018000, "totalOtherIncomeExpenseNet": -75949000, "ebit": 318018000, "interestExpense": -74584000, "incomeBeforeTax": 242069000, "incomeTaxExpense": 67248000, "minorityInterest": 15787000, "netIncomeFromContinuingOps": 174821000, "discontinuedOperations": {}, "extraordinaryItems": {}, "effectOfAccountingCharges": {}, "otherItems": {}, "netIncome": 172480000, "netIncomeApplicableToCommonShares": 172480000}, {"maxAge": 1, "endDate": "2018-03-31", "totalRevenue": 1964670000, "costOfRevenue": 826093000, "grossProfit": 1138577000, "researchDevelopment": {}, "sellingGeneralAdministrative": 171263000, "nonRecurring": {}, "otherOperatingExpenses": 710460000, "totalOperatingExpenses": 1779260000, "operatingIncome": 185410000, "totalOtherIncomeExpenseNet": -16568000, "ebit": 185410000, "interestExpense": -63799000, "incomeBeforeTax": 168842000, "incomeTaxExpense": 46473000, "minorityInterest": 13433000, "netIncomeFromContinuingOps": 122369000, "discontinuedOperations": {}, "extraordinaryItems": {}, "effectOfAccountingCharges": {}, "otherItems": {}, "netIncome": 119508000, "netIncomeApplicableToCommonShares": 119508000}, {"maxAge": 1, "endDate": "2017-03-31", "totalRevenue": 1809865000, "costOfRevenue": 715742000, "grossProfit": 1094123000, "researchDevelopment": {}, "sellingGeneralAdministrative": 244866000, "nonRecurring": {}, "otherOperatingExpenses": 587978000, "totalOperatingExpenses": 1605303000, "operatingIncome": 204562000, "totalOtherIncomeExpenseNet": -77687000, "ebit": 204562000, "interestExpense": -65917000, "incomeBeforeTax": 126875000, "incomeTaxExpense": 47149000, "minorityInterest": 18623000, "netIncomeFromContinuingOps": 79726000, "discontinuedOperations": {}, "extraordinaryItems": {}, "effectOfAccountingCharges": {}, "otherItems": {}, "netIncome": 72591000, "netIncomeApplicableToCommonShares": 72591000}], "maxAge": 86400}, "fundOwnership": {"maxAge": 1, "ownershipList": []}, "summaryDetail": {"maxAge": 1, "priceHint": 2, "previousClose": 327.2, "open": 327.0, "dayLow": 320.0, "dayHigh": 331.95, "regularMarketPreviousClose": 327.2, "regularMarketOpen": 327.0, "regularMarketDayLow": 320.0, "regularMarketDayHigh": 331.95, "dividendRate": 1.6, "dividendYield": 0.0049, "exDividendDate": "2021-02-16 05:30:00", "payoutRatio": 0.0, "beta": 1.021014, "trailingPE": 28.702385, "volume": 35088, "regularMarketVolume": 35088, "averageVolume": 118729, "averageVolume10days": 70788, "averageDailyVolume10Day": 70788, "bid": 0.0, "ask": 0.0, "marketCap": 8595947520, "fiftyTwoWeekLow": 181.25, "fiftyTwoWeekHigh": 393.55, "priceToSalesTrailing12Months": 3.143576, "fiftyDayAverage": 333.15295, "twoHundredDayAverage": 291.41867, "currency": "INR", "fromCurrency": null, "toCurrency": null, "lastMarket": null, "algorithm": null, "tradeable": false}, "incomeStatementHistoryQuarterly": {"incomeStatementHistory": [{"maxAge": 1, "endDate": "2020-12-31", "totalRevenue": 874789000, "costOfRevenue": 387072000, "grossProfit": 487717000, "researchDevelopment": {}, "sellingGeneralAdministrative": 60407000, "nonRecurring": {}, "otherOperatingExpenses": 225325000, "totalOperatingExpenses": 705029000, "operatingIncome": 169760000, "totalOtherIncomeExpenseNet": -11986000, "ebit": 169760000, "interestExpense": -15596000, "incomeBeforeTax": 157774000, "incomeTaxExpense": 36024000, "minorityInterest": {}, "netIncomeFromContinuingOps": 121750000, "discontinuedOperations": {}, "extraordinaryItems": {}, "effectOfAccountingCharges": {}, "otherItems": {}, "netIncome": 121023000, "netIncomeApplicableToCommonShares": 121023000}, {"maxAge": 1, "endDate": "2020-09-30", "totalRevenue": 756318000, "costOfRevenue": 365591000, "grossProfit": 390727000, "researchDevelopment": {}, "sellingGeneralAdministrative": 50040000, "nonRecurring": {}, "otherOperatingExpenses": 185237000, "totalOperatingExpenses": 629935000, "operatingIncome": 126383000, "totalOtherIncomeExpenseNet": 1177000, "ebit": 126383000, "interestExpense": -16329000, "incomeBeforeTax": 127560000, "incomeTaxExpense": 32939000, "minorityInterest": 24096000, "netIncomeFromContinuingOps": 94621000, "discontinuedOperations": {}, "extraordinaryItems": {}, "effectOfAccountingCharges": {}, "otherItems": {}, "netIncome": 93898000, "netIncomeApplicableToCommonShares": 93898000}, {"maxAge": 1, "endDate": "2020-06-30", "totalRevenue": 459794000, "costOfRevenue": 214504000, "grossProfit": 245290000, "researchDevelopment": {}, "sellingGeneralAdministrative": 42468000, "nonRecurring": {}, "otherOperatingExpenses": 105484000, "totalOperatingExpenses": 390235000, "operatingIncome": 69559000, "totalOtherIncomeExpenseNet": -9421000, "ebit": 69559000, "interestExpense": -18898000, "incomeBeforeTax": 60138000, "incomeTaxExpense": 14512000, "minorityInterest": 24096000, "netIncomeFromContinuingOps": 45626000, "discontinuedOperations": {}, "extraordinaryItems": {}, "effectOfAccountingCharges": {}, "otherItems": {}, "netIncome": 45899000, "netIncomeApplicableToCommonShares": 45899000}, {"maxAge": 1, "endDate": "2020-03-31", "totalRevenue": 643548000, "costOfRevenue": 492361000, "grossProfit": 151187000, "researchDevelopment": {}, "sellingGeneralAdministrative": 136257000, "nonRecurring": {}, "otherOperatingExpenses": -81339000, "totalOperatingExpenses": 582440000, "operatingIncome": 61108000, "totalOtherIncomeExpenseNet": -2576000, "ebit": 61108000, "interestExpense": -14344000, "incomeBeforeTax": 58532000, "incomeTaxExpense": 13512000, "minorityInterest": 23646000, "netIncomeFromContinuingOps": 45020000, "discontinuedOperations": {}, "extraordinaryItems": {}, "effectOfAccountingCharges": {}, "otherItems": {}, "netIncome": 38972000, "netIncomeApplicableToCommonShares": 38972000}], "maxAge": 86400}, "cashflowStatementHistoryQuarterly": {"cashflowStatements": [{"maxAge": 1, "endDate": "2020-12-31", "netIncome": 121023000, "changeToLiabilities": 0}, {"maxAge": 1, "endDate": "2020-09-30", "netIncome": 93898000, "changeToLiabilities": 0}, {"maxAge": 1, "endDate": "2020-06-30", "netIncome": 45899000, "changeToLiabilities": 0}, {"maxAge": 1, "endDate": "2020-03-31", "netIncome": 38972000, "changeToLiabilities": 0}], "maxAge": 86400}, "insiderHolders": {"holders": [{"maxAge": 1, "name": "Abakkus Emerging Opportunities Fund-1", "relation": "Institution- Corporation", "url": "", "transactionDescription": "Acquisition", "latestTransDate": "2020-10-14", "positionDirect": 1722338, "positionDirectDate": "2020-10-14"}, {"maxAge": 1, "name": "Industrial Jewels Pvt. Ltd.", "relation": "Institution- Corporation", "url": "", "transactionDescription": "Sale", "latestTransDate": "2010-02-11", "positionDirectDate": "2010-02-11"}, {"maxAge": 1, "name": "Parekh (Ashwin Mohanlal)", "relation": "Chairman of the Board", "url": "", "transactionDescription": "Sale", "latestTransDate": "2010-02-19", "positionDirect": 0, "positionDirectDate": "2010-02-19"}, {"maxAge": 1, "name": "Parekh (Chirag Ashwin)", "relation": "Chairman of the Board", "url": "", "transactionDescription": "Other", "latestTransDate": "2021-03-22", "positionDirect": 8633480, "positionDirectDate": "2021-03-22"}, {"maxAge": 1, "name": "Parekh (Sonali C)", "relation": "UNREPORTED", "url": "", "transactionDescription": "Sale", "latestTransDate": "2010-02-11", "positionDirectDate": "2010-02-11"}, {"maxAge": 1, "name": "Schock & Co GMBH", "relation": "Promoter", "url": "", "transactionDescription": "Sale", "latestTransDate": "2020-10-14", "positionDirect": 0, "positionDirectDate": "2020-10-14"}], "maxAge": 1}, "calendarEvents": {"maxAge": 1, "earnings": {"earningsDate": []}, "exDividendDate": "2021-02-16 05:30:00"}, "price": {"maxAge": 1, "regularMarketChangePercent": -0.01436434, "regularMarketChange": -4.700012, "regularMarketTime": "2021-04-30 15:29:51", "priceHint": 2, "regularMarketPrice": 322.5, "regularMarketDayHigh": 331.95, "regularMarketDayLow": 320.0, "regularMarketVolume": 35088, "averageDailyVolume10Day": 70788, "averageDailyVolume3Month": 118729, "regularMarketPreviousClose": 327.2, "regularMarketSource": "FREE_REALTIME", "regularMarketOpen": 327.0, "exchange": "NSI", "exchangeName": "NSE", "exchangeDataDelayedBy": 15, "marketState": "CLOSED", "quoteType": "EQUITY", "symbol": "ACRYSIL.NS", "underlyingSymbol": null, "shortName": "Acrysil Limited", "longName": "Acrysil Limited", "currency": "INR", "quoteSourceName": "Delayed Quote", "currencySymbol": "\u20b9", "fromCurrency": null, "toCurrency": null, "lastMarket": null, "marketCap": 8595947520}, "balanceSheetHistory": {"balanceSheetStatements": [{"maxAge": 1, "endDate": "2020-03-31", "cash": 59206000, "shortTermInvestments": 117482000, "netReceivables": 1013615000, "inventory": 597440000, "otherCurrentAssets": 69179000, "totalCurrentAssets": 1857256000, "propertyPlantEquipment": 1082989000, "goodWill": 239177000, "intangibleAssets": 17129000, "otherAssets": 48758000, "totalAssets": 3245309000, "accountsPayable": 296990000, "shortLongTermDebt": 106212000, "otherCurrentLiab": 284861000, "longTermDebt": 212138000, "otherLiab": 25593000, "minorityInterest": 23646000, "totalCurrentLiabilities": 1400974000, "totalLiab": 1643548000, "commonStock": 53390000, "retainedEarnings": 1118996000, "treasuryStock": 2200000, "capitalSurplus": 403529000, "otherStockholderEquity": 2200000, "totalStockholderEquity": 1578115000, "netTangibleAssets": 1321809000}, {"maxAge": 1, "endDate": "2019-03-31", "cash": 51446000, "shortTermInvestments": 60702000, "netReceivables": 892129000, "inventory": 536976000, "otherCurrentAssets": 95223000, "totalCurrentAssets": 1639412000, "propertyPlantEquipment": 976611000, "goodWill": 235031000, "intangibleAssets": 18179000, "otherAssets": 37066000, "totalAssets": 2906299000, "accountsPayable": 321829000, "shortLongTermDebt": 121071000, "otherCurrentLiab": 213570000, "longTermDebt": 165650000, "otherLiab": 29049000, "minorityInterest": 15787000, "totalCurrentLiabilities": 1346780000, "totalLiab": 1541479000, "commonStock": 51890000, "retainedEarnings": 940759000, "treasuryStock": 33855000, "capitalSurplus": 322529000, "otherStockholderEquity": 33855000, "totalStockholderEquity": 1349033000, "netTangibleAssets": 1095823000}, {"maxAge": 1, "endDate": "2018-03-31", "cash": 170477000, "netReceivables": 723437000, "inventory": 481723000, "otherCurrentAssets": 44764000, "totalCurrentAssets": 1423099000, "propertyPlantEquipment": 893292000, "goodWill": 235031000, "intangibleAssets": 4900000, "otherAssets": 41573000, "totalAssets": 2597895000, "accountsPayable": 378947000, "shortLongTermDebt": 105845000, "otherCurrentLiab": 68552000, "longTermDebt": 186208000, "otherLiab": 26906000, "minorityInterest": 13433000, "totalCurrentLiabilities": 1188367000, "totalLiab": 1401481000, "commonStock": 51890000, "retainedEarnings": 799556000, "treasuryStock": 9006000, "capitalSurplus": 322529000, "otherStockholderEquity": 9006000, "totalStockholderEquity": 1182981000, "netTangibleAssets": 943050000}, {"maxAge": 1, "endDate": "2017-03-31", "cash": 218348000, "netReceivables": 606059000, "inventory": 410419000, "otherCurrentAssets": 45946000, "totalCurrentAssets": 1284722000, "propertyPlantEquipment": 769423000, "goodWill": 228693000, "intangibleAssets": 5082000, "otherAssets": 39390000, "totalAssets": 2327310000, "accountsPayable": 262799000, "shortLongTermDebt": 76232000, "otherCurrentLiab": 92868000, "longTermDebt": 200191000, "otherLiab": 16499000, "minorityInterest": 18623000, "totalCurrentLiabilities": 974814000, "totalLiab": 1191504000, "commonStock": 51890000, "retainedEarnings": 711275000, "treasuryStock": 31489000, "capitalSurplus": 322529000, "otherStockholderEquity": 31489000, "totalStockholderEquity": 1117183000, "netTangibleAssets": 883408000}], "maxAge": 86400}, "financialData": {"maxAge": 86400, "currentPrice": 322.5, "recommendationKey": "none", "totalCash": 247524000, "totalCashPerShare": 9.265, "ebitda": 542072512, "totalDebt": 981787008, "totalRevenue": 2734448896, "debtToEquity": 57.495, "revenuePerShare": 102.492, "grossProfits": 1363065000, "earningsGrowth": 0.742, "revenueGrowth": 0.195, "grossMargins": 0.52399, "ebitdaMargins": 0.19824, "operatingMargins": 0.15609, "profitMargins": 0.10963, "financialCurrency": "INR"}}}