{"ADANITRANS.BO": {"recommendationTrend": {"trend": [{"period": "0m", "strongBuy": 0, "buy": 0, "hold": 0, "sell": 0, "strongSell": 0}, {"period": "-1m", "strongBuy": 0, "buy": 0, "hold": 0, "sell": 0, "strongSell": 0}, {"period": "-2m", "strongBuy": 0, "buy": 0, "hold": 0, "sell": 0, "strongSell": 0}, {"period": "-3m", "strongBuy": 0, "buy": 0, "hold": 0, "sell": 0, "strongSell": 0}], "maxAge": 86400}, "cashflowStatementHistory": {"cashflowStatements": [{"maxAge": 1, "endDate": "2020-03-31", "netIncome": 7418200000, "depreciation": 11684300000, "changeToNetincome": 22484600000, "changeToAccountReceivables": -3210000000, "changeToLiabilities": 4062200000, "changeToInventory": -1795200000, "changeToOperatingActivities": 13672000000, "totalCashFromOperatingActivities": 54372000000, "capitalExpenditures": -27626700000, "investments": -5567700000, "otherCashflowsFromInvestingActivities": 1445200000, "totalCashflowsFromInvestingActivities": -56428800000, "dividendsPaid": -22800000, "netBorrowings": 28830800000, "otherCashflowsFromFinancingActivities": -11207800000, "totalCashFromFinancingActivities": 12504000000, "changeInCash": 10447400000, "repurchaseOfStock": -12096200000, "issuanceOfStock": 7000000000}, {"maxAge": 1, "endDate": "2019-03-31", "netIncome": 5592000000, "depreciation": 8786700000, "changeToNetincome": 13030400000, "changeToAccountReceivables": 849600000, "changeToLiabilities": -983500000, "changeToInventory": -1271500000, "changeToOperatingActivities": -124700000, "totalCashFromOperatingActivities": 25913800000, "capitalExpenditures": -11985500000, "investments": -6510600000, "otherCashflowsFromInvestingActivities": 2649900000, "totalCashflowsFromInvestingActivities": -31381700000, "dividendsPaid": -3100000, "netBorrowings": 881000000, "otherCashflowsFromFinancingActivities": -13037500000, "totalCashFromFinancingActivities": 380400000, "changeInCash": -4208400000, "repurchaseOfStock": -12096200000, "issuanceOfStock": 12540000000}, {"maxAge": 1, "endDate": "2018-03-31", "netIncome": 11429400000, "depreciation": 5793500000, "changeToNetincome": 7856600000, "changeToAccountReceivables": -254000000, "changeToLiabilities": 123400000, "changeToInventory": 33200000, "changeToOperatingActivities": -2999600000, "totalCashFromOperatingActivities": 21983100000, "capitalExpenditures": -9614000000, "investments": 4722700000, "otherCashflowsFromInvestingActivities": 151000000, "totalCashflowsFromInvestingActivities": -32105400000, "dividendsPaid": -8800000, "netBorrowings": 7405700000, "otherCashflowsFromFinancingActivities": -9505100000, "totalCashFromFinancingActivities": 15891800000, "changeInCash": 5957300000, "repurchaseOfStock": -12096200000, "issuanceOfStock": 18000000000}, {"maxAge": 1, "endDate": "2017-03-31", "netIncome": 4164300000, "depreciation": 5692200000, "changeToNetincome": 8245900000, "changeToAccountReceivables": 90500000, "changeToLiabilities": 37700000, "changeToInventory": -147900000, "changeToOperatingActivities": 3804500000, "totalCashFromOperatingActivities": 21887500000, "capitalExpenditures": -13598700000, "investments": -764800000, "otherCashflowsFromInvestingActivities": -2285100000, "totalCashflowsFromInvestingActivities": -17607800000, "dividendsPaid": -8800000, "netBorrowings": 2587800000, "otherCashflowsFromFinancingActivities": -7133100000, "totalCashFromFinancingActivities": -4545300000, "changeInCash": 42400000, "repurchaseOfStock": -12096200000, "issuanceOfStock": 18000000000}], "maxAge": 86400}, "institutionOwnership": {"maxAge": 1, "ownershipList": []}, "balanceSheetHistoryQuarterly": {"balanceSheetStatements": [{"maxAge": 1, "endDate": "2020-06-30", "totalStockholderEquity": 84989600000, "netTangibleAssets": 69087200000}, {"maxAge": 1, "endDate": "2020-03-31", "cash": 12329900000, "netReceivables": 45599800000, "inventory": 5411700000, "otherCurrentAssets": 20010500000, "totalCurrentAssets": 84377000000, "propertyPlantEquipment": 255462000000, "goodWill": 5920900000, "intangibleAssets": 9981500000, "otherAssets": 41370500000, "totalAssets": 397111900000, "accountsPayable": 17515100000, "shortLongTermDebt": 7202700000, "otherCurrentLiab": 11628800000, "longTermDebt": 222896500000, "otherLiab": 23691300000, "deferredLongTermLiab": 2477300000, "minorityInterest": 10621300000, "totalCurrentLiabilities": 53819400000, "totalLiab": 301501000000, "commonStock": 10998100000, "retainedEarnings": 20389500000, "treasuryStock": 53602000000, "otherStockholderEquity": 53602000000, "totalStockholderEquity": 84989600000, "netTangibleAssets": 69087200000}, {"maxAge": 1, "endDate": "2019-12-31", "totalStockholderEquity": 92694000000, "netTangibleAssets": 76879500000}, {"maxAge": 1, "endDate": "2019-09-30", "cash": 15895600000, "shortTermInvestments": 15775800000, "netReceivables": 14037000000, "inventory": 2304900000, "otherCurrentAssets": 1640200000, "totalCurrentAssets": 49653500000, "longTermInvestments": 12832200000, "propertyPlantEquipment": 239023400000, "goodWill": 5901400000, "intangibleAssets": 9913100000, "otherAssets": 19165500000, "deferredLongTermAssetCharges": 835700000, "totalAssets": 336489100000, "accountsPayable": 10645900000, "otherCurrentLiab": 33099000000, "longTermDebt": 166317800000, "otherLiab": 20371600000, "deferredLongTermLiab": 5562600000, "totalCurrentLiabilities": 56197100000, "totalLiab": 243795100000, "commonStock": 10998100000, "treasuryStock": 81695900000, "otherStockholderEquity": 81695900000, "totalStockholderEquity": 92694000000, "netTangibleAssets": 76879500000}], "maxAge": 86400}, "earningsHistory": {"history": [{"maxAge": 1, "epsActual": {}, "epsEstimate": {}, "epsDifference": {}, "surprisePercent": {}, "quarter": {}, "period": "-4q"}, {"maxAge": 1, "epsActual": {}, "epsEstimate": {}, "epsDifference": {}, "surprisePercent": {}, "quarter": {}, "period": "-3q"}, {"maxAge": 1, "epsActual": {}, "epsEstimate": {}, "epsDifference": {}, "surprisePercent": {}, "quarter": {}, "period": "-2q"}, {"maxAge": 1, "epsActual": {}, "epsEstimate": {}, "epsDifference": {}, "surprisePercent": {}, "quarter": {}, "period": "-1q"}], "maxAge": 86400}, "indexTrend": {"maxAge": 1, "symbol": "SP5", "peRatio": 19.7411, "pegRatio": 1.34172, "estimates": [{"period": "0q", "growth": 0.549}, {"period": "+1q", "growth": 0.431}, {"period": "0y", "growth": 0.305}, {"period": "+1y", "growth": 0.109}, {"period": "+5y", "growth": 0.120865}, {"period": "-5y"}]}, "industryTrend": {"maxAge": 1, "symbol": null, "estimates": []}, "insiderTransactions": {"transactions": [{"maxAge": 1, "shares": 3688000, "filerUrl": "", "transactionText": "", "filerName": "Flourishing Trade And Investment Ltd", "filerRelation": "Institution- Corporation", "moneyText": "", "startDate": "2019-02-19", "ownership": "D"}], "maxAge": 1}, "quoteType": {"exchange": "BSE", "quoteType": "EQUITY", "symbol": "ADANITRANS.BO", "underlyingSymbol": "ADANITRANS.BO", "shortName": "Adani Transmission Limited", "longName": "Adani Transmission Limited", "firstTradeDateEpochUtc": "2015-07-31 09:15:00", "timeZoneFullName": "Asia/Kolkata", "timeZoneShortName": "IST", "uuid": "309abc66-d9bd-3278-bf63-6dab2eb470b4", "messageBoardId": null, "gmtOffSetMilliseconds": 19800000, "maxAge": 1}, "incomeStatementHistory": {"incomeStatementHistory": [{"maxAge": 1, "endDate": "2020-03-31", "totalRevenue": 114159600000, "costOfRevenue": 49967900000, "grossProfit": 64191700000, "researchDevelopment": {}, "sellingGeneralAdministrative": 9938900000, "nonRecurring": {}, "otherOperatingExpenses": 9119900000, "totalOperatingExpenses": 80772500000, "operatingIncome": 33387100000, "totalOtherIncomeExpenseNet": -22320300000, "ebit": 33387100000, "interestExpense": -21776600000, "incomeBeforeTax": 11066800000, "incomeTaxExpense": 4001900000, "minorityInterest": 10621300000, "netIncomeFromContinuingOps": 7064900000, "discontinuedOperations": {}, "extraordinaryItems": {}, "effectOfAccountingCharges": {}, "otherItems": {}, "netIncome": 7418200000, "netIncomeApplicableToCommonShares": 3585300000}, {"maxAge": 1, "endDate": "2019-03-31", "totalRevenue": 73054500000, "costOfRevenue": 33455300000, "grossProfit": 39599200000, "researchDevelopment": {}, "sellingGeneralAdministrative": 6203300000, "nonRecurring": {}, "otherOperatingExpenses": 5569000000, "totalOperatingExpenses": 54049100000, "operatingIncome": 19005400000, "totalOtherIncomeExpenseNet": -10603000000, "ebit": 19005400000, "interestExpense": -13477700000, "incomeBeforeTax": 8402400000, "incomeTaxExpense": 2810400000, "minorityInterest": 10621300000, "netIncomeFromContinuingOps": 5592000000, "discontinuedOperations": {}, "extraordinaryItems": {}, "effectOfAccountingCharges": {}, "otherItems": {}, "netIncome": 5592000000, "netIncomeApplicableToCommonShares": 2534900000}, {"maxAge": 1, "endDate": "2018-03-31", "totalRevenue": 39444800000, "costOfRevenue": 8877300000, "grossProfit": 30567500000, "researchDevelopment": {}, "sellingGeneralAdministrative": 505900000, "nonRecurring": {}, "otherOperatingExpenses": 1800400000, "totalOperatingExpenses": 16977700000, "operatingIncome": 22467100000, "totalOtherIncomeExpenseNet": -7750300000, "ebit": 22467100000, "interestExpense": -6730400000, "incomeBeforeTax": 14716800000, "incomeTaxExpense": 3287400000, "minorityInterest": 10621300000, "netIncomeFromContinuingOps": 11429400000, "discontinuedOperations": {}, "extraordinaryItems": {}, "effectOfAccountingCharges": {}, "otherItems": {}, "netIncome": 11429400000, "netIncomeApplicableToCommonShares": 10934300000}, {"maxAge": 1, "endDate": "2017-03-31", "totalRevenue": 28757100000, "costOfRevenue": 7746600000, "grossProfit": 21010500000, "researchDevelopment": {}, "sellingGeneralAdministrative": 536400000, "nonRecurring": {}, "otherOperatingExpenses": 635600000, "totalOperatingExpenses": 14611100000, "operatingIncome": 14146000000, "totalOtherIncomeExpenseNet": -8826700000, "ebit": 14146000000, "interestExpense": -7086100000, "incomeBeforeTax": 5319300000, "incomeTaxExpense": 1155000000, "minorityInterest": 10621300000, "netIncomeFromContinuingOps": 4164300000, "discontinuedOperations": {}, "extraordinaryItems": {}, "effectOfAccountingCharges": {}, "otherItems": {}, "netIncome": 4164300000, "netIncomeApplicableToCommonShares": 4164300000}], "maxAge": 86400}, "fundOwnership": {"maxAge": 1, "ownershipList": []}, "summaryDetail": {"maxAge": 1, "priceHint": 2, "previousClose": 1049.75, "open": 1050.15, "dayLow": 1036.0, "dayHigh": 1060.35, "regularMarketPreviousClose": 1049.75, "regularMarketOpen": 1050.15, "regularMarketDayLow": 1036.0, "regularMarketDayHigh": 1060.35, "trailingPE": 302.20206, "volume": 22517, "regularMarketVolume": 22517, "averageVolume": 85719, "averageVolume10days": 227047, "averageDailyVolume10Day": 227047, "bid": 1040.0, "ask": 1055.0, "bidSize": 0, "askSize": 0, "marketCap": 1154635530240, "fiftyTwoWeekLow": 147.5, "fiftyTwoWeekHigh": 1060.35, "fiftyDayAverage": 528.6157, "twoHundredDayAverage": 370.92554, "currency": "INR", "fromCurrency": null, "toCurrency": null, "lastMarket": null, "algorithm": null, "tradeable": false}, "sectorTrend": {"maxAge": 1, "symbol": null, "estimates": []}, "incomeStatementHistoryQuarterly": {"incomeStatementHistory": [{"maxAge": 1, "endDate": "2020-06-30", "totalRevenue": 24465100000, "costOfRevenue": 7760700000, "grossProfit": 16704400000, "researchDevelopment": {}, "sellingGeneralAdministrative": 2225300000, "nonRecurring": {}, "otherOperatingExpenses": 2915200000, "totalOperatingExpenses": 16679500000, "operatingIncome": 7785600000, "totalOtherIncomeExpenseNet": -2965900000, "ebit": 7785600000, "interestExpense": -6312200000, "incomeBeforeTax": 4819700000, "incomeTaxExpense": 1265700000, "minorityInterest": {}, "netIncomeFromContinuingOps": 3554000000, "discontinuedOperations": {}, "extraordinaryItems": {}, "effectOfAccountingCharges": {}, "otherItems": {}, "netIncome": 3835500000, "netIncomeApplicableToCommonShares": 3835500000}, {"maxAge": 1, "endDate": "2020-03-31", "totalRevenue": 31869600000, "costOfRevenue": 18369300000, "grossProfit": 13500300000, "researchDevelopment": {}, "sellingGeneralAdministrative": 2464200000, "nonRecurring": {}, "otherOperatingExpenses": -286400000, "totalOperatingExpenses": 23591700000, "operatingIncome": 8277900000, "totalOtherIncomeExpenseNet": -6110200000, "ebit": 8277900000, "interestExpense": -6367800000, "incomeBeforeTax": 2167700000, "incomeTaxExpense": 1578000000, "minorityInterest": 10621300000, "netIncomeFromContinuingOps": 589700000, "discontinuedOperations": {}, "extraordinaryItems": {}, "effectOfAccountingCharges": {}, "otherItems": {}, "netIncome": 943000000, "netIncomeApplicableToCommonShares": -2889900000}, {"maxAge": 1, "endDate": "2019-12-31", "totalRevenue": 27775200000, "costOfRevenue": 11070600000, "grossProfit": 16704600000, "researchDevelopment": {}, "sellingGeneralAdministrative": 2357900000, "nonRecurring": {}, "otherOperatingExpenses": 3254400000, "totalOperatingExpenses": 19618300000, "operatingIncome": 8156900000, "totalOtherIncomeExpenseNet": -5111500000, "ebit": 8156900000, "interestExpense": -5159200000, "incomeBeforeTax": 3045400000, "incomeTaxExpense": 1008700000, "minorityInterest": 10621300000, "netIncomeFromContinuingOps": 2036700000, "discontinuedOperations": {}, "extraordinaryItems": {}, "effectOfAccountingCharges": {}, "otherItems": {}, "netIncome": 2036700000, "netIncomeApplicableToCommonShares": 2036700000}, {"maxAge": 1, "endDate": "2019-09-30", "totalRevenue": 25934000000, "costOfRevenue": 9451300000, "grossProfit": 16482700000, "researchDevelopment": {}, "sellingGeneralAdministrative": 2490300000, "nonRecurring": {}, "otherOperatingExpenses": 3220200000, "totalOperatingExpenses": 18075100000, "operatingIncome": 7858900000, "totalOtherIncomeExpenseNet": -5216900000, "ebit": 7858900000, "interestExpense": -4930000000, "incomeBeforeTax": 2642000000, "incomeTaxExpense": 337700000, "minorityInterest": 10621300000, "netIncomeFromContinuingOps": 2304300000, "discontinuedOperations": {}, "extraordinaryItems": {}, "effectOfAccountingCharges": {}, "otherItems": {}, "netIncome": 2304300000, "netIncomeApplicableToCommonShares": 2304300000}], "maxAge": 86400}, "cashflowStatementHistoryQuarterly": {"cashflowStatements": [{"maxAge": 1, "endDate": "2020-06-30", "netIncome": 3835500000, "changeToLiabilities": 0}, {"maxAge": 1, "endDate": "2020-03-31", "netIncome": 943000000, "changeToLiabilities": 0}, {"maxAge": 1, "endDate": "2019-12-31", "netIncome": 2036700000, "changeToLiabilities": 0}, {"maxAge": 1, "endDate": "2019-09-30", "netIncome": 2304300000, "changeToLiabilities": 0}], "maxAge": 86400}, "insiderHolders": {"holders": [{"maxAge": 1, "name": "Flourishing Trade And Investment Ltd", "relation": "Institution- Corporation", "url": "", "transactionDescription": "Other", "latestTransDate": "2019-02-19", "positionDirect": 3688000, "positionDirectDate": "2019-02-19"}], "maxAge": 1}, "earnings": {"maxAge": 86400, "earningsChart": {"quarterly": [], "earningsDate": []}, "financialsChart": {"yearly": [{"date": 2017, "revenue": 28757100000, "earnings": 4164300000}, {"date": 2018, "revenue": 39444800000, "earnings": 11429400000}, {"date": 2019, "revenue": 73054500000, "earnings": 5592000000}, {"date": 2020, "revenue": 114159600000, "earnings": 7418200000}], "quarterly": [{"date": "3Q2019", "revenue": 25934000000, "earnings": 2304300000}, {"date": "4Q2019", "revenue": 27775200000, "earnings": 2036700000}, {"date": "1Q2020", "revenue": 31869600000, "earnings": 943000000}, {"date": "2Q2020", "revenue": 24465100000, "earnings": 3835500000}]}, "financialCurrency": "INR"}, "calendarEvents": {"maxAge": 1, "earnings": {"earningsDate": [], "revenueAverage": 21970100000, "revenueLow": 20610000000, "revenueHigh": 20610000000}}, "price": {"maxAge": 1, "regularMarketChangePercent": 9.523752e-05, "regularMarketChange": 0.099975586, "regularMarketTime": "2021-04-30 15:29:59", "priceHint": 2, "regularMarketPrice": 1049.85, "regularMarketDayHigh": 1060.35, "regularMarketDayLow": 1036.0, "regularMarketVolume": 22517, "averageDailyVolume10Day": 227047, "averageDailyVolume3Month": 85719, "regularMarketPreviousClose": 1049.75, "regularMarketSource": "FREE_REALTIME", "regularMarketOpen": 1050.15, "exchange": "BSE", "exchangeName": "BSE", "exchangeDataDelayedBy": 0, "marketState": "CLOSED", "quoteType": "EQUITY", "symbol": "ADANITRANS.BO", "underlyingSymbol": null, "shortName": "Adani Transmission Limited", "longName": "Adani Transmission Limited", "currency": "INR", "quoteSourceName": "Delayed Quote", "currencySymbol": "\u20b9", "fromCurrency": null, "toCurrency": null, "lastMarket": null, "marketCap": 1154635530240}, "balanceSheetHistory": {"balanceSheetStatements": [{"maxAge": 1, "endDate": "2020-03-31", "cash": 12329900000, "netReceivables": 45599800000, "inventory": 5411700000, "otherCurrentAssets": 20010500000, "totalCurrentAssets": 84377000000, "propertyPlantEquipment": 255462000000, "goodWill": 5920900000, "intangibleAssets": 9981500000, "otherAssets": 41370500000, "totalAssets": 397111900000, "accountsPayable": 17515100000, "shortLongTermDebt": 7202700000, "otherCurrentLiab": 11628800000, "longTermDebt": 222896500000, "otherLiab": 23691300000, "deferredLongTermLiab": 2477300000, "minorityInterest": 10621300000, "totalCurrentLiabilities": 53819400000, "totalLiab": 301501000000, "commonStock": 10998100000, "retainedEarnings": 20389500000, "treasuryStock": 53602000000, "otherStockholderEquity": 53602000000, "totalStockholderEquity": 84989600000, "netTangibleAssets": 69087200000}, {"maxAge": 1, "endDate": "2019-03-31", "cash": 1882500000, "netReceivables": 18040200000, "inventory": 3661800000, "otherCurrentAssets": 13095300000, "totalCurrentAssets": 38296700000, "longTermInvestments": 1209200000, "propertyPlantEquipment": 235307000000, "goodWill": 5901400000, "intangibleAssets": 9852200000, "otherAssets": 36043900000, "deferredLongTermAssetCharges": 1025800000, "totalAssets": 326610400000, "accountsPayable": 12369200000, "shortLongTermDebt": 22001000000, "otherCurrentLiab": 8476100000, "longTermDebt": 163041100000, "otherLiab": 18958800000, "deferredLongTermLiab": 11103800000, "totalCurrentLiabilities": 64181700000, "totalLiab": 246181600000, "commonStock": 10998100000, "retainedEarnings": 15959700000, "treasuryStock": 53471000000, "otherStockholderEquity": 53471000000, "totalStockholderEquity": 80428800000, "netTangibleAssets": 64675200000}, {"maxAge": 1, "endDate": "2018-03-31", "cash": 6090900000, "netReceivables": 9392600000, "inventory": 353400000, "otherCurrentAssets": 1611800000, "totalCurrentAssets": 17496700000, "propertyPlantEquipment": 113232500000, "goodWill": 3205600000, "intangibleAssets": 2200000, "otherAssets": 38717600000, "totalAssets": 172654600000, "accountsPayable": 394900000, "shortLongTermDebt": 8231300000, "otherCurrentLiab": 1394400000, "longTermDebt": 85945600000, "otherLiab": 2864200000, "totalCurrentLiabilities": 23279900000, "totalLiab": 112089700000, "commonStock": 10998100000, "retainedEarnings": 22816700000, "treasuryStock": 26750100000, "otherStockholderEquity": 26750100000, "totalStockholderEquity": 60564900000, "netTangibleAssets": 57357100000}, {"maxAge": 1, "endDate": "2017-03-31", "cash": 133600000, "shortTermInvestments": 1070300000, "netReceivables": 7885600000, "inventory": 386600000, "otherCurrentAssets": 4268500000, "totalCurrentAssets": 13769800000, "propertyPlantEquipment": 108752500000, "goodWill": 3203400000, "intangibleAssets": 2800000, "otherAssets": 2382100000, "totalAssets": 128110600000, "accountsPayable": 271500000, "shortLongTermDebt": 3144500000, "otherCurrentLiab": 2453600000, "longTermDebt": 77290800000, "otherLiab": 2512700000, "totalCurrentLiabilities": 18841800000, "totalLiab": 98645300000, "commonStock": 10998100000, "retainedEarnings": 19891800000, "treasuryStock": -1424600000, "otherStockholderEquity": -1424600000, "totalStockholderEquity": 29465300000, "netTangibleAssets": 26259100000}], "maxAge": 86400}, "earningsTrend": {"trend": [{"maxAge": 1, "period": "0q", "endDate": "2016-06-30", "growth": {}, "earningsEstimate": {"avg": 0.0, "low": 0.0, "high": 0.0, "yearAgoEps": {}, "numberOfAnalysts": 0, "growth": {}}, "revenueEstimate": {"avg": 21970100000, "low": 20610000000, "high": 20610000000, "numberOfAnalysts": 1, "yearAgoRevenue": {}, "growth": {}}, "epsTrend": {"current": 0.0, "7daysAgo": 1.1, "30daysAgo": 1.1, "60daysAgo": 1.1, "90daysAgo": 1.1}, "epsRevisions": {"upLast7days": 0, "upLast30days": 0, "downLast30days": 0, "downLast90days": {}}}, {"maxAge": 1, "period": "+1q", "endDate": "2016-09-30", "growth": {}, "earningsEstimate": {"avg": 0.0, "low": 0.0, "high": 0.0, "yearAgoEps": {}, "numberOfAnalysts": 0, "growth": {}}, "revenueEstimate": {"avg": 21970100000, "low": 20610000000, "high": 20610000000, "numberOfAnalysts": 1, "yearAgoRevenue": {}, "growth": {}}, "epsTrend": {"current": 0.0, "7daysAgo": 0.9, "30daysAgo": 0.9, "60daysAgo": 0.9, "90daysAgo": 0.9}, "epsRevisions": {"upLast7days": 0, "upLast30days": 0, "downLast30days": 0, "downLast90days": {}}}, {"maxAge": 1, "period": "0y", "endDate": "2016-03-31", "growth": {}, "earningsEstimate": {"avg": 0.0, "low": 0.0, "high": 0.0, "yearAgoEps": {}, "numberOfAnalysts": 0, "growth": {}}, "revenueEstimate": {"avg": 21970100000, "low": 20610000000, "high": 20610000000, "numberOfAnalysts": 1, "yearAgoRevenue": {}, "growth": {}}, "epsTrend": {"current": 0.0, "7daysAgo": 3.2, "30daysAgo": 3.2, "60daysAgo": 3.2, "90daysAgo": 3.2}, "epsRevisions": {"upLast7days": 0, "upLast30days": 0, "downLast30days": 0, "downLast90days": {}}}, {"maxAge": 1, "period": "+1y", "endDate": "2017-03-31", "growth": {}, "earningsEstimate": {"avg": 0.0, "low": 0.0, "high": 0.0, "yearAgoEps": {}, "numberOfAnalysts": 0, "growth": {}}, "revenueEstimate": {"avg": 28794500000, "low": 28070000000, "high": 28070000000, "numberOfAnalysts": 1, "yearAgoRevenue": 21970100000, "growth": 0.311}, "epsTrend": {"current": 0.0, "7daysAgo": 3.8, "30daysAgo": 3.8, "60daysAgo": 3.8, "90daysAgo": 3.8}, "epsRevisions": {"upLast7days": 0, "upLast30days": 0, "downLast30days": 0, "downLast90days": {}}}, {"maxAge": 1, "period": "+5y", "endDate": null, "growth": {}, "earningsEstimate": {"avg": {}, "low": {}, "high": {}, "yearAgoEps": {}, "numberOfAnalysts": {}, "growth": {}}, "revenueEstimate": {"avg": {}, "low": {}, "high": {}, "numberOfAnalysts": {}, "yearAgoRevenue": {}, "growth": {}}, "epsTrend": {"current": {}, "7daysAgo": {}, "30daysAgo": {}, "60daysAgo": {}, "90daysAgo": {}}, "epsRevisions": {"upLast7days": {}, "upLast30days": {}, "downLast30days": {}, "downLast90days": {}}}, {"maxAge": 1, "period": "-5y", "endDate": null, "growth": {}, "earningsEstimate": {"avg": {}, "low": {}, "high": {}, "yearAgoEps": {}, "numberOfAnalysts": {}, "growth": {}}, "revenueEstimate": {"avg": {}, "low": {}, "high": {}, "numberOfAnalysts": {}, "yearAgoRevenue": {}, "growth": {}}, "epsTrend": {"current": {}, "7daysAgo": {}, "30daysAgo": {}, "60daysAgo": {}, "90daysAgo": {}}, "epsRevisions": {"upLast7days": {}, "upLast30days": {}, "downLast30days": {}, "downLast90days": {}}}], "maxAge": 1}, "financialData": {"maxAge": 86400, "currentPrice": 1049.85, "targetHighPrice": 113.0, "targetLowPrice": 104.0, "targetMeanPrice": 108.5, "targetMedianPrice": 108.5, "recommendationKey": "none", "numberOfAnalystOpinions": 2, "grossProfits": 64191700000, "financialCurrency": "INR"}}}