{"ADANIENT.BO": {"recommendationTrend": {"trend": [{"period": "0m", "strongBuy": 0, "buy": 0, "hold": 0, "sell": 0, "strongSell": 0}, {"period": "-1m", "strongBuy": 0, "buy": 0, "hold": 0, "sell": 0, "strongSell": 0}, {"period": "-2m", "strongBuy": 0, "buy": 0, "hold": 0, "sell": 0, "strongSell": 0}, {"period": "-3m", "strongBuy": 0, "buy": 0, "hold": 0, "sell": 0, "strongSell": 0}], "maxAge": 86400}, "cashflowStatementHistory": {"cashflowStatements": [{"maxAge": 1, "endDate": "2020-03-31", "netIncome": 11381700000, "depreciation": 4634000000, "changeToNetincome": 13044500000, "changeToAccountReceivables": 4551600000, "changeToLiabilities": -8700300000, "changeToInventory": 1725900000, "changeToOperatingActivities": -2188400000, "totalCashFromOperatingActivities": 24535600000, "investments": -7735800000, "otherCashflowsFromInvestingActivities": 4590800000, "totalCashflowsFromInvestingActivities": -23229700000, "dividendsPaid": -1539700000, "netBorrowings": 11395200000, "otherCashflowsFromFinancingActivities": -12064500000, "totalCashFromFinancingActivities": -2209000000, "effectOfExchangeRate": 12411200000, "changeInCash": 11508100000}, {"maxAge": 1, "endDate": "2019-03-31", "netIncome": 7171400000, "depreciation": 3897700000, "changeToNetincome": 8108500000, "changeToAccountReceivables": -21086600000, "changeToLiabilities": 41101700000, "changeToInventory": -3692300000, "changeToOperatingActivities": -2233400000, "totalCashFromOperatingActivities": 33267000000, "investments": -1253400000, "otherCashflowsFromInvestingActivities": 4790200000, "totalCashflowsFromInvestingActivities": 18091300000, "dividendsPaid": -439900000, "netBorrowings": -46045500000, "otherCashflowsFromFinancingActivities": -15098700000, "totalCashFromFinancingActivities": -61584100000, "effectOfExchangeRate": 6777800000, "changeInCash": -4355800000}, {"maxAge": 1, "endDate": "2018-03-31", "netIncome": 7572500000, "depreciation": 6639200000, "changeToNetincome": 17910100000, "changeToAccountReceivables": -5322500000, "changeToLiabilities": 2875100000, "changeToInventory": -7131200000, "changeToOperatingActivities": 6880700000, "totalCashFromOperatingActivities": 29423900000, "capitalExpenditures": -73050000000, "investments": -2520600000, "otherCashflowsFromInvestingActivities": 5513900000, "totalCashflowsFromInvestingActivities": -77064700000, "dividendsPaid": -439900000, "netBorrowings": 65854400000, "otherCashflowsFromFinancingActivities": -14218800000, "totalCashFromFinancingActivities": 51195700000, "effectOfExchangeRate": 576200000, "changeInCash": 4131100000}, {"maxAge": 1, "endDate": "2017-03-31", "netIncome": 9877400000, "depreciation": 3154600000, "changeToNetincome": 8208300000, "changeToAccountReceivables": -39653200000, "changeToLiabilities": 33949500000, "changeToInventory": -3521200000, "changeToOperatingActivities": -4274700000, "totalCashFromOperatingActivities": 7740700000, "capitalExpenditures": -41671200000, "investments": -2700000000, "otherCashflowsFromInvestingActivities": 6548100000, "totalCashflowsFromInvestingActivities": -12288800000, "dividendsPaid": -439900000, "netBorrowings": 17195800000, "otherCashflowsFromFinancingActivities": -10037600000, "totalCashFromFinancingActivities": 7158200000, "effectOfExchangeRate": -2308900000, "changeInCash": 301100000}], "maxAge": 86400}, "institutionOwnership": {"maxAge": 1, "ownershipList": []}, "balanceSheetHistoryQuarterly": {"balanceSheetStatements": [{"maxAge": 1, "endDate": "2020-06-30", "totalStockholderEquity": 169465700000, "netTangibleAssets": 128331300000}, {"maxAge": 1, "endDate": "2020-03-31", "cash": 21246900000, "shortTermInvestments": 9626600000, "netReceivables": 160924000000, "inventory": 25623700000, "otherCurrentAssets": 22447400000, "totalCurrentAssets": 241829200000, "longTermInvestments": 19163700000, "propertyPlantEquipment": 136778900000, "goodWill": 1391300000, "intangibleAssets": 39743100000, "otherAssets": 30077400000, "deferredLongTermAssetCharges": 2727700000, "totalAssets": 468983600000, "accountsPayable": 118136600000, "shortLongTermDebt": 7666500000, "otherCurrentLiab": 22800400000, "longTermDebt": 35158100000, "otherLiab": 14514600000, "minorityInterest": 12633700000, "totalCurrentLiabilities": 232888800000, "totalLiab": 286884200000, "commonStock": 1099800000, "retainedEarnings": 122289900000, "treasuryStock": 36249600000, "capitalSurplus": 9826400000, "otherStockholderEquity": 36249600000, "totalStockholderEquity": 169465700000, "netTangibleAssets": 128331300000}, {"maxAge": 1, "endDate": "2019-12-31", "totalStockholderEquity": 156568000000, "netTangibleAssets": 112206300000}, {"maxAge": 1, "endDate": "2019-09-30", "cash": 20781900000, "shortTermInvestments": 10410900000, "netReceivables": 152676600000, "inventory": 23429400000, "otherCurrentAssets": 20326800000, "totalCurrentAssets": 227625600000, "longTermInvestments": 22284800000, "propertyPlantEquipment": 123492200000, "goodWill": 1341700000, "intangibleAssets": 43020000000, "otherAssets": 24130200000, "deferredLongTermAssetCharges": 2722700000, "totalAssets": 441894500000, "accountsPayable": 115218300000, "otherCurrentLiab": 41955800000, "longTermDebt": 23007500000, "otherLiab": 19951900000, "minorityInterest": 12515800000, "totalCurrentLiabilities": 229851300000, "totalLiab": 272810700000, "commonStock": 1099800000, "treasuryStock": 155468200000, "otherStockholderEquity": 155468200000, "totalStockholderEquity": 156568000000, "netTangibleAssets": 112206300000}], "maxAge": 86400}, "earningsHistory": {"history": [{"maxAge": 1, "epsActual": {}, "epsEstimate": {}, "epsDifference": {}, "surprisePercent": {}, "quarter": {}, "period": "-4q"}, {"maxAge": 1, "epsActual": {}, "epsEstimate": {}, "epsDifference": {}, "surprisePercent": {}, "quarter": {}, "period": "-3q"}, {"maxAge": 1, "epsActual": {}, "epsEstimate": {}, "epsDifference": {}, "surprisePercent": {}, "quarter": {}, "period": "-2q"}, {"maxAge": 1, "epsActual": {}, "epsEstimate": {}, "epsDifference": {}, "surprisePercent": {}, "quarter": {}, "period": "-1q"}], "maxAge": 86400}, "indexTrend": {"maxAge": 1, "symbol": "SP5", "peRatio": 19.7411, "pegRatio": 1.34172, "estimates": [{"period": "0q", "growth": 0.549}, {"period": "+1q", "growth": 0.431}, {"period": "0y", "growth": 0.305}, {"period": "+1y", "growth": 0.109}, {"period": "+5y", "growth": 0.120865}, {"period": "-5y"}]}, "industryTrend": {"maxAge": 1, "symbol": null, "estimates": []}, "insiderTransactions": {"transactions": [{"maxAge": 1, "shares": 67500, "value": 275285, "filerUrl": "", "transactionText": "Acquisition at price 4.08 per share.", "filerName": "Rameshchandra (Mahadevia Malay) HUF", "filerRelation": "UNREPORTED", "moneyText": "", "startDate": "2020-09-30", "ownership": "D"}, {"maxAge": 1, "shares": 3688000, "filerUrl": "", "transactionText": "", "filerName": "Flourishing Trade And Investment Ltd", "filerRelation": "UNREPORTED", "moneyText": "", "startDate": "2019-02-19", "ownership": "D"}], "maxAge": 1}, "quoteType": {"exchange": "BSE", "quoteType": "EQUITY", "symbol": "ADANIENT.BO", "underlyingSymbol": "ADANIENT.BO", "shortName": "ADANI ENTERPRISES LTD.", "longName": "Adani Enterprises Limited", "firstTradeDateEpochUtc": "2002-07-01 09:15:00", "timeZoneFullName": "Asia/Kolkata", "timeZoneShortName": "IST", "uuid": "b6141ef0-403f-39d1-9ba3-49b256298f50", "messageBoardId": null, "gmtOffSetMilliseconds": 19800000, "maxAge": 1}, "incomeStatementHistory": {"incomeStatementHistory": [{"maxAge": 1, "endDate": "2020-03-31", "totalRevenue": 434025600000, "costOfRevenue": 346603300000, "grossProfit": 87422300000, "researchDevelopment": {}, "sellingGeneralAdministrative": 64579200000, "nonRecurring": {}, "otherOperatingExpenses": -396400000, "totalOperatingExpenses": 415506700000, "operatingIncome": 18518900000, "totalOtherIncomeExpenseNet": -4875700000, "ebit": 18518900000, "interestExpense": -10065100000, "incomeBeforeTax": 13643200000, "incomeTaxExpense": 3243300000, "minorityInterest": 12633700000, "netIncomeFromContinuingOps": 10399900000, "discontinuedOperations": {}, "extraordinaryItems": {}, "effectOfAccountingCharges": {}, "otherItems": {}, "netIncome": 11381700000, "netIncomeApplicableToCommonShares": 11381700000}, {"maxAge": 1, "endDate": "2019-03-31", "totalRevenue": 403786600000, "costOfRevenue": 333214100000, "grossProfit": 70572500000, "researchDevelopment": {}, "sellingGeneralAdministrative": 50884500000, "nonRecurring": {}, "otherOperatingExpenses": -116800000, "totalOperatingExpenses": 387879500000, "operatingIncome": 15907100000, "totalOtherIncomeExpenseNet": -10310400000, "ebit": 15907100000, "interestExpense": -13472900000, "incomeBeforeTax": 5596700000, "incomeTaxExpense": 1445400000, "minorityInterest": 3877700000, "netIncomeFromContinuingOps": 4151300000, "discontinuedOperations": 907800000, "extraordinaryItems": {}, "effectOfAccountingCharges": {}, "otherItems": {}, "netIncome": 7171400000, "netIncomeApplicableToCommonShares": 7171400000}, {"maxAge": 1, "endDate": "2018-03-31", "totalRevenue": 359239200000, "costOfRevenue": 299983400000, "grossProfit": 59255800000, "researchDevelopment": {}, "sellingGeneralAdministrative": 38913800000, "nonRecurring": {}, "otherOperatingExpenses": -134000000, "totalOperatingExpenses": 345402400000, "operatingIncome": 13836800000, "totalOtherIncomeExpenseNet": -7249800000, "ebit": 13836800000, "interestExpense": -10199500000, "incomeBeforeTax": 6587000000, "incomeTaxExpense": 1121100000, "minorityInterest": 7778600000, "netIncomeFromContinuingOps": 5465900000, "discontinuedOperations": 476100000, "extraordinaryItems": {}, "effectOfAccountingCharges": {}, "otherItems": {}, "netIncome": 7572500000, "netIncomeApplicableToCommonShares": 7572500000}, {"maxAge": 1, "endDate": "2017-03-31", "totalRevenue": 365328600000, "costOfRevenue": 309061000000, "grossProfit": 56267600000, "researchDevelopment": {}, "sellingGeneralAdministrative": 36975900000, "nonRecurring": {}, "otherOperatingExpenses": -134000000, "totalOperatingExpenses": 349191500000, "operatingIncome": 16137100000, "totalOtherIncomeExpenseNet": -3785100000, "ebit": 16137100000, "interestExpense": -10774400000, "incomeBeforeTax": 12352000000, "incomeTaxExpense": 2711500000, "minorityInterest": 5622500000, "netIncomeFromContinuingOps": 9640500000, "discontinuedOperations": -388000000, "extraordinaryItems": {}, "effectOfAccountingCharges": {}, "otherItems": {}, "netIncome": 9877400000, "netIncomeApplicableToCommonShares": 9877400000}], "maxAge": 86400}, "fundOwnership": {"maxAge": 1, "ownershipList": [{"maxAge": 1, "reportDate": "2020-07-31", "organization": "Vanguard International Stock Index-Total Intl Stock Indx", "pctHeld": 0.0043, "position": 4752225, "value": 832589820}, {"maxAge": 1, "reportDate": "2020-07-31", "organization": "Vanguard International Stock Index-Emerging Markets Stk", "pctHeld": 0.0032, "position": 3555119, "value": 622856848}, {"maxAge": 1, "reportDate": "2020-07-31", "organization": "DFA Emerging Markets Core Equity Portfolio", "pctHeld": 0.0011999999, "position": 1336541, "value": 234161983}, {"maxAge": 1, "reportDate": "2020-07-31", "organization": "DFA Investment Dimensions-DFA Emerging Mkts Value", "pctHeld": 0.0011, "position": 1240345, "value": 217308444}, {"maxAge": 1, "reportDate": "2020-07-31", "organization": "iShares Core MSCI Emerging Markets ETF", "pctHeld": 0.0011, "position": 1226967, "value": 214964618}, {"maxAge": 1, "reportDate": "2020-06-30", "organization": "College Retirement Equities Fund-Stock Account", "pctHeld": 0.0007, "position": 741700, "value": 115890625}, {"maxAge": 1, "reportDate": "2020-07-31", "organization": "DFA Emerging Markets Small Cap Series", "pctHeld": 0.0007, "position": 740109, "value": 129667096}, {"maxAge": 1, "reportDate": "2020-07-31", "organization": "Vanguard Intl Equity Index Fds-FTSE All World ex U.S. Index Fund", "pctHeld": 0.0004, "position": 456749, "value": 80022424}, {"maxAge": 1, "reportDate": "2020-05-31", "organization": "Schwab Strategic Tr-Schwab Emerging Markets Equity ETF", "pctHeld": 0.00029999999, "position": 347579, "value": 51528586}, {"maxAge": 1, "reportDate": "2020-07-31", "organization": "TIAA-CREF Funds-Quant International Small Cap Equity Fund", "pctHeld": 0.00029999999, "position": 329000, "value": 57640800}]}, "summaryDetail": {"maxAge": 1, "priceHint": 2, "previousClose": 1182.7, "open": 1174.0, "dayLow": 1143.35, "dayHigh": 1200.4, "regularMarketPreviousClose": 1182.7, "regularMarketOpen": 1174.0, "regularMarketDayLow": 1143.35, "regularMarketDayHigh": 1200.4, "trailingPE": 225.03886, "volume": 291832, "regularMarketVolume": 291832, "averageVolume": 420736, "averageVolume10days": 817824, "averageDailyVolume10Day": 817824, "bid": 1145.0, "ask": 1153.8, "bidSize": 0, "askSize": 0, "marketCap": 1274129940480, "fiftyTwoWeekLow": 116.25, "fiftyTwoWeekHigh": 1200.4, "fiftyDayAverage": 591.8343, "twoHundredDayAverage": 404.51385, "trailingAnnualDividendRate": 1.0, "trailingAnnualDividendYield": 0.00084552297, "currency": "INR", "fromCurrency": null, "toCurrency": null, "lastMarket": null, "algorithm": null, "tradeable": false}, "sectorTrend": {"maxAge": 1, "symbol": null, "estimates": []}, "incomeStatementHistoryQuarterly": {"incomeStatementHistory": [{"maxAge": 1, "endDate": "2020-06-30", "totalRevenue": 52651900000, "costOfRevenue": 41999000000, "grossProfit": 10652900000, "researchDevelopment": {}, "sellingGeneralAdministrative": 9624300000, "nonRecurring": {}, "otherOperatingExpenses": {}, "totalOperatingExpenses": 52874800000, "operatingIncome": -222900000, "totalOtherIncomeExpenseNet": -322700000, "ebit": -222900000, "interestExpense": -3131700000, "incomeBeforeTax": -545600000, "incomeTaxExpense": 111100000, "minorityInterest": {}, "netIncomeFromContinuingOps": -656700000, "discontinuedOperations": {}, "extraordinaryItems": {}, "effectOfAccountingCharges": {}, "otherItems": {}, "netIncome": 297900000, "netIncomeApplicableToCommonShares": 297900000}, {"maxAge": 1, "endDate": "2020-03-31", "totalRevenue": 134288300000, "costOfRevenue": 106942400000, "grossProfit": 27345900000, "researchDevelopment": {}, "sellingGeneralAdministrative": 25505500000, "nonRecurring": {}, "otherOperatingExpenses": -396400000, "totalOperatingExpenses": 133458200000, "operatingIncome": 830100000, "totalOtherIncomeExpenseNet": -192500000, "ebit": 830100000, "interestExpense": -3131700000, "incomeBeforeTax": 637600000, "incomeTaxExpense": -331700000, "minorityInterest": 12633700000, "netIncomeFromContinuingOps": 969300000, "discontinuedOperations": {}, "extraordinaryItems": {}, "effectOfAccountingCharges": {}, "otherItems": {}, "netIncome": 612100000, "netIncomeApplicableToCommonShares": 612100000}, {"maxAge": 1, "endDate": "2019-12-31", "totalRevenue": 109481700000, "costOfRevenue": 87173700000, "grossProfit": 22308000000, "researchDevelopment": {}, "sellingGeneralAdministrative": 14258700000, "nonRecurring": {}, "otherOperatingExpenses": -396400000, "totalOperatingExpenses": 102648200000, "operatingIncome": 6833500000, "totalOtherIncomeExpenseNet": -1824200000, "ebit": 6833500000, "interestExpense": -3227200000, "incomeBeforeTax": 5009300000, "incomeTaxExpense": 1179500000, "minorityInterest": 12633700000, "netIncomeFromContinuingOps": 3829800000, "discontinuedOperations": {}, "extraordinaryItems": {}, "effectOfAccountingCharges": {}, "otherItems": {}, "netIncome": 4262600000, "netIncomeApplicableToCommonShares": 4262600000}, {"maxAge": 1, "endDate": "2019-09-30", "totalRevenue": 84641900000, "costOfRevenue": 68348000000, "grossProfit": 16293900000, "researchDevelopment": {}, "sellingGeneralAdministrative": 11841200000, "nonRecurring": {}, "otherOperatingExpenses": -396400000, "totalOperatingExpenses": 81291500000, "operatingIncome": 3350400000, "totalOtherIncomeExpenseNet": -3774800000, "ebit": 3350400000, "interestExpense": -3750500000, "incomeBeforeTax": -424400000, "incomeTaxExpense": -323800000, "minorityInterest": 12515800000, "netIncomeFromContinuingOps": -100600000, "discontinuedOperations": {}, "extraordinaryItems": {}, "effectOfAccountingCharges": {}, "otherItems": {}, "netIncome": 495000000, "netIncomeApplicableToCommonShares": 495000000}], "maxAge": 86400}, "cashflowStatementHistoryQuarterly": {"cashflowStatements": [{"maxAge": 1, "endDate": "2020-06-30", "netIncome": 297900000, "changeToLiabilities": 0}, {"maxAge": 1, "endDate": "2020-03-31", "netIncome": 612100000, "changeToLiabilities": 0}, {"maxAge": 1, "endDate": "2019-12-31", "netIncome": 4262600000, "changeToLiabilities": 0}, {"maxAge": 1, "endDate": "2019-09-30", "netIncome": 495000000, "changeToLiabilities": 0}], "maxAge": 86400}, "insiderHolders": {"holders": [{"maxAge": 1, "name": "Flourishing Trade And Investment Ltd", "relation": "UNREPORTED", "url": "", "transactionDescription": "Other", "latestTransDate": "2019-02-19", "positionDirect": 3688000, "positionDirectDate": "2019-02-19"}, {"maxAge": 1, "name": "Rameshchandra (Mahadevia Malay) HUF", "relation": "UNREPORTED", "url": "", "transactionDescription": "Acquisition", "latestTransDate": "2020-09-30", "positionDirect": 67500, "positionDirectDate": "2020-09-30"}], "maxAge": 1}, "earnings": {"maxAge": 86400, "earningsChart": {"quarterly": [], "earningsDate": []}, "financialsChart": {"yearly": [{"date": 2017, "revenue": 365328600000, "earnings": 9877400000}, {"date": 2018, "revenue": 359239200000, "earnings": 7572500000}, {"date": 2019, "revenue": 403786600000, "earnings": 7171400000}, {"date": 2020, "revenue": 434025600000, "earnings": 11381700000}], "quarterly": [{"date": "3Q2019", "revenue": 84641900000, "earnings": 495000000}, {"date": "4Q2019", "revenue": 109481700000, "earnings": 4262600000}, {"date": "1Q2020", "revenue": 134288300000, "earnings": 612100000}, {"date": "2Q2020", "revenue": 52651900000, "earnings": 297900000}]}, "financialCurrency": "INR"}, "calendarEvents": {"maxAge": 1, "earnings": {"earningsDate": []}}, "price": {"maxAge": 1, "regularMarketChangePercent": -0.020461613, "regularMarketChange": -24.199951, "regularMarketTime": "2021-04-30 15:55:04", "priceHint": 2, "regularMarketPrice": 1158.5, "regularMarketDayHigh": 1200.4, "regularMarketDayLow": 1143.35, "regularMarketVolume": 291832, "averageDailyVolume10Day": 817824, "averageDailyVolume3Month": 420736, "regularMarketPreviousClose": 1182.7, "regularMarketSource": "FREE_REALTIME", "regularMarketOpen": 1174.0, "exchange": "BSE", "exchangeName": "BSE", "exchangeDataDelayedBy": 0, "marketState": "CLOSED", "quoteType": "EQUITY", "symbol": "ADANIENT.BO", "underlyingSymbol": null, "shortName": "ADANI ENTERPRISES LTD.", "longName": "Adani Enterprises Limited", "currency": "INR", "quoteSourceName": "Delayed Quote", "currencySymbol": "\u20b9", "fromCurrency": null, "toCurrency": null, "lastMarket": null, "marketCap": 1274129940480}, "balanceSheetHistory": {"balanceSheetStatements": [{"maxAge": 1, "endDate": "2020-03-31", "cash": 21246900000, "shortTermInvestments": 9626600000, "netReceivables": 160924000000, "inventory": 25623700000, "otherCurrentAssets": 22447400000, "totalCurrentAssets": 241829200000, "longTermInvestments": 19163700000, "propertyPlantEquipment": 136778900000, "goodWill": 1391300000, "intangibleAssets": 39743100000, "otherAssets": 30077400000, "deferredLongTermAssetCharges": 2727700000, "totalAssets": 468983600000, "accountsPayable": 118136600000, "shortLongTermDebt": 7666500000, "otherCurrentLiab": 22800400000, "longTermDebt": 35158100000, "otherLiab": 14514600000, "minorityInterest": 12633700000, "totalCurrentLiabilities": 232888800000, "totalLiab": 286884200000, "commonStock": 1099800000, "retainedEarnings": 122289900000, "treasuryStock": 36249600000, "capitalSurplus": 9826400000, "otherStockholderEquity": 36249600000, "totalStockholderEquity": 169465700000, "netTangibleAssets": 128331300000}, {"maxAge": 1, "endDate": "2019-03-31", "cash": 9738800000, "shortTermInvestments": 4488200000, "netReceivables": 173644600000, "inventory": 26688200000, "otherCurrentAssets": 15677000000, "totalCurrentAssets": 231280100000, "longTermInvestments": 15248800000, "propertyPlantEquipment": 115105100000, "goodWill": 542200000, "intangibleAssets": 31982800000, "otherAssets": 31202800000, "deferredLongTermAssetCharges": 3493100000, "totalAssets": 425361800000, "accountsPayable": 119887300000, "shortLongTermDebt": 12918400000, "otherCurrentLiab": 20503800000, "longTermDebt": 29922200000, "otherLiab": 15024600000, "minorityInterest": 3877700000, "totalCurrentLiabilities": 225092900000, "totalLiab": 273924700000, "commonStock": 1099800000, "retainedEarnings": 112794800000, "treasuryStock": 23838400000, "capitalSurplus": 9826400000, "otherStockholderEquity": 23838400000, "totalStockholderEquity": 147559400000, "netTangibleAssets": 115034400000}, {"maxAge": 1, "endDate": "2018-03-31", "cash": 11590300000, "shortTermInvestments": 3318100000, "netReceivables": 167027300000, "inventory": 23425600000, "otherCurrentAssets": 147297800000, "totalCurrentAssets": 354563800000, "longTermInvestments": 15042200000, "propertyPlantEquipment": 126752500000, "goodWill": 796600000, "intangibleAssets": 32904500000, "otherAssets": 34887500000, "deferredLongTermAssetCharges": 3170500000, "totalAssets": 564947100000, "accountsPayable": 85490000000, "shortLongTermDebt": 7643300000, "otherCurrentLiab": 121380200000, "longTermDebt": 42729800000, "otherLiab": 16962700000, "minorityInterest": 7778600000, "totalCurrentLiabilities": 342995400000, "totalLiab": 406276800000, "commonStock": 1099800000, "retainedEarnings": 120307700000, "treasuryStock": 19657800000, "capitalSurplus": 9826400000, "otherStockholderEquity": 19657800000, "totalStockholderEquity": 150891700000, "netTangibleAssets": 117190600000}, {"maxAge": 1, "endDate": "2017-03-31", "cash": 9963500000, "shortTermInvestments": 4491800000, "netReceivables": 170195100000, "inventory": 16519000000, "otherCurrentAssets": 18398500000, "totalCurrentAssets": 221586700000, "longTermInvestments": 12116300000, "propertyPlantEquipment": 179953500000, "goodWill": 796600000, "intangibleAssets": 32878400000, "otherAssets": 29562500000, "deferredLongTermAssetCharges": 4876300000, "totalAssets": 476894000000, "accountsPayable": 85550100000, "shortLongTermDebt": 9925100000, "otherCurrentLiab": 18188000000, "longTermDebt": 91733300000, "otherLiab": 12097500000, "minorityInterest": 5622500000, "totalCurrentLiabilities": 222269500000, "totalLiab": 329911800000, "commonStock": 1099800000, "retainedEarnings": 113310000000, "treasuryStock": 17123500000, "capitalSurplus": 9826400000, "otherStockholderEquity": 17123500000, "totalStockholderEquity": 141359700000, "netTangibleAssets": 107684700000}], "maxAge": 86400}, "earningsTrend": {"trend": [{"maxAge": 1, "period": "0q", "endDate": null, "growth": {}, "earningsEstimate": {"avg": 0.0, "low": 0.0, "high": 0.0, "yearAgoEps": {}, "numberOfAnalysts": 0, "growth": {}}, "revenueEstimate": {"avg": 0, "low": 0, "high": 0, "numberOfAnalysts": 0, "yearAgoRevenue": {}, "growth": {}}, "epsTrend": {"current": 0.0, "7daysAgo": 0.0, "30daysAgo": 0.0, "60daysAgo": 0.0, "90daysAgo": 0.0}, "epsRevisions": {"upLast7days": 0, "upLast30days": 0, "downLast30days": 0, "downLast90days": {}}}, {"maxAge": 1, "period": "+1q", "endDate": null, "growth": {}, "earningsEstimate": {"avg": 0.0, "low": 0.0, "high": 0.0, "yearAgoEps": {}, "numberOfAnalysts": 0, "growth": {}}, "revenueEstimate": {"avg": 0, "low": 0, "high": 0, "numberOfAnalysts": 0, "yearAgoRevenue": {}, "growth": {}}, "epsTrend": {"current": 0.0, "7daysAgo": 0.0, "30daysAgo": 0.0, "60daysAgo": 0.0, "90daysAgo": 0.0}, "epsRevisions": {"upLast7days": 0, "upLast30days": 0, "downLast30days": 0, "downLast90days": {}}}, {"maxAge": 1, "period": "0y", "endDate": null, "growth": {}, "earningsEstimate": {"avg": 0.0, "low": 0.0, "high": 0.0, "yearAgoEps": {}, "numberOfAnalysts": 0, "growth": {}}, "revenueEstimate": {"avg": 0, "low": 0, "high": 0, "numberOfAnalysts": 0, "yearAgoRevenue": {}, "growth": {}}, "epsTrend": {"current": 0.0, "7daysAgo": 0.0, "30daysAgo": 0.0, "60daysAgo": 0.0, "90daysAgo": 0.0}, "epsRevisions": {"upLast7days": 0, "upLast30days": 0, "downLast30days": 0, "downLast90days": {}}}, {"maxAge": 1, "period": "+1y", "endDate": null, "growth": {}, "earningsEstimate": {"avg": 0.0, "low": 0.0, "high": 0.0, "yearAgoEps": {}, "numberOfAnalysts": 0, "growth": {}}, "revenueEstimate": {"avg": 0, "low": 0, "high": 0, "numberOfAnalysts": 0, "yearAgoRevenue": {}, "growth": {}}, "epsTrend": {"current": 0.0, "7daysAgo": 0.0, "30daysAgo": 0.0, "60daysAgo": 0.0, "90daysAgo": 0.0}, "epsRevisions": {"upLast7days": 0, "upLast30days": 0, "downLast30days": 0, "downLast90days": {}}}, {"maxAge": 1, "period": "+5y", "endDate": null, "growth": 0.49400002, "earningsEstimate": {"avg": {}, "low": {}, "high": {}, "yearAgoEps": {}, "numberOfAnalysts": {}, "growth": {}}, "revenueEstimate": {"avg": {}, "low": {}, "high": {}, "numberOfAnalysts": {}, "yearAgoRevenue": {}, "growth": {}}, "epsTrend": {"current": {}, "7daysAgo": {}, "30daysAgo": {}, "60daysAgo": {}, "90daysAgo": {}}, "epsRevisions": {"upLast7days": {}, "upLast30days": {}, "downLast30days": {}, "downLast90days": {}}}, {"maxAge": 1, "period": "-5y", "endDate": null, "growth": {}, "earningsEstimate": {"avg": {}, "low": {}, "high": {}, "yearAgoEps": {}, "numberOfAnalysts": {}, "growth": {}}, "revenueEstimate": {"avg": {}, "low": {}, "high": {}, "numberOfAnalysts": {}, "yearAgoRevenue": {}, "growth": {}}, "epsTrend": {"current": {}, "7daysAgo": {}, "30daysAgo": {}, "60daysAgo": {}, "90daysAgo": {}}, "epsRevisions": {"upLast7days": {}, "upLast30days": {}, "downLast30days": {}, "downLast90days": {}}}], "maxAge": 1}, "financialData": {"maxAge": 86400, "currentPrice": 1158.5, "targetHighPrice": 136.0, "targetLowPrice": 136.0, "targetMeanPrice": 136.0, "targetMedianPrice": 136.0, "recommendationKey": "none", "numberOfAnalystOpinions": 1, "grossProfits": 87422300000, "financialCurrency": "INR"}}}