{"ADANIPOWER.BO": {"recommendationTrend": {"trend": [{"period": "0m", "strongBuy": 0, "buy": 0, "hold": 0, "sell": 0, "strongSell": 0}, {"period": "-1m", "strongBuy": 0, "buy": 0, "hold": 0, "sell": 0, "strongSell": 0}, {"period": "-2m", "strongBuy": 0, "buy": 0, "hold": 0, "sell": 0, "strongSell": 0}, {"period": "-3m", "strongBuy": 0, "buy": 0, "hold": 0, "sell": 0, "strongSell": 0}], "maxAge": 86400}, "cashflowStatementHistory": {"cashflowStatements": [{"maxAge": 1, "endDate": "2020-03-31", "netIncome": -22747700000, "depreciation": 30041900000, "changeToNetincome": 53089000000, "changeToAccountReceivables": 12524500000, "changeToLiabilities": -11048600000, "changeToInventory": -12332900000, "changeToOperatingActivities": 6426200000, "totalCashFromOperatingActivities": 55975500000, "capitalExpenditures": -22265600000, "investments": -1479200000, "otherCashflowsFromInvestingActivities": 1257900000, "totalCashflowsFromInvestingActivities": -23281100000, "dividendsPaid": -6120100000, "netBorrowings": 24905000000, "otherCashflowsFromFinancingActivities": -48706700000, "totalCashFromFinancingActivities": -23771800000, "effectOfExchangeRate": 300000, "changeInCash": 9165600000, "issuanceOfStock": 6150000000}, {"maxAge": 1, "endDate": "2019-03-31", "netIncome": -9844000000, "depreciation": 27479300000, "changeToNetincome": 37646100000, "changeToAccountReceivables": -15945700000, "changeToLiabilities": -14471800000, "changeToInventory": -3501000000, "changeToOperatingActivities": 34714000000, "totalCashFromOperatingActivities": 56103800000, "capitalExpenditures": -12115300000, "investments": -1333300000, "otherCashflowsFromInvestingActivities": 8781700000, "totalCashflowsFromInvestingActivities": -9842400000, "dividendsPaid": -1849000000, "netBorrowings": -13616600000, "otherCashflowsFromFinancingActivities": -56668800000, "totalCashFromFinancingActivities": -46634400000, "effectOfExchangeRate": 200000, "changeInCash": -370800000, "repurchaseOfStock": -29000000000, "issuanceOfStock": 54500000000}, {"maxAge": 1, "endDate": "2018-03-31", "netIncome": -21029500000, "depreciation": 26959100000, "changeToNetincome": 48324100000, "changeToAccountReceivables": 16345300000, "changeToLiabilities": -265000000, "changeToInventory": 8748100000, "changeToOperatingActivities": -28098700000, "totalCashFromOperatingActivities": 51011500000, "capitalExpenditures": -9425700000, "investments": -1041700000, "otherCashflowsFromInvestingActivities": 6529600000, "totalCashflowsFromInvestingActivities": -5204300000, "dividendsPaid": -1849000000, "netBorrowings": 4481600000, "otherCashflowsFromFinancingActivities": -50482700000, "totalCashFromFinancingActivities": -46001100000, "effectOfExchangeRate": 200000, "changeInCash": -193900000, "repurchaseOfStock": -29000000000, "issuanceOfStock": 54500000000}, {"maxAge": 1, "endDate": "2017-03-31", "netIncome": -61741000000, "depreciation": 26696200000, "changeToNetincome": 89612700000, "changeToAccountReceivables": -12843600000, "changeToLiabilities": 12407800000, "changeToInventory": -1412100000, "changeToOperatingActivities": -5495400000, "totalCashFromOperatingActivities": 47252000000, "capitalExpenditures": -8542900000, "investments": 400400000, "otherCashflowsFromInvestingActivities": 1385500000, "totalCashflowsFromInvestingActivities": -12120400000, "dividendsPaid": -1849000000, "netBorrowings": -663400000, "otherCashflowsFromFinancingActivities": -51744200000, "totalCashFromFinancingActivities": -35389300000, "effectOfExchangeRate": 200000, "changeInCash": -257700000, "repurchaseOfStock": -29000000000, "issuanceOfStock": 17018300000}], "maxAge": 86400}, "institutionOwnership": {"maxAge": 1, "ownershipList": []}, "balanceSheetHistoryQuarterly": {"balanceSheetStatements": [{"maxAge": 1, "endDate": "2020-06-30", "totalStockholderEquity": 64804400000, "netTangibleAssets": 62057300000}, {"maxAge": 1, "endDate": "2020-03-31", "cash": 9411000000, "shortTermInvestments": 95600000, "netReceivables": 87888300000, "inventory": 32842000000, "otherCurrentAssets": 14520000000, "totalCurrentAssets": 145931800000, "propertyPlantEquipment": 579178700000, "goodWill": 1906100000, "intangibleAssets": 841000000, "otherAssets": 22392400000, "totalAssets": 750250000000, "accountsPayable": 55960500000, "shortLongTermDebt": 28306100000, "otherCurrentLiab": 13816100000, "longTermDebt": 445987500000, "otherLiab": 56638300000, "minorityInterest": 100000, "totalCurrentLiabilities": 181891500000, "totalLiab": 685445500000, "commonStock": 38569400000, "retainedEarnings": -147999300000, "treasuryStock": 100136000000, "capitalSurplus": 74098300000, "otherStockholderEquity": 100136000000, "totalStockholderEquity": 64804400000, "netTangibleAssets": 62057300000}, {"maxAge": 1, "endDate": "2019-12-31", "totalStockholderEquity": 96333100000, "netTangibleAssets": 93633400000}, {"maxAge": 1, "endDate": "2019-09-30", "cash": 11596500000, "shortTermInvestments": 6262300000, "netReceivables": 104370900000, "inventory": 18030900000, "otherCurrentAssets": 10099800000, "totalCurrentAssets": 150360400000, "longTermInvestments": 2230800000, "propertyPlantEquipment": 583892800000, "goodWill": 1906100000, "intangibleAssets": 793600000, "otherAssets": 16521100000, "totalAssets": 755704800000, "accountsPayable": 65499000000, "shortLongTermDebt": 38292200000, "otherCurrentLiab": 10390900000, "longTermDebt": 405376500000, "otherLiab": 59742900000, "totalCurrentLiabilities": 194252300000, "totalLiab": 659371700000, "commonStock": 38569400000, "treasuryStock": 57763700000, "otherStockholderEquity": 57763700000, "totalStockholderEquity": 96333100000, "netTangibleAssets": 93633400000}], "maxAge": 86400}, "earningsHistory": {"history": [{"maxAge": 1, "epsActual": -1.18, "epsEstimate": -1.57, "epsDifference": 0.39, "surprisePercent": 0.248, "quarter": "2017-06-30", "period": "-4q"}, {"maxAge": 1, "epsActual": 0.76, "epsEstimate": -0.65, "epsDifference": 1.41, "surprisePercent": 2.169, "quarter": "2017-09-30", "period": "-3q"}, {"maxAge": 1, "epsActual": -3.32, "epsEstimate": -0.69, "epsDifference": -2.63, "surprisePercent": -3.812, "quarter": "2017-12-31", "period": "-2q"}, {"maxAge": 1, "epsActual": -1.68, "epsEstimate": -4.48, "epsDifference": 2.8, "surprisePercent": 0.625, "quarter": "2018-03-31", "period": "-1q"}], "maxAge": 86400}, "indexTrend": {"maxAge": 1, "symbol": "SP5", "peRatio": 19.7411, "pegRatio": 1.34172, "estimates": [{"period": "0q", "growth": 0.549}, {"period": "+1q", "growth": 0.431}, {"period": "0y", "growth": 0.305}, {"period": "+1y", "growth": 0.109}, {"period": "+5y", "growth": 0.120865}, {"period": "-5y"}]}, "industryTrend": {"maxAge": 1, "symbol": null, "estimates": []}, "insiderTransactions": {"transactions": [{"maxAge": 1, "shares": 20060, "filerUrl": "", "transactionText": "", "filerName": "Jain (Vineet)", "filerRelation": "Wholetime Director", "moneyText": "", "startDate": "2020-03-23", "ownership": "D"}, {"maxAge": 1, "shares": 20000, "filerUrl": "", "transactionText": "", "filerName": "Jain (Yash)", "filerRelation": "UNREPORTED", "moneyText": "", "startDate": "2020-03-19", "ownership": "D"}, {"maxAge": 1, "shares": 10000, "filerUrl": "", "transactionText": "", "filerName": "Jain (Krishna)", "filerRelation": "UNREPORTED", "moneyText": "", "startDate": "2020-03-18", "ownership": "D"}, {"maxAge": 1, "shares": 20000, "filerUrl": "", "transactionText": "", "filerName": "Jain (Yash)", "filerRelation": "UNREPORTED", "moneyText": "", "startDate": "2020-03-18", "ownership": "D"}, {"maxAge": 1, "shares": 1000, "filerUrl": "", "transactionText": "", "filerName": "Shah (Mukesh)", "filerRelation": "Independent Non-Executive Chairman", "moneyText": "", "startDate": "2020-03-12", "ownership": "D"}, {"maxAge": 1, "shares": 50000, "filerUrl": "", "transactionText": "", "filerName": "Gujral (Raminder Singh)", "filerRelation": "UNREPORTED", "moneyText": "", "startDate": "2020-03-09", "ownership": "D"}, {"maxAge": 1, "shares": 50000, "filerUrl": "", "transactionText": "", "filerName": "Gujral (Raminder Singh)", "filerRelation": "UNREPORTED", "moneyText": "", "startDate": "2020-03-04", "ownership": "D"}, {"maxAge": 1, "shares": 5000, "filerUrl": "", "transactionText": "", "filerName": "Jain (Krishna)", "filerRelation": "UNREPORTED", "moneyText": "", "startDate": "2020-02-28", "ownership": "D"}, {"maxAge": 1, "shares": 5000, "filerUrl": "", "transactionText": "", "filerName": "Jain (Krishna)", "filerRelation": "UNREPORTED", "moneyText": "", "startDate": "2020-02-25", "ownership": "D"}, {"maxAge": 1, "shares": 5000, "filerUrl": "", "transactionText": "", "filerName": "Jain (Krishna)", "filerRelation": "UNREPORTED", "moneyText": "", "startDate": "2020-02-24", "ownership": "D"}, {"maxAge": 1, "shares": 10000, "filerUrl": "", "transactionText": "", "filerName": "Jain (Krishna)", "filerRelation": "UNREPORTED", "moneyText": "", "startDate": "2020-02-18", "ownership": "D"}, {"maxAge": 1, "shares": 146000, "filerUrl": "", "transactionText": "", "filerName": "Rameshchandra (Mahadevia Malay) HUF", "filerRelation": "UNREPORTED", "moneyText": "", "startDate": "2020-02-12", "ownership": "D"}, {"maxAge": 1, "shares": 2150, "filerUrl": "", "transactionText": "", "filerName": "Shah (Mukesh)", "filerRelation": "Independent Non-Executive Director", "moneyText": "", "startDate": "2019-03-11", "ownership": "D"}, {"maxAge": 1, "shares": 151062201, "filerUrl": "", "transactionText": "", "filerName": "Flourishing Trade And Investment Ltd", "filerRelation": "Institution- Corporation", "moneyText": "", "startDate": "2019-02-19", "ownership": "D"}], "maxAge": 1}, "quoteType": {"exchange": "BSE", "quoteType": "EQUITY", "symbol": "ADANIPOWER.BO", "underlyingSymbol": "ADANIPOWER.BO", "shortName": "ADANI POWER LTD.", "longName": "Adani Power Limited", "firstTradeDateEpochUtc": "2009-08-20 09:15:00", "timeZoneFullName": "Asia/Kolkata", "timeZoneShortName": "IST", "uuid": "ba372d51-86e4-3ddf-be31-8ef7f567274c", "messageBoardId": null, "gmtOffSetMilliseconds": 19800000, "maxAge": 1}, "incomeStatementHistory": {"incomeStatementHistory": [{"maxAge": 1, "endDate": "2020-03-31", "totalRevenue": 264677200000, "costOfRevenue": 191869600000, "grossProfit": 72807600000, "researchDevelopment": {}, "sellingGeneralAdministrative": 4330000000, "nonRecurring": {}, "otherOperatingExpenses": 5684800000, "totalOperatingExpenses": 232237400000, "operatingIncome": 32439800000, "totalOtherIncomeExpenseNet": -55089000000, "ebit": 32439800000, "interestExpense": -52449700000, "incomeBeforeTax": -22649200000, "incomeTaxExpense": 98500000, "minorityInterest": 100000, "netIncomeFromContinuingOps": -22747700000, "discontinuedOperations": {}, "extraordinaryItems": {}, "effectOfAccountingCharges": {}, "otherItems": {}, "netIncome": -22747700000, "netIncomeApplicableToCommonShares": -31590200000}, {"maxAge": 1, "endDate": "2019-03-31", "totalRevenue": 238841800000, "costOfRevenue": 174753600000, "grossProfit": 64088200000, "researchDevelopment": {}, "sellingGeneralAdministrative": 3839200000, "nonRecurring": {}, "otherOperatingExpenses": 1532800000, "totalOperatingExpenses": 208813600000, "operatingIncome": 30028200000, "totalOtherIncomeExpenseNet": -39786800000, "ebit": 30028200000, "interestExpense": -54556800000, "incomeBeforeTax": -9758600000, "incomeTaxExpense": 85400000, "minorityInterest": 100000, "netIncomeFromContinuingOps": -9844000000, "discontinuedOperations": {}, "extraordinaryItems": {}, "effectOfAccountingCharges": {}, "otherItems": {}, "netIncome": -9844000000, "netIncomeApplicableToCommonShares": -12390500000}, {"maxAge": 1, "endDate": "2018-03-31", "totalRevenue": 203042800000, "costOfRevenue": 132018400000, "grossProfit": 71024400000, "researchDevelopment": {}, "sellingGeneralAdministrative": 3790500000, "nonRecurring": {}, "otherOperatingExpenses": 8486300000, "totalOperatingExpenses": 171296700000, "operatingIncome": 31746100000, "totalOtherIncomeExpenseNet": -52827100000, "ebit": 31746100000, "interestExpense": -52722200000, "incomeBeforeTax": -21081000000, "incomeTaxExpense": -51500000, "minorityInterest": 100000, "netIncomeFromContinuingOps": -21029500000, "discontinuedOperations": {}, "extraordinaryItems": {}, "effectOfAccountingCharges": {}, "otherItems": {}, "netIncome": -21029500000, "netIncomeApplicableToCommonShares": -21029500000}, {"maxAge": 1, "endDate": "2017-03-31", "totalRevenue": 226155100000, "costOfRevenue": 151215700000, "grossProfit": 74939400000, "researchDevelopment": {}, "sellingGeneralAdministrative": 3791400000, "nonRecurring": {}, "otherOperatingExpenses": 10453200000, "totalOperatingExpenses": 192184600000, "operatingIncome": 33970500000, "totalOtherIncomeExpenseNet": -96572200000, "ebit": 33970500000, "interestExpense": -52451100000, "incomeBeforeTax": -62601700000, "incomeTaxExpense": -860700000, "minorityInterest": 100000, "netIncomeFromContinuingOps": -61741000000, "discontinuedOperations": {}, "extraordinaryItems": {}, "effectOfAccountingCharges": {}, "otherItems": {}, "netIncome": -61741000000, "netIncomeApplicableToCommonShares": -61741000000}], "maxAge": 86400}, "fundOwnership": {"maxAge": 1, "ownershipList": [{"maxAge": 1, "reportDate": "2020-07-31", "organization": "Vanguard International Stock Index-Total Intl Stock Indx", "pctHeld": 0.0044, "position": 16800754, "value": 594746691}, {"maxAge": 1, "reportDate": "2020-07-31", "organization": "Vanguard International Stock Index-Emerging Markets Stk", "pctHeld": 0.0033000002, "position": 12587148, "value": 445585039}, {"maxAge": 1, "reportDate": "2020-07-31", "organization": "DFA Emerging Markets Core Equity Portfolio", "pctHeld": 0.0028, "position": 10839273, "value": 383710264}, {"maxAge": 1, "reportDate": "2020-07-31", "organization": "iShares Core MSCI Emerging Markets ETF", "pctHeld": 0.0016, "position": 6356474, "value": 225019179}, {"maxAge": 1, "reportDate": "2020-07-31", "organization": "DFA Emerging Markets Small Cap Series", "pctHeld": 0.0008, "position": 2993477, "value": 105969085}, {"maxAge": 1, "reportDate": "2020-07-31", "organization": "DFA Investment Dimensions-DFA Emerging Mkts Value", "pctHeld": 0.00059999997, "position": 2362845, "value": 83644713}, {"maxAge": 1, "reportDate": "2020-07-31", "organization": "Vanguard Intl Equity Index Fds-FTSE All World ex U.S. Index Fund", "pctHeld": 0.0005, "position": 1814388, "value": 64229335}, {"maxAge": 1, "reportDate": "2020-08-31", "organization": "iShares MSCI India Small Cap ETF", "pctHeld": 0.0004, "position": 1703520, "value": 63541296}, {"maxAge": 1, "reportDate": "2020-07-31", "organization": "DFA Emerging Markets Series", "pctHeld": 0.00029999999, "position": 1288677, "value": 45619165}, {"maxAge": 1, "reportDate": "2020-05-31", "organization": "Schwab Strategic Tr-Schwab Emerging Markets Equity ETF", "pctHeld": 0.00029999999, "position": 1183590, "value": 43082676}]}, "summaryDetail": {"maxAge": 1, "priceHint": 2, "previousClose": 96.95, "open": 95.65, "dayLow": 94.4, "dayHigh": 98.35, "regularMarketPreviousClose": 96.95, "regularMarketOpen": 95.65, "regularMarketDayLow": 94.4, "regularMarketDayHigh": 98.35, "forwardPE": -68.659424, "volume": 3866289, "regularMarketVolume": 3866289, "averageVolume": 3074474, "averageVolume10days": 1534525, "averageDailyVolume10Day": 1534525, "bid": 94.55, "ask": 94.6, "bidSize": 0, "askSize": 0, "marketCap": 365445054464, "fiftyTwoWeekLow": 24.3, "fiftyTwoWeekHigh": 98.35, "fiftyDayAverage": 53.32143, "twoHundredDayAverage": 43.22482, "currency": "INR", "fromCurrency": null, "toCurrency": null, "lastMarket": null, "algorithm": null, "tradeable": false}, "sectorTrend": {"maxAge": 1, "symbol": null, "estimates": []}, "incomeStatementHistoryQuarterly": {"incomeStatementHistory": [{"maxAge": 1, "endDate": "2020-06-30", "totalRevenue": 52038300000, "costOfRevenue": 34394700000, "grossProfit": 17643600000, "researchDevelopment": {}, "sellingGeneralAdministrative": 1062900000, "nonRecurring": {}, "otherOperatingExpenses": 2695700000, "totalOperatingExpenses": 45979400000, "operatingIncome": 6058900000, "totalOtherIncomeExpenseNet": -12395100000, "ebit": 6058900000, "interestExpense": -13918700000, "incomeBeforeTax": -6336200000, "incomeTaxExpense": 488400000, "minorityInterest": {}, "netIncomeFromContinuingOps": -6824600000, "discontinuedOperations": {}, "extraordinaryItems": {}, "effectOfAccountingCharges": {}, "otherItems": {}, "netIncome": -6824600000, "netIncomeApplicableToCommonShares": -6824600000}, {"maxAge": 1, "endDate": "2020-03-31", "totalRevenue": 61724300000, "costOfRevenue": 55611000000, "grossProfit": 6113300000, "researchDevelopment": {}, "sellingGeneralAdministrative": 1234600000, "nonRecurring": {}, "otherOperatingExpenses": -3106700000, "totalOperatingExpenses": 61711000000, "operatingIncome": 13300000, "totalOtherIncomeExpenseNet": -16539300000, "ebit": 13300000, "interestExpense": -11740400000, "incomeBeforeTax": -16526000000, "incomeTaxExpense": -3397400000, "minorityInterest": 100000, "netIncomeFromContinuingOps": -13128600000, "discontinuedOperations": {}, "extraordinaryItems": {}, "effectOfAccountingCharges": {}, "otherItems": {}, "netIncome": -13129000000, "netIncomeApplicableToCommonShares": -21971500000}, {"maxAge": 1, "endDate": "2019-12-31", "totalRevenue": 65748200000, "costOfRevenue": 46996300000, "grossProfit": 18751900000, "researchDevelopment": {}, "sellingGeneralAdministrative": 1076400000, "nonRecurring": {}, "otherOperatingExpenses": 3198500000, "totalOperatingExpenses": 59103000000, "operatingIncome": 6645200000, "totalOtherIncomeExpenseNet": -13130700000, "ebit": 6645200000, "interestExpense": -14227700000, "incomeBeforeTax": -6485500000, "incomeTaxExpense": 538500000, "minorityInterest": 100000, "netIncomeFromContinuingOps": -7024000000, "discontinuedOperations": {}, "extraordinaryItems": {}, "effectOfAccountingCharges": {}, "otherItems": {}, "netIncome": -7023600000, "netIncomeApplicableToCommonShares": -7023600000}, {"maxAge": 1, "endDate": "2019-09-30", "totalRevenue": 59156900000, "costOfRevenue": 41164200000, "grossProfit": 17992700000, "researchDevelopment": {}, "sellingGeneralAdministrative": 1049900000, "nonRecurring": {}, "otherOperatingExpenses": 3454400000, "totalOperatingExpenses": 53321100000, "operatingIncome": 5835800000, "totalOtherIncomeExpenseNet": -4256000000, "ebit": 5835800000, "interestExpense": -13263300000, "incomeBeforeTax": 1579800000, "incomeTaxExpense": 1541000000, "minorityInterest": 100000, "netIncomeFromContinuingOps": 38800000, "discontinuedOperations": {}, "extraordinaryItems": {}, "effectOfAccountingCharges": {}, "otherItems": {}, "netIncome": 38800000, "netIncomeApplicableToCommonShares": 38800000}], "maxAge": 86400}, "cashflowStatementHistoryQuarterly": {"cashflowStatements": [{"maxAge": 1, "endDate": "2020-06-30", "netIncome": -6824600000, "changeToLiabilities": 0}, {"maxAge": 1, "endDate": "2020-03-31", "netIncome": -13129000000, "changeToLiabilities": 0}, {"maxAge": 1, "endDate": "2019-12-31", "netIncome": -7023600000, "changeToLiabilities": 0}, {"maxAge": 1, "endDate": "2019-09-30", "netIncome": 38800000, "changeToLiabilities": 0}], "maxAge": 86400}, "insiderHolders": {"holders": [{"maxAge": 1, "name": "Flourishing Trade And Investment Ltd", "relation": "Institution- Corporation", "url": "", "transactionDescription": "Other", "latestTransDate": "2019-02-19", "positionDirect": 151062201, "positionDirectDate": "2019-02-19"}, {"maxAge": 1, "name": "Gujral (Raminder Singh)", "relation": "UNREPORTED", "url": "", "transactionDescription": "Acquisition", "latestTransDate": "2020-03-09", "positionDirect": 545400, "positionDirectDate": "2020-03-09"}, {"maxAge": 1, "name": "Jain (Krishna)", "relation": "UNREPORTED", "url": "", "transactionDescription": "Acquisition", "latestTransDate": "2020-03-18", "positionDirect": 45000, "positionDirectDate": "2020-03-18"}, {"maxAge": 1, "name": "Jain (Vineet)", "relation": "Wholetime Director", "url": "", "transactionDescription": "Acquisition", "latestTransDate": "2020-03-23", "positionDirect": 70000, "positionDirectDate": "2020-03-23"}, {"maxAge": 1, "name": "Jain (Yash)", "relation": "UNREPORTED", "url": "", "transactionDescription": "Acquisition", "latestTransDate": "2020-03-19", "positionDirect": 105520, "positionDirectDate": "2020-03-19"}, {"maxAge": 1, "name": "Rameshchandra (Mahadevia Malay) HUF", "relation": "UNREPORTED", "url": "", "transactionDescription": "Sale", "latestTransDate": "2020-02-12", "positionDirect": 0, "positionDirectDate": "2020-02-12"}, {"maxAge": 1, "name": "Shah (Mukesh)", "relation": "Independent Non-Executive Chairman", "url": "", "transactionDescription": "Acquisition", "latestTransDate": "2020-03-12", "positionDirect": 5395, "positionDirectDate": "2020-03-12"}], "maxAge": 1}, "earnings": {"maxAge": 86400, "earningsChart": {"quarterly": [{"date": "2Q2017", "actual": -1.18, "estimate": -1.57}, {"date": "3Q2017", "actual": 0.76, "estimate": -0.65}, {"date": "4Q2017", "actual": -3.32, "estimate": -0.69}, {"date": "1Q2018", "actual": -1.68, "estimate": -4.48}], "currentQuarterEstimate": 1.43, "currentQuarterEstimateDate": "2Q", "currentQuarterEstimateYear": 2018, "earningsDate": []}, "financialsChart": {"yearly": [{"date": 2017, "revenue": 226155100000, "earnings": -61741000000}, {"date": 2018, "revenue": 203042800000, "earnings": -21029500000}, {"date": 2019, "revenue": 238841800000, "earnings": -9844000000}, {"date": 2020, "revenue": 264677200000, "earnings": -22747700000}], "quarterly": [{"date": "3Q2019", "revenue": 59156900000, "earnings": 38800000}, {"date": "4Q2019", "revenue": 65748200000, "earnings": -7023600000}, {"date": "1Q2020", "revenue": 61724300000, "earnings": -13129000000}, {"date": "2Q2020", "revenue": 52038300000, "earnings": -6824600000}]}, "financialCurrency": "INR"}, "calendarEvents": {"maxAge": 1, "earnings": {"earningsDate": [], "earningsAverage": 1.43, "earningsLow": 1.43, "earningsHigh": 1.43}}, "price": {"maxAge": 1, "regularMarketChangePercent": -0.022692079, "regularMarketChange": -2.199997, "regularMarketTime": "2021-04-30 15:59:36", "priceHint": 2, "regularMarketPrice": 94.75, "regularMarketDayHigh": 98.35, "regularMarketDayLow": 94.4, "regularMarketVolume": 3866289, "averageDailyVolume10Day": 1534525, "averageDailyVolume3Month": 3074474, "regularMarketPreviousClose": 96.95, "regularMarketSource": "FREE_REALTIME", "regularMarketOpen": 95.65, "exchange": "BSE", "exchangeName": "BSE", "exchangeDataDelayedBy": 0, "marketState": "CLOSED", "quoteType": "EQUITY", "symbol": "ADANIPOWER.BO", "underlyingSymbol": null, "shortName": "ADANI POWER LTD.", "longName": "Adani Power Limited", "currency": "INR", "quoteSourceName": "Delayed Quote", "currencySymbol": "\u20b9", "fromCurrency": null, "toCurrency": null, "lastMarket": null, "marketCap": 365445054464}, "balanceSheetHistory": {"balanceSheetStatements": [{"maxAge": 1, "endDate": "2020-03-31", "cash": 9411000000, "shortTermInvestments": 95600000, "netReceivables": 87888300000, "inventory": 32842000000, "otherCurrentAssets": 14520000000, "totalCurrentAssets": 145931800000, "propertyPlantEquipment": 579178700000, "goodWill": 1906100000, "intangibleAssets": 841000000, "otherAssets": 22392400000, "totalAssets": 750250000000, "accountsPayable": 55960500000, "shortLongTermDebt": 28306100000, "otherCurrentLiab": 13816100000, "longTermDebt": 445987500000, "otherLiab": 56638300000, "minorityInterest": 100000, "totalCurrentLiabilities": 181891500000, "totalLiab": 685445500000, "commonStock": 38569400000, "retainedEarnings": -147999300000, "treasuryStock": 100136000000, "capitalSurplus": 74098300000, "otherStockholderEquity": 100136000000, "totalStockholderEquity": 64804400000, "netTangibleAssets": 62057300000}, {"maxAge": 1, "endDate": "2019-03-31", "cash": 245400000, "netReceivables": 100397600000, "inventory": 17889200000, "otherCurrentAssets": 12700500000, "totalCurrentAssets": 132025300000, "longTermInvestments": 189700000, "propertyPlantEquipment": 505743300000, "goodWill": 1906100000, "intangibleAssets": 39000000, "otherAssets": 39942600000, "deferredLongTermAssetCharges": 253800000, "totalAssets": 679846000000, "accountsPayable": 63617400000, "shortLongTermDebt": 34959000000, "otherCurrentLiab": 7834600000, "longTermDebt": 364102700000, "otherLiab": 57022400000, "totalCurrentLiabilities": 181598000000, "totalLiab": 602723100000, "commonStock": 38569400000, "retainedEarnings": -119142800000, "treasuryStock": 83598000000, "capitalSurplus": 74098300000, "otherStockholderEquity": 83598000000, "totalStockholderEquity": 77122900000, "netTangibleAssets": 75177800000}, {"maxAge": 1, "endDate": "2018-03-31", "cash": 616200000, "shortTermInvestments": 1950000000, "netReceivables": 111772400000, "inventory": 15614200000, "otherCurrentAssets": 9129400000, "totalCurrentAssets": 139565200000, "longTermInvestments": 335200000, "propertyPlantEquipment": 520602800000, "goodWill": 1906100000, "intangibleAssets": 61100000, "otherAssets": 32810300000, "totalAssets": 695280700000, "accountsPayable": 76263700000, "shortLongTermDebt": 37146200000, "otherCurrentLiab": 7042700000, "longTermDebt": 345598500000, "otherLiab": 60410800000, "totalCurrentLiabilities": 280378100000, "totalLiab": 686387400000, "commonStock": 38569400000, "retainedEarnings": -107372400000, "treasuryStock": 3598000000, "capitalSurplus": 74098300000, "otherStockholderEquity": 3598000000, "totalStockholderEquity": 8893300000, "netTangibleAssets": 6926100000}, {"maxAge": 1, "endDate": "2017-03-31", "cash": 810100000, "netReceivables": 101073000000, "inventory": 24706100000, "otherCurrentAssets": 8260900000, "totalCurrentAssets": 135309300000, "propertyPlantEquipment": 543177600000, "goodWill": 1906100000, "intangibleAssets": 71700000, "otherAssets": 34645800000, "totalAssets": 715110500000, "accountsPayable": 73997500000, "shortLongTermDebt": 32537600000, "otherCurrentLiab": 17811400000, "longTermDebt": 366506100000, "otherLiab": 61993800000, "totalCurrentLiabilities": 256615000000, "totalLiab": 685114900000, "commonStock": 38569400000, "retainedEarnings": -86270100000, "treasuryStock": 3598000000, "capitalSurplus": 74098300000, "otherStockholderEquity": 3598000000, "totalStockholderEquity": 29995600000, "netTangibleAssets": 28017800000}], "maxAge": 86400}, "earningsTrend": {"trend": [{"maxAge": 1, "period": "0q", "endDate": "2018-06-30", "growth": 2.212, "earningsEstimate": {"avg": 1.43, "low": 1.43, "high": 1.43, "yearAgoEps": -1.18, "numberOfAnalysts": 1, "growth": 2.212}, "revenueEstimate": {"avg": 0, "low": 0, "high": 0, "numberOfAnalysts": 0, "yearAgoRevenue": {}, "growth": {}}, "epsTrend": {"current": 1.43, "7daysAgo": 1.43, "30daysAgo": 1.43, "60daysAgo": 1.43, "90daysAgo": -0.3}, "epsRevisions": {"upLast7days": 0, "upLast30days": 0, "downLast30days": 0, "downLast90days": {}}}, {"maxAge": 1, "period": "+1q", "endDate": "2018-09-30", "growth": -2.408, "earningsEstimate": {"avg": -1.07, "low": -1.07, "high": -1.07, "yearAgoEps": 0.76, "numberOfAnalysts": 1, "growth": -2.408}, "revenueEstimate": {"avg": 0, "low": 0, "high": 0, "numberOfAnalysts": 0, "yearAgoRevenue": {}, "growth": {}}, "epsTrend": {"current": -1.07, "7daysAgo": -1.07, "30daysAgo": -1.07, "60daysAgo": -1.07, "90daysAgo": -0.3}, "epsRevisions": {"upLast7days": 0, "upLast30days": 0, "downLast30days": 0, "downLast90days": {}}}, {"maxAge": 1, "period": "0y", "endDate": "2019-03-31", "growth": 0.42099997, "earningsEstimate": {"avg": -3.14, "low": -4.91, "high": -2.3, "yearAgoEps": -5.42, "numberOfAnalysts": 8, "growth": 0.42099997}, "revenueEstimate": {"avg": 238450000000, "low": 212538000000, "high": 261853000000, "numberOfAnalysts": 8, "yearAgoRevenue": 206110000000, "growth": 0.157}, "epsTrend": {"current": -3.14, "7daysAgo": -3.21, "30daysAgo": -2.9, "60daysAgo": -2.75, "90daysAgo": -2.34}, "epsRevisions": {"upLast7days": 0, "upLast30days": 0, "downLast30days": 0, "downLast90days": {}}}, {"maxAge": 1, "period": "+1y", "endDate": "2020-03-31", "growth": 0.561, "earningsEstimate": {"avg": -1.38, "low": -2.99, "high": -0.2, "yearAgoEps": -3.14, "numberOfAnalysts": 7, "growth": 0.561}, "revenueEstimate": {"avg": 244617000000, "low": 223336000000, "high": 265715000000, "numberOfAnalysts": 7, "yearAgoRevenue": 238450000000, "growth": 0.025999999}, "epsTrend": {"current": -1.38, "7daysAgo": -1.52, "30daysAgo": -1.39, "60daysAgo": -1.1, "90daysAgo": -0.95}, "epsRevisions": {"upLast7days": 0, "upLast30days": 0, "downLast30days": 0, "downLast90days": {}}}, {"maxAge": 1, "period": "+5y", "endDate": null, "growth": 0.0394, "earningsEstimate": {"avg": {}, "low": {}, "high": {}, "yearAgoEps": {}, "numberOfAnalysts": {}, "growth": {}}, "revenueEstimate": {"avg": {}, "low": {}, "high": {}, "numberOfAnalysts": {}, "yearAgoRevenue": {}, "growth": {}}, "epsTrend": {"current": {}, "7daysAgo": {}, "30daysAgo": {}, "60daysAgo": {}, "90daysAgo": {}}, "epsRevisions": {"upLast7days": {}, "upLast30days": {}, "downLast30days": {}, "downLast90days": {}}}, {"maxAge": 1, "period": "-5y", "endDate": null, "growth": {}, "earningsEstimate": {"avg": {}, "low": {}, "high": {}, "yearAgoEps": {}, "numberOfAnalysts": {}, "growth": {}}, "revenueEstimate": {"avg": {}, "low": {}, "high": {}, "numberOfAnalysts": {}, "yearAgoRevenue": {}, "growth": {}}, "epsTrend": {"current": {}, "7daysAgo": {}, "30daysAgo": {}, "60daysAgo": {}, "90daysAgo": {}}, "epsRevisions": {"upLast7days": {}, "upLast30days": {}, "downLast30days": {}, "downLast90days": {}}}], "maxAge": 1}, "financialData": {"maxAge": 86400, "currentPrice": 94.75, "targetHighPrice": 29.0, "targetLowPrice": 19.0, "targetMeanPrice": 24.29, "targetMedianPrice": 24.0, "recommendationMean": 3.9, "recommendationKey": "underperform", "numberOfAnalystOpinions": 7, "grossProfits": 72807600000, "financialCurrency": "INR"}}}