{"ADANIPORTS.BO": {"cashflowStatementHistory": {"cashflowStatements": [{"maxAge": 1, "endDate": "2020-03-31", "netIncome": 37631300000, "depreciation": 16581000000, "changeToNetincome": 9476700000, "changeToAccountReceivables": -1756600000, "changeToLiabilities": 843400000, "changeToInventory": -446500000, "changeToOperatingActivities": 11269000000, "totalCashFromOperatingActivities": 74018100000, "capitalExpenditures": -36214100000, "investments": 12127500000, "otherCashflowsFromInvestingActivities": 16061200000, "totalCashflowsFromInvestingActivities": -7504200000, "dividendsPaid": -6999300000, "netBorrowings": 41632200000, "otherCashflowsFromFinancingActivities": -57465200000, "totalCashFromFinancingActivities": -42556300000, "changeInCash": 23972700000, "repurchaseOfStock": -19600000000}, {"maxAge": 1, "endDate": "2019-03-31", "netIncome": 39902200000, "depreciation": 13535500000, "changeToNetincome": 5998500000, "changeToAccountReceivables": 12642600000, "changeToLiabilities": 795800000, "changeToInventory": -2569200000, "changeToOperatingActivities": -10552200000, "totalCashFromOperatingActivities": 60294000000, "capitalExpenditures": -29404900000, "investments": 13848200000, "otherCashflowsFromInvestingActivities": -14042400000, "totalCashflowsFromInvestingActivities": -44241500000, "dividendsPaid": -4184800000, "netBorrowings": -2109200000, "otherCashflowsFromFinancingActivities": 29427400000, "totalCashFromFinancingActivities": 23133400000, "changeInCash": 39747100000, "repurchaseOfStock": -19600000000}, {"maxAge": 1, "endDate": "2018-03-31", "netIncome": 36736200000, "depreciation": 11772700000, "changeToNetincome": 14412800000, "changeToAccountReceivables": -15614700000, "changeToLiabilities": -250600000, "changeToInventory": 448700000, "changeToOperatingActivities": 8345700000, "totalCashFromOperatingActivities": 56081400000, "capitalExpenditures": -27321500000, "investments": -10355000000, "otherCashflowsFromInvestingActivities": 4171300000, "totalCashflowsFromInvestingActivities": -38458400000, "dividendsPaid": -2691600000, "netBorrowings": -1994100000, "otherCashflowsFromFinancingActivities": -14204600000, "totalCashFromFinancingActivities": -18890300000, "changeInCash": -1267300000, "repurchaseOfStock": -19600000000}, {"maxAge": 1, "endDate": "2017-03-31", "netIncome": 39115200000, "depreciation": 11519900000, "changeToNetincome": 2153300000, "changeToAccountReceivables": 328300000, "changeToLiabilities": 215700000, "changeToInventory": -229500000, "changeToOperatingActivities": -12577600000, "totalCashFromOperatingActivities": 40625700000, "capitalExpenditures": -37481800000, "investments": -10855900000, "otherCashflowsFromInvestingActivities": 18060200000, "totalCashflowsFromInvestingActivities": -26394100000, "dividendsPaid": -6800000, "netBorrowings": -742900000, "otherCashflowsFromFinancingActivities": -12497400000, "totalCashFromFinancingActivities": -13247100000, "changeInCash": 1087100000, "repurchaseOfStock": -19600000000}], "maxAge": 86400}, "institutionOwnership": {"maxAge": 1, "ownershipList": []}, "balanceSheetHistoryQuarterly": {"balanceSheetStatements": [{"maxAge": 1, "endDate": "2020-06-30", "totalStockholderEquity": 254569600000, "netTangibleAssets": 202303300000}, {"maxAge": 1, "endDate": "2020-03-31", "cash": 71954600000, "shortTermInvestments": 184200000, "netReceivables": 63112100000, "inventory": 2882800000, "otherCurrentAssets": 9400000000, "totalCurrentAssets": 148199100000, "longTermInvestments": 11661100000, "propertyPlantEquipment": 307042100000, "goodWill": 32862500000, "intangibleAssets": 19403800000, "otherAssets": 102868100000, "deferredLongTermAssetCharges": 12096200000, "totalAssets": 622036700000, "accountsPayable": 7287400000, "shortLongTermDebt": 17372900000, "otherCurrentLiab": 25275600000, "longTermDebt": 261813300000, "otherLiab": 19155100000, "minorityInterest": 2195900000, "totalCurrentLiabilities": 76964700000, "totalLiab": 363605900000, "commonStock": 4063500000, "retainedEarnings": 237583200000, "treasuryStock": 6927300000, "capitalSurplus": 5995600000, "otherStockholderEquity": 6927300000, "totalStockholderEquity": 254569600000, "netTangibleAssets": 202303300000}, {"maxAge": 1, "endDate": "2019-12-31", "totalStockholderEquity": 248784900000, "netTangibleAssets": 194017900000}, {"maxAge": 1, "endDate": "2019-09-30", "cash": 84224600000, "shortTermInvestments": 22974100000, "netReceivables": 41238500000, "inventory": 8466000000, "otherCurrentAssets": 11962500000, "totalCurrentAssets": 168865700000, "longTermInvestments": 50747700000, "propertyPlantEquipment": 300257600000, "goodWill": 32880600000, "intangibleAssets": 21886400000, "otherAssets": 49186200000, "deferredLongTermAssetCharges": 11922400000, "totalAssets": 623824200000, "accountsPayable": 6243000000, "otherCurrentLiab": 29700600000, "longTermDebt": 261816300000, "otherLiab": 20088300000, "minorityInterest": 4367400000, "totalCurrentLiabilities": 88767300000, "totalLiab": 370671900000, "commonStock": 4063500000, "treasuryStock": 244721400000, "otherStockholderEquity": 244721400000, "totalStockholderEquity": 248784900000, "netTangibleAssets": 194017900000}], "maxAge": 86400}, "indexTrend": {"maxAge": 1, "symbol": "SP5", "peRatio": 19.7411, "pegRatio": 1.34172, "estimates": [{"period": "0q", "growth": 0.549}, {"period": "+1q", "growth": 0.431}, {"period": "0y", "growth": 0.305}, {"period": "+1y", "growth": 0.109}, {"period": "+5y", "growth": 0.120865}, {"period": "-5y"}]}, "esgScores": {"maxAge": 86400, "totalEsg": 19.3, "environmentScore": 7.71, "socialScore": 5.27, "governanceScore": 6.32, "ratingYear": 2020, "ratingMonth": 10, "highestControversy": 5.0, "peerCount": 15, "esgPerformance": "UNDER_PERF", "peerGroup": "Transportation Infrastructure", "relatedControversy": ["Operations Incidents"], "peerEsgScorePerformance": {"min": 5.51, "avg": 15.396666666666668, "max": 21.66}, "peerGovernancePerformance": {"min": 0.85, "avg": 5.3933333333333335, "max": 7.68}, "peerSocialPerformance": {"min": 3.03, "avg": 7.475333333333334, "max": 14.22}, "peerEnvironmentPerformance": {"min": 1.28, "avg": 2.528, "max": 7.71}, "peerHighestControversyPerformance": {"min": 0.0, "avg": 1.5333333333333334, "max": 5.0}, "percentile": 18.08, "environmentPercentile": null, "socialPercentile": null, "governancePercentile": null, "adult": false, "alcoholic": false, "animalTesting": false, "catholic": false, "controversialWeapons": false, "smallArms": false, "furLeather": false, "gambling": false, "gmo": false, "militaryContract": false, "nuclear": false, "pesticides": false, "palmOil": false, "coal": false, "tobacco": false}, "insiderTransactions": {"transactions": [{"maxAge": 1, "shares": 1862, "value": 8825, "filerUrl": "", "transactionText": "Sale at price 4.74 per share.", "filerName": "Sheth (Kanaiyalal M)", "filerRelation": "UNREPORTED", "moneyText": "", "startDate": "2020-08-17", "ownership": "D"}, {"maxAge": 1, "shares": 719500, "value": 3309412, "filerUrl": "", "transactionText": "Acquisition at price 4.60 per share.", "filerName": "Flourishing Trade And Investment Ltd", "filerRelation": "Promoter", "moneyText": "", "startDate": "2020-06-30", "ownership": "D"}, {"maxAge": 1, "shares": 1000000, "value": 4531600, "filerUrl": "", "transactionText": "Acquisition at price 4.53 per share.", "filerName": "Flourishing Trade And Investment Ltd", "filerRelation": "Promoter", "moneyText": "", "startDate": "2020-06-29", "ownership": "D"}, {"maxAge": 1, "shares": 1100000, "filerUrl": "", "transactionText": "", "filerName": "Flourishing Trade And Investment Ltd", "filerRelation": "Promoter", "moneyText": "", "startDate": "2020-06-26", "ownership": "D"}, {"maxAge": 1, "shares": 850000, "filerUrl": "", "transactionText": "", "filerName": "Flourishing Trade And Investment Ltd", "filerRelation": "Promoter", "moneyText": "", "startDate": "2020-06-25", "ownership": "D"}, {"maxAge": 1, "shares": 4000, "filerUrl": "", "transactionText": "", "filerName": "Sheth (Kanaiyalal M)", "filerRelation": "Director", "moneyText": "", "startDate": "2020-06-24", "ownership": "D"}, {"maxAge": 1, "shares": 3000, "filerUrl": "", "transactionText": "", "filerName": "Sheth (Kanaiyalal M)", "filerRelation": "UNREPORTED", "moneyText": "", "startDate": "2020-06-23", "ownership": "D"}, {"maxAge": 1, "shares": 8623, "filerUrl": "", "transactionText": "", "filerName": "Sheth (Rahul Ravi)", "filerRelation": "UNREPORTED", "moneyText": "", "startDate": "2020-06-23", "ownership": "D"}, {"maxAge": 1, "shares": 116500, "filerUrl": "", "transactionText": "", "filerName": "Flourishing Trade And Investment Ltd", "filerRelation": "Promoter", "moneyText": "", "startDate": "2020-05-29", "ownership": "D"}, {"maxAge": 1, "shares": 900000, "filerUrl": "", "transactionText": "", "filerName": "Flourishing Trade And Investment Ltd", "filerRelation": "Promoter", "moneyText": "", "startDate": "2020-05-27", "ownership": "D"}, {"maxAge": 1, "shares": 700000, "filerUrl": "", "transactionText": "", "filerName": "Flourishing Trade And Investment Ltd", "filerRelation": "Promoter", "moneyText": "", "startDate": "2020-05-26", "ownership": "D"}, {"maxAge": 1, "shares": 800000, "filerUrl": "", "transactionText": "", "filerName": "Flourishing Trade And Investment Ltd", "filerRelation": "Promoter", "moneyText": "", "startDate": "2020-05-21", "ownership": "D"}, {"maxAge": 1, "shares": 1000000, "filerUrl": "", "transactionText": "", "filerName": "Flourishing Trade And Investment Ltd", "filerRelation": "Promoter", "moneyText": "", "startDate": "2020-05-20", "ownership": "D"}, {"maxAge": 1, "shares": 900000, "filerUrl": "", "transactionText": "", "filerName": "Flourishing Trade And Investment Ltd", "filerRelation": "Promoter", "moneyText": "", "startDate": "2020-05-14", "ownership": "D"}, {"maxAge": 1, "shares": 2300000, "filerUrl": "", "transactionText": "", "filerName": "Flourishing Trade And Investment Ltd", "filerRelation": "Promoter", "moneyText": "", "startDate": "2020-05-13", "ownership": "D"}, {"maxAge": 1, "shares": 1800000, "filerUrl": "", "transactionText": "", "filerName": "Flourishing Trade And Investment Ltd", "filerRelation": "Promoter", "moneyText": "", "startDate": "2020-05-12", "ownership": "D"}, {"maxAge": 1, "shares": 2436076, "filerUrl": "", "transactionText": "", "filerName": "Flourishing Trade And Investment Ltd", "filerRelation": "Promoter", "moneyText": "", "startDate": "2020-03-31", "ownership": "D"}, {"maxAge": 1, "shares": 3000000, "filerUrl": "", "transactionText": "", "filerName": "Flourishing Trade And Investment Ltd", "filerRelation": "Promoter", "moneyText": "", "startDate": "2020-03-30", "ownership": "D"}, {"maxAge": 1, "shares": 2510938, "filerUrl": "", "transactionText": "", "filerName": "Flourishing Trade And Investment Ltd", "filerRelation": "Promoter", "moneyText": "", "startDate": "2020-03-26", "ownership": "D"}, {"maxAge": 1, "shares": 3561200, "filerUrl": "", "transactionText": "", "filerName": "Flourishing Trade And Investment Ltd", "filerRelation": "Promoter", "moneyText": "", "startDate": "2020-03-25", "ownership": "D"}, {"maxAge": 1, "shares": 612482, "filerUrl": "", "transactionText": "", "filerName": "Flourishing Trade And Investment Ltd", "filerRelation": "Promoter", "moneyText": "", "startDate": "2020-03-24", "ownership": "D"}, {"maxAge": 1, "shares": 13411254, "filerUrl": "", "transactionText": "", "filerName": "Adani (Gautam S & Rajesh S)", "filerRelation": "Promoter", "moneyText": "", "startDate": "2019-09-26", "ownership": "D"}, {"maxAge": 1, "shares": 2318604, "filerUrl": "", "transactionText": "", "filerName": "Adani Tradeline, L.L.P.", "filerRelation": "Promoter", "moneyText": "", "startDate": "2019-09-26", "ownership": "D"}, {"maxAge": 1, "shares": 1492757, "filerUrl": "", "transactionText": "", "filerName": "Afro Asia Trade & Investments Ltd", "filerRelation": "Promoter", "moneyText": "", "startDate": "2019-09-26", "ownership": "D"}, {"maxAge": 1, "shares": 1397089, "filerUrl": "", "transactionText": "", "filerName": "Emerging Markets Investment Fund", "filerRelation": "Promoter", "moneyText": "", "startDate": "2019-09-26", "ownership": "D"}, {"maxAge": 1, "shares": 1320091, "filerUrl": "", "transactionText": "", "filerName": "Universal Trade & Investments Ltd", "filerRelation": "Promoter", "moneyText": "", "startDate": "2019-09-26", "ownership": "D"}, {"maxAge": 1, "shares": 1290637, "filerUrl": "", "transactionText": "", "filerName": "Worldwide Emerging Market Holding Ltd", "filerRelation": "Promoter", "moneyText": "", "startDate": "2019-09-26", "ownership": "D"}, {"maxAge": 1, "shares": 10000, "filerUrl": "", "transactionText": "", "filerName": "Maheshwari (Deepak)", "filerRelation": "Chief Financial Officer", "moneyText": "", "startDate": "2019-03-29", "ownership": "D"}], "maxAge": 1}, "quoteType": {"exchange": "BSE", "quoteType": "EQUITY", "symbol": "ADANIPORTS.BO", "underlyingSymbol": "ADANIPORTS.BO", "shortName": "ADANI PORTS AND SPECIAL ECONOM", "longName": "Adani Ports and Special Economic Zone Limited", "firstTradeDateEpochUtc": "2007-11-27 09:15:00", "timeZoneFullName": "Asia/Kolkata", "timeZoneShortName": "IST", "uuid": "1885f17c-b001-3fec-9c5f-523d0977e31c", "messageBoardId": null, "gmtOffSetMilliseconds": 19800000, "maxAge": 1}, "incomeStatementHistory": {"incomeStatementHistory": [{"maxAge": 1, "endDate": "2020-03-31", "totalRevenue": 114387700000, "costOfRevenue": 37107600000, "grossProfit": 77280100000, "researchDevelopment": {}, "sellingGeneralAdministrative": 168500000, "nonRecurring": {}, "otherOperatingExpenses": 5603100000, "totalOperatingExpenses": 59682000000, "operatingIncome": 54705700000, "totalOtherIncomeExpenseNet": -12266500000, "ebit": 54705700000, "interestExpense": -19089800000, "incomeBeforeTax": 42439200000, "incomeTaxExpense": 4593900000, "minorityInterest": 2195900000, "netIncomeFromContinuingOps": 37845300000, "discontinuedOperations": {}, "extraordinaryItems": {}, "effectOfAccountingCharges": {}, "otherItems": {}, "netIncome": 37631300000, "netIncomeApplicableToCommonShares": 37631300000}, {"maxAge": 1, "endDate": "2019-03-31", "totalRevenue": 109254400000, "costOfRevenue": 33523200000, "grossProfit": 75731200000, "researchDevelopment": {}, "sellingGeneralAdministrative": 519500000, "nonRecurring": {}, "otherOperatingExpenses": 4290300000, "totalOperatingExpenses": 52067800000, "operatingIncome": 57186600000, "totalOtherIncomeExpenseNet": -5924400000, "ebit": 57186600000, "interestExpense": -14159800000, "incomeBeforeTax": 51262200000, "incomeTaxExpense": 10814700000, "minorityInterest": 2099400000, "netIncomeFromContinuingOps": 40447500000, "discontinuedOperations": {}, "extraordinaryItems": {}, "effectOfAccountingCharges": {}, "otherItems": {}, "netIncome": 39902200000, "netIncomeApplicableToCommonShares": 39902200000}, {"maxAge": 1, "endDate": "2018-03-31", "totalRevenue": 113229600000, "costOfRevenue": 37297000000, "grossProfit": 75932600000, "researchDevelopment": {}, "sellingGeneralAdministrative": 489100000, "nonRecurring": {}, "otherOperatingExpenses": 3653800000, "totalOperatingExpenses": 53323600000, "operatingIncome": 59906000000, "totalOtherIncomeExpenseNet": -7564700000, "ebit": 59906000000, "interestExpense": -11976900000, "incomeBeforeTax": 52341300000, "incomeTaxExpense": 15441800000, "minorityInterest": 1495600000, "netIncomeFromContinuingOps": 36899500000, "discontinuedOperations": {}, "extraordinaryItems": {}, "effectOfAccountingCharges": {}, "otherItems": {}, "netIncome": 36736200000, "netIncomeApplicableToCommonShares": 36736200000}, {"maxAge": 1, "endDate": "2017-03-31", "totalRevenue": 84393500000, "costOfRevenue": 25959300000, "grossProfit": 58434200000, "researchDevelopment": {}, "sellingGeneralAdministrative": 463200000, "nonRecurring": {}, "otherOperatingExpenses": 3415700000, "totalOperatingExpenses": 41440100000, "operatingIncome": 42953400000, "totalOtherIncomeExpenseNet": -1072100000, "ebit": 42953400000, "interestExpense": -12039600000, "incomeBeforeTax": 41881300000, "incomeTaxExpense": 2866300000, "minorityInterest": 1392400000, "netIncomeFromContinuingOps": 39015000000, "discontinuedOperations": {}, "extraordinaryItems": {}, "effectOfAccountingCharges": {}, "otherItems": {}, "netIncome": 39115200000, "netIncomeApplicableToCommonShares": 39115200000}], "maxAge": 86400}, "fundOwnership": {"maxAge": 1, "ownershipList": [{"maxAge": 1, "reportDate": "2020-06-30", "organization": "Europacific Growth Fund", "pctHeld": 0.0173, "position": 35907438, "value": 12348567928}, {"maxAge": 1, "reportDate": "2020-07-31", "organization": "Fidelity Series Emerging Markets Opportunities Fund", "pctHeld": 0.0075, "position": 15481347, "value": 4875850237}, {"maxAge": 1, "reportDate": "2020-07-31", "organization": "Vanguard International Stock Index-Total Intl Stock Indx", "pctHeld": 0.0057, "position": 11852776, "value": 3733031801}, {"maxAge": 1, "reportDate": "2020-07-31", "organization": "Vanguard International Stock Index-Emerging Markets Stk", "pctHeld": 0.005, "position": 10369824, "value": 3265976068}, {"maxAge": 1, "reportDate": "2020-05-31", "organization": "MFS International Growth Fund", "pctHeld": 0.0039, "position": 8085375, "value": 2619257231}, {"maxAge": 1, "reportDate": "2020-06-30", "organization": "New Economy Fund (The)", "pctHeld": 0.0034, "position": 7136000, "value": 2454070400}, {"maxAge": 1, "reportDate": "2020-06-30", "organization": "American Funds Insurance Ser-International Fund", "pctHeld": 0.0026, "position": 5435409, "value": 1869237155}, {"maxAge": 1, "reportDate": "2020-06-30", "organization": "Thornburg Developing World Fund", "pctHeld": 0.0023999999, "position": 4918820, "value": 1691582198}, {"maxAge": 1, "reportDate": "2020-07-31", "organization": "iShares Core MSCI Emerging Markets ETF", "pctHeld": 0.0019, "position": 3876156, "value": 1220795332}, {"maxAge": 1, "reportDate": "2020-08-31", "organization": "iShares MSCI India ETF", "pctHeld": 0.0014, "position": 2996756, "value": 1066095947}]}, "summaryDetail": {"maxAge": 1, "priceHint": 2, "previousClose": 746.95, "open": 742.0, "dayLow": 717.05, "dayHigh": 759.3, "regularMarketPreviousClose": 746.95, "regularMarketOpen": 742.0, "regularMarketDayLow": 717.05, "regularMarketDayHigh": 759.3, "trailingPE": 42.597023, "volume": 602080, "regularMarketVolume": 602080, "averageVolume": 499444, "averageVolume10days": 755696, "averageDailyVolume10Day": 755696, "bid": 726.0, "ask": 729.9, "bidSize": 0, "askSize": 0, "marketCap": 1482974429184, "fiftyTwoWeekLow": 203.4, "fiftyTwoWeekHigh": 759.3, "fiftyDayAverage": 558.7043, "twoHundredDayAverage": 426.4219, "trailingAnnualDividendRate": 3.2, "trailingAnnualDividendYield": 0.0042840885, "currency": "INR", "fromCurrency": null, "toCurrency": null, "lastMarket": null, "algorithm": null, "tradeable": false}, "incomeStatementHistoryQuarterly": {"incomeStatementHistory": [{"maxAge": 1, "endDate": "2020-06-30", "totalRevenue": 22926900000, "costOfRevenue": 7468600000, "grossProfit": 15458300000, "researchDevelopment": {}, "sellingGeneralAdministrative": {}, "nonRecurring": {}, "otherOperatingExpenses": 1079500000, "totalOperatingExpenses": 13094800000, "operatingIncome": 9832100000, "totalOtherIncomeExpenseNet": -402700000, "ebit": 9832100000, "interestExpense": -4235300000, "incomeBeforeTax": 9429400000, "incomeTaxExpense": 1851100000, "minorityInterest": {}, "netIncomeFromContinuingOps": 7578300000, "discontinuedOperations": {}, "extraordinaryItems": {}, "effectOfAccountingCharges": {}, "otherItems": {}, "netIncome": 7580200000, "netIncomeApplicableToCommonShares": 7580200000}, {"maxAge": 1, "endDate": "2020-03-31", "totalRevenue": 29211900000, "costOfRevenue": 11398100000, "grossProfit": 17813800000, "researchDevelopment": {}, "sellingGeneralAdministrative": 168500000, "nonRecurring": {}, "otherOperatingExpenses": 1007500000, "totalOperatingExpenses": 17069600000, "operatingIncome": 12142300000, "totalOtherIncomeExpenseNet": -9575000000, "ebit": 12142300000, "interestExpense": -4212500000, "incomeBeforeTax": 2567300000, "incomeTaxExpense": -834800000, "minorityInterest": 2195900000, "netIncomeFromContinuingOps": 3402100000, "discontinuedOperations": {}, "extraordinaryItems": {}, "effectOfAccountingCharges": {}, "otherItems": {}, "netIncome": 3343900000, "netIncomeApplicableToCommonShares": 3343900000}, {"maxAge": 1, "endDate": "2019-12-31", "totalRevenue": 29019500000, "costOfRevenue": 8960200000, "grossProfit": 20059300000, "researchDevelopment": {}, "sellingGeneralAdministrative": 168500000, "nonRecurring": {}, "otherOperatingExpenses": 1530500000, "totalOperatingExpenses": 14787400000, "operatingIncome": 14232100000, "totalOtherIncomeExpenseNet": 3156600000, "ebit": 14232100000, "interestExpense": -4670700000, "incomeBeforeTax": 17388700000, "incomeTaxExpense": 3824400000, "minorityInterest": 2195900000, "netIncomeFromContinuingOps": 13564300000, "discontinuedOperations": {}, "extraordinaryItems": {}, "effectOfAccountingCharges": {}, "otherItems": {}, "netIncome": 13521700000, "netIncomeApplicableToCommonShares": 13521700000}, {"maxAge": 1, "endDate": "2019-09-30", "totalRevenue": 28211600000, "costOfRevenue": 8731600000, "grossProfit": 19480000000, "researchDevelopment": {}, "sellingGeneralAdministrative": 168500000, "nonRecurring": {}, "otherOperatingExpenses": 1568300000, "totalOperatingExpenses": 14403800000, "operatingIncome": 13807800000, "totalOtherIncomeExpenseNet": -4944300000, "ebit": 13807800000, "interestExpense": -5633800000, "incomeBeforeTax": 8863500000, "incomeTaxExpense": -1728500000, "minorityInterest": 4367400000, "netIncomeFromContinuingOps": 10592000000, "discontinuedOperations": {}, "extraordinaryItems": {}, "effectOfAccountingCharges": {}, "otherItems": {}, "netIncome": 10541500000, "netIncomeApplicableToCommonShares": 10541500000}], "maxAge": 86400}, "cashflowStatementHistoryQuarterly": {"cashflowStatements": [{"maxAge": 1, "endDate": "2020-06-30", "netIncome": 7580200000, "changeToLiabilities": 0}, {"maxAge": 1, "endDate": "2020-03-31", "netIncome": 3343900000, "changeToLiabilities": 0}, {"maxAge": 1, "endDate": "2019-12-31", "netIncome": 13521700000, "changeToLiabilities": 0}, {"maxAge": 1, "endDate": "2019-09-30", "netIncome": 10541500000, "changeToLiabilities": 0}], "maxAge": 86400}, "insiderHolders": {"holders": [{"maxAge": 1, "name": "Adani (Gautam S & Rajesh S)", "relation": "Promoter", "url": "", "transactionDescription": "Other", "latestTransDate": "2019-09-26", "positionDirect": 799353935, "positionDirectDate": "2019-09-26"}, {"maxAge": 1, "name": "Adani Tradeline, L.L.P.", "relation": "Promoter", "url": "", "transactionDescription": "Other", "latestTransDate": "2019-09-26", "positionDirect": 138193549, "positionDirectDate": "2019-09-26"}, {"maxAge": 1, "name": "Afro Asia Trade & Investments Ltd", "relation": "Promoter", "url": "", "transactionDescription": "Other", "latestTransDate": "2019-09-26", "positionDirect": 89945212, "positionDirectDate": "2019-09-26"}, {"maxAge": 1, "name": "Emerging Markets Investment Fund", "relation": "Promoter", "url": "", "transactionDescription": "Other", "latestTransDate": "2019-09-26", "positionDirect": 84179195, "positionDirectDate": "2019-09-26"}, {"maxAge": 1, "name": "Flourishing Trade And Investment Ltd", "relation": "Promoter", "url": "", "transactionDescription": "Acquisition", "latestTransDate": "2020-06-30", "positionDirect": 24306696, "positionDirectDate": "2020-06-30"}, {"maxAge": 1, "name": "Maheshwari (Deepak)", "relation": "Chief Financial Officer", "url": "", "transactionDescription": "Sale", "latestTransDate": "2019-03-29", "positionDirect": 0, "positionDirectDate": "2019-03-29"}, {"maxAge": 1, "name": "Sheth (Kanaiyalal M)", "relation": "UNREPORTED", "url": "", "transactionDescription": "Sale", "latestTransDate": "2020-08-17", "positionDirect": 0, "positionDirectDate": "2020-08-17"}, {"maxAge": 1, "name": "Sheth (Rahul Ravi)", "relation": "UNREPORTED", "url": "", "transactionDescription": "Sale", "latestTransDate": "2020-06-23", "positionDirect": 0, "positionDirectDate": "2020-06-23"}, {"maxAge": 1, "name": "Universal Trade & Investments Ltd", "relation": "Promoter", "url": "", "transactionDescription": "Other", "latestTransDate": "2019-09-26", "positionDirect": 79541248, "positionDirectDate": "2019-09-26"}, {"maxAge": 1, "name": "Worldwide Emerging Market Holding Ltd", "relation": "Promoter", "url": "", "transactionDescription": "Other", "latestTransDate": "2019-09-26", "positionDirect": 77756181, "positionDirectDate": "2019-09-26"}], "maxAge": 1}, "calendarEvents": {"maxAge": 1, "earnings": {"earningsDate": []}}, "price": {"maxAge": 1, "regularMarketChangePercent": -0.022826143, "regularMarketChange": -17.049988, "regularMarketTime": "2021-04-30 15:58:07", "priceHint": 2, "regularMarketPrice": 729.9, "regularMarketDayHigh": 759.3, "regularMarketDayLow": 717.05, "regularMarketVolume": 602080, "averageDailyVolume10Day": 755696, "averageDailyVolume3Month": 499444, "regularMarketPreviousClose": 746.95, "regularMarketSource": "FREE_REALTIME", "regularMarketOpen": 742.0, "exchange": "BSE", "exchangeName": "BSE", "exchangeDataDelayedBy": 0, "marketState": "CLOSED", "quoteType": "EQUITY", "symbol": "ADANIPORTS.BO", "underlyingSymbol": null, "shortName": "ADANI PORTS AND SPECIAL ECONOM", "longName": "Adani Ports and Special Economic Zone Limited", "currency": "INR", "quoteSourceName": "Delayed Quote", "currencySymbol": "\u20b9", "fromCurrency": null, "toCurrency": null, "lastMarket": null, "marketCap": 1482974429184}, "balanceSheetHistory": {"balanceSheetStatements": [{"maxAge": 1, "endDate": "2020-03-31", "cash": 71954600000, "shortTermInvestments": 184200000, "netReceivables": 63112100000, "inventory": 2882800000, "otherCurrentAssets": 9400000000, "totalCurrentAssets": 148199100000, "longTermInvestments": 11661100000, "propertyPlantEquipment": 307042100000, "goodWill": 32862500000, "intangibleAssets": 19403800000, "otherAssets": 102868100000, "deferredLongTermAssetCharges": 12096200000, "totalAssets": 622036700000, "accountsPayable": 7287400000, "shortLongTermDebt": 17372900000, "otherCurrentLiab": 25275600000, "longTermDebt": 261813300000, "otherLiab": 19155100000, "minorityInterest": 2195900000, "totalCurrentLiabilities": 76964700000, "totalLiab": 363605900000, "commonStock": 4063500000, "retainedEarnings": 237583200000, "treasuryStock": 6927300000, "capitalSurplus": 5995600000, "otherStockholderEquity": 6927300000, "totalStockholderEquity": 254569600000, "netTangibleAssets": 202303300000}, {"maxAge": 1, "endDate": "2019-03-31", "cash": 47981900000, "shortTermInvestments": 15548800000, "netReceivables": 67096700000, "inventory": 8066800000, "otherCurrentAssets": 6895900000, "totalCurrentAssets": 146311400000, "longTermInvestments": 2684900000, "propertyPlantEquipment": 272644100000, "goodWill": 32679300000, "intangibleAssets": 20725600000, "otherAssets": 90229300000, "deferredLongTermAssetCharges": 10283800000, "totalAssets": 565274600000, "accountsPayable": 5720700000, "shortLongTermDebt": 11164700000, "otherCurrentLiab": 16478400000, "longTermDebt": 198833200000, "otherLiab": 14923500000, "minorityInterest": 2099400000, "totalCurrentLiabilities": 103516900000, "totalLiab": 317793200000, "commonStock": 4141900000, "retainedEarnings": 207952700000, "treasuryStock": 6111400000, "capitalSurplus": 25517200000, "otherStockholderEquity": 6111400000, "totalStockholderEquity": 243723200000, "netTangibleAssets": 190318300000}, {"maxAge": 1, "endDate": "2018-03-31", "cash": 8234800000, "shortTermInvestments": 26362000000, "netReceivables": 73833500000, "inventory": 5202900000, "otherCurrentAssets": 28882000000, "totalCurrentAssets": 142869000000, "longTermInvestments": 5996500000, "propertyPlantEquipment": 229895200000, "goodWill": 26671300000, "intangibleAssets": 15588200000, "otherAssets": 52731000000, "deferredLongTermAssetCharges": 13105400000, "totalAssets": 473751200000, "accountsPayable": 4897300000, "shortLongTermDebt": 8020200000, "otherCurrentLiab": 14750000000, "longTermDebt": 206289700000, "otherLiab": 15119500000, "minorityInterest": 1495600000, "totalCurrentLiabilities": 40089600000, "totalLiab": 261567300000, "commonStock": 4141900000, "retainedEarnings": 171623700000, "treasuryStock": 7746700000, "capitalSurplus": 25517200000, "otherStockholderEquity": 7746700000, "totalStockholderEquity": 209029500000, "netTangibleAssets": 166770000000}, {"maxAge": 1, "endDate": "2017-03-31", "cash": 9502100000, "shortTermInvestments": 19187700000, "netReceivables": 56902000000, "inventory": 6570900000, "otherCurrentAssets": 25832300000, "totalCurrentAssets": 119074200000, "longTermInvestments": 3026400000, "propertyPlantEquipment": 211767900000, "goodWill": 26703900000, "intangibleAssets": 17202900000, "otherAssets": 58075500000, "deferredLongTermAssetCharges": 19915600000, "totalAssets": 435850800000, "accountsPayable": 4556600000, "shortLongTermDebt": 9589000000, "otherCurrentLiab": 15017200000, "longTermDebt": 179932400000, "otherLiab": 13637200000, "minorityInterest": 1392400000, "totalCurrentLiabilities": 65559100000, "totalLiab": 259198600000, "commonStock": 4141900000, "retainedEarnings": 138672700000, "treasuryStock": 5429400000, "capitalSurplus": 25357000000, "otherStockholderEquity": 5429400000, "totalStockholderEquity": 173601000000, "netTangibleAssets": 129694200000}], "maxAge": 86400}, "financialData": {"maxAge": 86400, "currentPrice": 729.9, "recommendationKey": "none", "grossProfits": 77280100000, "financialCurrency": "INR"}}}