{"ADANITRANS.NS": {"assetProfile": {"address1": "Adani Corporate House", "address2": "Shantigram S G Highway", "city": "Ahmedabad", "zip": "382421", "country": "India", "phone": "91 79 2656 5555", "fax": "91 79 2656 5500", "website": "http://www.adanitransmission.com", "industry": "Utilities\u2014Regulated Electric", "sector": "Utilities", "longBusinessSummary": "Adani Transmission Limited, together with its subsidiaries, engages in the generation, transmission, and distribution of power in India. The company operates through Transmission, Trading, and Mumbai GTD Business segments. It builds, commissions, operates, and maintains electric power transmission systems; and distributes electricity in the suburbs of Mumbai. The company operates and maintains approximately 11,576 circuit kilometers of transmission lines with a total transformation capacity of 18,330 mega volt ampere in the states of Gujarat, Maharashtra, Rajasthan, Madhya Pradesh, Uttar Pradesh, Bihar, Jharkhand, Haryana, and Chhattisgarh. In addition, it engages in the trading of agri commodities. The company was incorporated in 2013 and is headquartered in Ahmedabad, India. Adani Transmission Limited is a subsidiary of S.B. Adani Family Trust.", "fullTimeEmployees": 5417, "companyOfficers": [{"maxAge": 1, "name": "Mr. Anil Kumar Sardana AICWA, B.E., PGDBM", "age": 61, "title": "MD, CEO & Exec. Director", "yearBorn": 1959, "exercisedValue": 0, "unexercisedValue": 0}, {"maxAge": 1, "name": "Mr. Gautambhai Shantilal Adani", "age": 58, "title": "Founder & Chairman", "yearBorn": 1962, "exercisedValue": 0, "unexercisedValue": 0}, {"maxAge": 1, "name": "Mr. Jaladhi  Shukla", "title": "Compliance Officer & Company Sec.", "exercisedValue": 0, "unexercisedValue": 0}, {"maxAge": 1, "name": "Mr. Rajeshbhai Shantilal Adani", "age": 56, "title": "Exec. Director", "yearBorn": 1964, "exercisedValue": 0, "unexercisedValue": 0}, {"maxAge": 1, "name": "Mr. Dipakrashmi  Tripathi", "age": 58, "title": "Sr. VP of Transmission", "yearBorn": 1962, "exercisedValue": 0, "unexercisedValue": 0}, {"maxAge": 1, "name": "Mr. Vishal Chandrakant Shah", "title": "Chief Sustainability Officer", "exercisedValue": 0, "unexercisedValue": 0}], "maxAge": 86400}, "recommendationTrend": {"trend": [{"period": "0m", "strongBuy": 0, "buy": 0, "hold": 0, "sell": 0, "strongSell": 0}, {"period": "-1m", "strongBuy": 0, "buy": 0, "hold": 0, "sell": 0, "strongSell": 0}, {"period": "-2m", "strongBuy": 0, "buy": 0, "hold": 0, "sell": 0, "strongSell": 0}, {"period": "-3m", "strongBuy": 0, "buy": 0, "hold": 0, "sell": 0, "strongSell": 0}], "maxAge": 86400}, "cashflowStatementHistory": {"cashflowStatements": [{"maxAge": 1, "endDate": "2020-03-31", "netIncome": 7418200000, "depreciation": 11684300000, "changeToNetincome": 22484600000, "changeToAccountReceivables": -3210000000, "changeToLiabilities": 4062200000, "changeToInventory": -1795200000, "changeToOperatingActivities": 13672000000, "totalCashFromOperatingActivities": 54372000000, "capitalExpenditures": -27626700000, "investments": -5567700000, "otherCashflowsFromInvestingActivities": 1445200000, "totalCashflowsFromInvestingActivities": -56428800000, "dividendsPaid": -22800000, "netBorrowings": 28830800000, "otherCashflowsFromFinancingActivities": -11207800000, "totalCashFromFinancingActivities": 12504000000, "changeInCash": 10447400000, "repurchaseOfStock": -12096200000, "issuanceOfStock": 7000000000}, {"maxAge": 1, "endDate": "2019-03-31", "netIncome": 5592000000, "depreciation": 8786700000, "changeToNetincome": 13030400000, "changeToAccountReceivables": 849600000, "changeToLiabilities": -983500000, "changeToInventory": -1271500000, "changeToOperatingActivities": -124700000, "totalCashFromOperatingActivities": 25913800000, "capitalExpenditures": -11985500000, "investments": -6510600000, "otherCashflowsFromInvestingActivities": 2649900000, "totalCashflowsFromInvestingActivities": -31381700000, "dividendsPaid": -3100000, "netBorrowings": 881000000, "otherCashflowsFromFinancingActivities": -13037500000, "totalCashFromFinancingActivities": 380400000, "changeInCash": -4208400000, "repurchaseOfStock": -12096200000, "issuanceOfStock": 12540000000}, {"maxAge": 1, "endDate": "2018-03-31", "netIncome": 11429400000, "depreciation": 5793500000, "changeToNetincome": 7856600000, "changeToAccountReceivables": -254000000, "changeToLiabilities": 123400000, "changeToInventory": 33200000, "changeToOperatingActivities": -2999600000, "totalCashFromOperatingActivities": 21983100000, "capitalExpenditures": -9614000000, "investments": 4722700000, "otherCashflowsFromInvestingActivities": 151000000, "totalCashflowsFromInvestingActivities": -32105400000, "dividendsPaid": -8800000, "netBorrowings": 7405700000, "otherCashflowsFromFinancingActivities": -9505100000, "totalCashFromFinancingActivities": 15891800000, "changeInCash": 5957300000, "repurchaseOfStock": -12096200000, "issuanceOfStock": 18000000000}, {"maxAge": 1, "endDate": "2017-03-31", "netIncome": 4164300000, "depreciation": 5692200000, "changeToNetincome": 8245900000, "changeToAccountReceivables": 90500000, "changeToLiabilities": 37700000, "changeToInventory": -147900000, "changeToOperatingActivities": 3804500000, "totalCashFromOperatingActivities": 21887500000, "capitalExpenditures": -13598700000, "investments": -764800000, "otherCashflowsFromInvestingActivities": -2285100000, "totalCashflowsFromInvestingActivities": -17607800000, "dividendsPaid": -8800000, "netBorrowings": 2587800000, "otherCashflowsFromFinancingActivities": -7133100000, "totalCashFromFinancingActivities": -4545300000, "changeInCash": 42400000, "repurchaseOfStock": -12096200000, "issuanceOfStock": 18000000000}], "maxAge": 86400}, "indexTrend": {"maxAge": 1, "symbol": "SP5", "peRatio": 19.7411, "pegRatio": 1.34172, "estimates": [{"period": "0q", "growth": 0.549}, {"period": "+1q", "growth": 0.431}, {"period": "0y", "growth": 0.305}, {"period": "+1y", "growth": 0.109}, {"period": "+5y", "growth": 0.120865}, {"period": "-5y"}]}, "defaultKeyStatistics": {"maxAge": 1, "priceHint": 2, "enterpriseValue": 1371928002560, "profitMargins": 0.103970006, "floatShares": 275843367, "sharesOutstanding": 1099810048, "heldPercentInsiders": 0.46348, "heldPercentInstitutions": 0.175, "beta": 1.128825, "category": null, "bookValue": 76.244, "priceToBook": 13.770264, "fundFamily": null, "legalType": null, "lastFiscalYearEnd": "2020-03-31 05:30:00", "nextFiscalYearEnd": "2022-03-31 05:30:00", "mostRecentQuarter": "2020-12-31 05:30:00", "earningsQuarterlyGrowth": 0.941, "netIncomeToCommon": 6966300160, "trailingEps": 5.428, "lastSplitFactor": null, "enterpriseToRevenue": 13.209, "enterpriseToEbitda": 32.173, "52WeekChange": 4.279859, "SandP52WeekChange": 0.48148263}, "industryTrend": {"maxAge": 1, "symbol": null, "estimates": []}, "quoteType": {"exchange": "NSI", "quoteType": "EQUITY", "symbol": "ADANITRANS.NS", "underlyingSymbol": "ADANITRANS.NS", "shortName": "ADANI TRANSMISS.IN", "longName": "Adani Transmission Limited", "firstTradeDateEpochUtc": "2015-07-31 09:15:00", "timeZoneFullName": "Asia/Kolkata", "timeZoneShortName": "IST", "uuid": "385cf69f-cb0b-34bd-bb6e-edca49fa9995", "messageBoardId": "finmb_283330012", "gmtOffSetMilliseconds": 19800000, "maxAge": 1}, "incomeStatementHistory": {"incomeStatementHistory": [{"maxAge": 1, "endDate": "2020-03-31", "totalRevenue": 114159600000, "costOfRevenue": 49967900000, "grossProfit": 64191700000, "researchDevelopment": {}, "sellingGeneralAdministrative": 9938900000, "nonRecurring": {}, "otherOperatingExpenses": 9119900000, "totalOperatingExpenses": 80772500000, "operatingIncome": 33387100000, "totalOtherIncomeExpenseNet": -22320300000, "ebit": 33387100000, "interestExpense": -21776600000, "incomeBeforeTax": 11066800000, "incomeTaxExpense": 4001900000, "minorityInterest": 10621300000, "netIncomeFromContinuingOps": 7064900000, "discontinuedOperations": {}, "extraordinaryItems": {}, "effectOfAccountingCharges": {}, "otherItems": {}, "netIncome": 7418200000, "netIncomeApplicableToCommonShares": 3585300000}, {"maxAge": 1, "endDate": "2019-03-31", "totalRevenue": 73054500000, "costOfRevenue": 33455300000, "grossProfit": 39599200000, "researchDevelopment": {}, "sellingGeneralAdministrative": 6203300000, "nonRecurring": {}, "otherOperatingExpenses": 5569000000, "totalOperatingExpenses": 54049100000, "operatingIncome": 19005400000, "totalOtherIncomeExpenseNet": -10603000000, "ebit": 19005400000, "interestExpense": -13477700000, "incomeBeforeTax": 8402400000, "incomeTaxExpense": 2810400000, "minorityInterest": 10621300000, "netIncomeFromContinuingOps": 5592000000, "discontinuedOperations": {}, "extraordinaryItems": {}, "effectOfAccountingCharges": {}, "otherItems": {}, "netIncome": 5592000000, "netIncomeApplicableToCommonShares": 2534900000}, {"maxAge": 1, "endDate": "2018-03-31", "totalRevenue": 39444800000, "costOfRevenue": 8877300000, "grossProfit": 30567500000, "researchDevelopment": {}, "sellingGeneralAdministrative": 505900000, "nonRecurring": {}, "otherOperatingExpenses": 1800400000, "totalOperatingExpenses": 16977700000, "operatingIncome": 22467100000, "totalOtherIncomeExpenseNet": -7750300000, "ebit": 22467100000, "interestExpense": -6730400000, "incomeBeforeTax": 14716800000, "incomeTaxExpense": 3287400000, "minorityInterest": 10621300000, "netIncomeFromContinuingOps": 11429400000, "discontinuedOperations": {}, "extraordinaryItems": {}, "effectOfAccountingCharges": {}, "otherItems": {}, "netIncome": 11429400000, "netIncomeApplicableToCommonShares": 10934300000}, {"maxAge": 1, "endDate": "2017-03-31", "totalRevenue": 28757100000, "costOfRevenue": 7746600000, "grossProfit": 21010500000, "researchDevelopment": {}, "sellingGeneralAdministrative": 536400000, "nonRecurring": {}, "otherOperatingExpenses": 635600000, "totalOperatingExpenses": 14611100000, "operatingIncome": 14146000000, "totalOtherIncomeExpenseNet": -8826700000, "ebit": 14146000000, "interestExpense": -7086100000, "incomeBeforeTax": 5319300000, "incomeTaxExpense": 1155000000, "minorityInterest": 10621300000, "netIncomeFromContinuingOps": 4164300000, "discontinuedOperations": {}, "extraordinaryItems": {}, "effectOfAccountingCharges": {}, "otherItems": {}, "netIncome": 4164300000, "netIncomeApplicableToCommonShares": 4164300000}], "maxAge": 86400}, "fundOwnership": {"maxAge": 1, "ownershipList": []}, "summaryDetail": {"maxAge": 1, "priceHint": 2, "previousClose": 1050.15, "open": 1048.0, "dayLow": 1035.2, "dayHigh": 1060.0, "regularMarketPreviousClose": 1050.15, "regularMarketOpen": 1048.0, "regularMarketDayLow": 1035.2, "regularMarketDayHigh": 1060.0, "payoutRatio": 0.0, "beta": 1.128825, "trailingPE": 193.423, "volume": 439202, "regularMarketVolume": 439202, "averageVolume": 1395065, "averageVolume10days": 619832, "averageDailyVolume10Day": 619832, "bid": 0.0, "ask": 0.0, "bidSize": 0, "askSize": 0, "marketCap": 1154249523200, "fiftyTwoWeekLow": 167.0, "fiftyTwoWeekHigh": 1144.7, "priceToSalesTrailing12Months": 11.112785, "fiftyDayAverage": 937.18, "twoHundredDayAverage": 580.32153, "currency": "INR", "fromCurrency": null, "toCurrency": null, "lastMarket": null, "algorithm": null, "tradeable": false}, "insiderHolders": {"holders": [{"maxAge": 1, "name": "Adani (Vinod Shantilal)", "relation": "Promoter", "url": "", "transactionDescription": "Sale", "latestTransDate": "2017-03-31", "positionDirect": 0, "positionDirectDate": "2017-03-31"}, {"maxAge": 1, "name": "Afro Asia Trade & Investments Ltd", "relation": "Institution- Corporation", "url": "", "transactionDescription": "Purchase", "latestTransDate": "2017-03-31", "positionDirect": 30249700, "positionDirectDate": "2017-03-31"}, {"maxAge": 1, "name": "Catalyst Trusteeship Ltd.", "relation": "Institution- Corporation", "url": "", "transactionDescription": "Other", "latestTransDate": "2021-01-22", "positionDirect": 0, "positionDirectDate": "2021-01-22"}, {"maxAge": 1, "name": "Flourishing Trade And Investment Ltd", "relation": "Institution- Corporation", "url": "", "transactionDescription": "Other", "latestTransDate": "2019-02-19", "positionDirect": 3688000, "positionDirectDate": "2019-02-19"}, {"maxAge": 1, "name": "Fortitude Trade and Investment Ltd.", "relation": "Institution- Corporation", "url": "", "transactionDescription": "Acquisition", "latestTransDate": "2020-12-29", "positionDirect": 30249700, "positionDirectDate": "2020-12-29"}, {"maxAge": 1, "name": "Mahadevia (Malay)", "relation": "UNREPORTED", "url": "", "transactionDescription": "Sale", "latestTransDate": "2017-03-20", "positionDirect": 0, "positionDirectDate": "2017-03-20"}, {"maxAge": 1, "name": "Pan Asia Trade & Investment Pvt. Ltd.", "relation": "UNREPORTED", "url": "", "transactionDescription": "Acquisition", "latestTransDate": "2017-03-24", "positionDirect": 3688000, "positionDirectDate": "2017-03-24"}, {"maxAge": 1, "name": "Parsa Kente Rail Infra Pvt. Ltd.", "relation": "Institution- Corporation", "url": "", "transactionDescription": "Purchase", "latestTransDate": "2017-03-31", "positionDirect": 99491719, "positionDirectDate": "2017-03-31"}, {"maxAge": 1, "name": "Universal Trade & Investments Ltd", "relation": "Institution- Corporation", "url": "", "transactionDescription": "Sale", "latestTransDate": "2020-12-29", "positionDirect": 0, "positionDirectDate": "2020-12-29"}, {"maxAge": 1, "name": "Worldwide Emerging Market Holding Ltd", "relation": "Institution- Corporation", "url": "", "transactionDescription": "Purchase", "latestTransDate": "2017-03-31", "positionDirect": 30249700, "positionDirectDate": "2017-03-31"}], "maxAge": 1}, "calendarEvents": {"maxAge": 1, "earnings": {"earningsDate": [], "revenueAverage": 21970100000, "revenueLow": 20610000000, "revenueHigh": 20610000000}}, "price": {"maxAge": 1, "regularMarketChangePercent": -0.00023806123, "regularMarketChange": -0.25, "regularMarketTime": "2021-04-30 15:30:00", "priceHint": 2, "regularMarketPrice": 1049.9, "regularMarketDayHigh": 1060.0, "regularMarketDayLow": 1035.2, "regularMarketVolume": 439202, "averageDailyVolume10Day": 619832, "averageDailyVolume3Month": 1395065, "regularMarketPreviousClose": 1050.15, "regularMarketSource": "FREE_REALTIME", "regularMarketOpen": 1048.0, "exchange": "NSI", "exchangeName": "NSE", "exchangeDataDelayedBy": 15, "marketState": "CLOSED", "quoteType": "EQUITY", "symbol": "ADANITRANS.NS", "underlyingSymbol": null, "shortName": "ADANI TRANSMISS.IN", "longName": "Adani Transmission Limited", "currency": "INR", "quoteSourceName": "Delayed Quote", "currencySymbol": "\u20b9", "fromCurrency": null, "toCurrency": null, "lastMarket": null, "marketCap": 1154249523200}, "balanceSheetHistory": {"balanceSheetStatements": [{"maxAge": 1, "endDate": "2020-03-31", "cash": 12329900000, "netReceivables": 45599800000, "inventory": 5411700000, "otherCurrentAssets": 20010500000, "totalCurrentAssets": 84377000000, "propertyPlantEquipment": 255462000000, "goodWill": 5920900000, "intangibleAssets": 9981500000, "otherAssets": 41370500000, "totalAssets": 397111900000, "accountsPayable": 17515100000, "shortLongTermDebt": 7202700000, "otherCurrentLiab": 11628800000, "longTermDebt": 222896500000, "otherLiab": 23691300000, "deferredLongTermLiab": 2477300000, "minorityInterest": 10621300000, "totalCurrentLiabilities": 53819400000, "totalLiab": 301501000000, "commonStock": 10998100000, "retainedEarnings": 20389500000, "treasuryStock": 53602000000, "otherStockholderEquity": 53602000000, "totalStockholderEquity": 84989600000, "netTangibleAssets": 69087200000}, {"maxAge": 1, "endDate": "2019-03-31", "cash": 1882500000, "netReceivables": 18040200000, "inventory": 3661800000, "otherCurrentAssets": 13095300000, "totalCurrentAssets": 38296700000, "longTermInvestments": 1209200000, "propertyPlantEquipment": 235307000000, "goodWill": 5901400000, "intangibleAssets": 9852200000, "otherAssets": 36043900000, "deferredLongTermAssetCharges": 1025800000, "totalAssets": 326610400000, "accountsPayable": 12369200000, "shortLongTermDebt": 22001000000, "otherCurrentLiab": 8476100000, "longTermDebt": 163041100000, "otherLiab": 18958800000, "deferredLongTermLiab": 11103800000, "totalCurrentLiabilities": 64181700000, "totalLiab": 246181600000, "commonStock": 10998100000, "retainedEarnings": 15959700000, "treasuryStock": 53471000000, "otherStockholderEquity": 53471000000, "totalStockholderEquity": 80428800000, "netTangibleAssets": 64675200000}, {"maxAge": 1, "endDate": "2018-03-31", "cash": 6090900000, "netReceivables": 9392600000, "inventory": 353400000, "otherCurrentAssets": 1611800000, "totalCurrentAssets": 17496700000, "propertyPlantEquipment": 113232500000, "goodWill": 3205600000, "intangibleAssets": 2200000, "otherAssets": 38717600000, "totalAssets": 172654600000, "accountsPayable": 394900000, "shortLongTermDebt": 8231300000, "otherCurrentLiab": 1394400000, "longTermDebt": 85945600000, "otherLiab": 2864200000, "totalCurrentLiabilities": 23279900000, "totalLiab": 112089700000, "commonStock": 10998100000, "retainedEarnings": 22816700000, "treasuryStock": 26750100000, "otherStockholderEquity": 26750100000, "totalStockholderEquity": 60564900000, "netTangibleAssets": 57357100000}, {"maxAge": 1, "endDate": "2017-03-31", "cash": 133600000, "shortTermInvestments": 1070300000, "netReceivables": 7885600000, "inventory": 386600000, "otherCurrentAssets": 4268500000, "totalCurrentAssets": 13769800000, "propertyPlantEquipment": 108752500000, "goodWill": 3203400000, "intangibleAssets": 2800000, "otherAssets": 2382100000, "totalAssets": 128110600000, "accountsPayable": 271500000, "shortLongTermDebt": 3144500000, "otherCurrentLiab": 2453600000, "longTermDebt": 77290800000, "otherLiab": 2512700000, "totalCurrentLiabilities": 18841800000, "totalLiab": 98645300000, "commonStock": 10998100000, "retainedEarnings": 19891800000, "treasuryStock": -1424600000, "otherStockholderEquity": -1424600000, "totalStockholderEquity": 29465300000, "netTangibleAssets": 26259100000}], "maxAge": 86400}, "earningsTrend": {"trend": [{"maxAge": 1, "period": "0q", "endDate": "2016-06-30", "growth": {}, "earningsEstimate": {"avg": 0.0, "low": 0.0, "high": 0.0, "yearAgoEps": {}, "numberOfAnalysts": 0, "growth": {}}, "revenueEstimate": {"avg": 21970100000, "low": 20610000000, "high": 20610000000, "numberOfAnalysts": 1, "yearAgoRevenue": {}, "growth": {}}, "epsTrend": {"current": 0.0, "7daysAgo": 1.1, "30daysAgo": 1.1, "60daysAgo": 1.1, "90daysAgo": 1.1}, "epsRevisions": {"upLast7days": 0, "upLast30days": 0, "downLast30days": 0, "downLast90days": {}}}, {"maxAge": 1, "period": "+1q", "endDate": "2016-09-30", "growth": {}, "earningsEstimate": {"avg": 0.0, "low": 0.0, "high": 0.0, "yearAgoEps": {}, "numberOfAnalysts": 0, "growth": {}}, "revenueEstimate": {"avg": 21970100000, "low": 20610000000, "high": 20610000000, "numberOfAnalysts": 1, "yearAgoRevenue": {}, "growth": {}}, "epsTrend": {"current": 0.0, "7daysAgo": 0.9, "30daysAgo": 0.9, "60daysAgo": 0.9, "90daysAgo": 0.9}, "epsRevisions": {"upLast7days": 0, "upLast30days": 0, "downLast30days": 0, "downLast90days": {}}}, {"maxAge": 1, "period": "0y", "endDate": "2016-03-31", "growth": {}, "earningsEstimate": {"avg": 0.0, "low": 0.0, "high": 0.0, "yearAgoEps": {}, "numberOfAnalysts": 0, "growth": {}}, "revenueEstimate": {"avg": 21970100000, "low": 20610000000, "high": 20610000000, "numberOfAnalysts": 1, "yearAgoRevenue": {}, "growth": {}}, "epsTrend": {"current": 0.0, "7daysAgo": 3.2, "30daysAgo": 3.2, "60daysAgo": 3.2, "90daysAgo": 3.2}, "epsRevisions": {"upLast7days": 0, "upLast30days": 0, "downLast30days": 0, "downLast90days": {}}}, {"maxAge": 1, "period": "+1y", "endDate": "2017-03-31", "growth": {}, "earningsEstimate": {"avg": 0.0, "low": 0.0, "high": 0.0, "yearAgoEps": {}, "numberOfAnalysts": 0, "growth": {}}, "revenueEstimate": {"avg": 28794500000, "low": 28070000000, "high": 28070000000, "numberOfAnalysts": 1, "yearAgoRevenue": 21970100000, "growth": 0.311}, "epsTrend": {"current": 0.0, "7daysAgo": 3.8, "30daysAgo": 3.8, "60daysAgo": 3.8, "90daysAgo": 3.8}, "epsRevisions": {"upLast7days": 0, "upLast30days": 0, "downLast30days": 0, "downLast90days": {}}}, {"maxAge": 1, "period": "+5y", "endDate": null, "growth": {}, "earningsEstimate": {"avg": {}, "low": {}, "high": {}, "yearAgoEps": {}, "numberOfAnalysts": {}, "growth": {}}, "revenueEstimate": {"avg": {}, "low": {}, "high": {}, "numberOfAnalysts": {}, "yearAgoRevenue": {}, "growth": {}}, "epsTrend": {"current": {}, "7daysAgo": {}, "30daysAgo": {}, "60daysAgo": {}, "90daysAgo": {}}, "epsRevisions": {"upLast7days": {}, "upLast30days": {}, "downLast30days": {}, "downLast90days": {}}}, {"maxAge": 1, "period": "-5y", "endDate": null, "growth": 0.74885005, "earningsEstimate": {"avg": {}, "low": {}, "high": {}, "yearAgoEps": {}, "numberOfAnalysts": {}, "growth": {}}, "revenueEstimate": {"avg": {}, "low": {}, "high": {}, "numberOfAnalysts": {}, "yearAgoRevenue": {}, "growth": {}}, "epsTrend": {"current": {}, "7daysAgo": {}, "30daysAgo": {}, "60daysAgo": {}, "90daysAgo": {}}, "epsRevisions": {"upLast7days": {}, "upLast30days": {}, "downLast30days": {}, "downLast90days": {}}}], "maxAge": 1}, "institutionOwnership": {"maxAge": 1, "ownershipList": []}, "majorHoldersBreakdown": {"maxAge": 1, "insidersPercentHeld": 0.46348, "institutionsPercentHeld": 0.175, "institutionsFloatPercentHeld": 0.32617, "institutionsCount": 33}, "balanceSheetHistoryQuarterly": {"balanceSheetStatements": [{"maxAge": 1, "endDate": "2020-12-31", "totalStockholderEquity": 83853500000, "netTangibleAssets": 67934200000}, {"maxAge": 1, "endDate": "2020-09-30", "cash": 14369000000, "shortTermInvestments": 18568100000, "netReceivables": 25120200000, "inventory": 2192600000, "otherCurrentAssets": 7170100000, "totalCurrentAssets": 67420000000, "longTermInvestments": 29314500000, "propertyPlantEquipment": 263939800000, "goodWill": 5928700000, "intangibleAssets": 9990600000, "otherAssets": 20991800000, "totalAssets": 397585400000, "accountsPayable": 14303000000, "otherCurrentLiab": 20703300000, "longTermDebt": 222028900000, "otherLiab": 27927400000, "deferredLongTermLiab": 4161600000, "minorityInterest": 10340700000, "totalCurrentLiabilities": 53434900000, "totalLiab": 303391200000, "commonStock": 10998100000, "treasuryStock": 72855400000, "otherStockholderEquity": 72855400000, "totalStockholderEquity": 83853500000, "netTangibleAssets": 67934200000}, {"maxAge": 1, "endDate": "2020-06-30", "totalStockholderEquity": 84989600000, "netTangibleAssets": 69087200000}, {"maxAge": 1, "endDate": "2020-03-31", "cash": 12329900000, "netReceivables": 45599800000, "inventory": 5411700000, "otherCurrentAssets": 20010500000, "totalCurrentAssets": 84377000000, "propertyPlantEquipment": 255462000000, "goodWill": 5920900000, "intangibleAssets": 9981500000, "otherAssets": 41370500000, "totalAssets": 397111900000, "accountsPayable": 17515100000, "shortLongTermDebt": 7202700000, "otherCurrentLiab": 11628800000, "longTermDebt": 222896500000, "otherLiab": 23691300000, "deferredLongTermLiab": 2477300000, "minorityInterest": 10621300000, "totalCurrentLiabilities": 53819400000, "totalLiab": 301501000000, "commonStock": 10998100000, "retainedEarnings": 20389500000, "treasuryStock": 53602000000, "otherStockholderEquity": 53602000000, "totalStockholderEquity": 84989600000, "netTangibleAssets": 69087200000}], "maxAge": 86400}, "earningsHistory": {"history": [{"maxAge": 1, "epsActual": {}, "epsEstimate": {}, "epsDifference": {}, "surprisePercent": {}, "quarter": {}, "period": "-4q"}, {"maxAge": 1, "epsActual": {}, "epsEstimate": {}, "epsDifference": {}, "surprisePercent": {}, "quarter": {}, "period": "-3q"}, {"maxAge": 1, "epsActual": {}, "epsEstimate": {}, "epsDifference": {}, "surprisePercent": {}, "quarter": {}, "period": "-2q"}, {"maxAge": 1, "epsActual": {}, "epsEstimate": {}, "epsDifference": {}, "surprisePercent": {}, "quarter": {}, "period": "-1q"}], "maxAge": 86400}, "summaryProfile": {"address1": "Adani Corporate House", "address2": "Shantigram S G Highway", "city": "Ahmedabad", "zip": "382421", "country": "India", "phone": "91 79 2656 5555", "fax": "91 79 2656 5500", "website": "http://www.adanitransmission.com", "industry": "Utilities\u2014Regulated Electric", "sector": "Utilities", "longBusinessSummary": "Adani Transmission Limited, together with its subsidiaries, engages in the generation, transmission, and distribution of power in India. The company operates through Transmission, Trading, and Mumbai GTD Business segments. It builds, commissions, operates, and maintains electric power transmission systems; and distributes electricity in the suburbs of Mumbai. The company operates and maintains approximately 11,576 circuit kilometers of transmission lines with a total transformation capacity of 18,330 mega volt ampere in the states of Gujarat, Maharashtra, Rajasthan, Madhya Pradesh, Uttar Pradesh, Bihar, Jharkhand, Haryana, and Chhattisgarh. In addition, it engages in the trading of agri commodities. The company was incorporated in 2013 and is headquartered in Ahmedabad, India. Adani Transmission Limited is a subsidiary of S.B. Adani Family Trust.", "fullTimeEmployees": 5417, "companyOfficers": [], "maxAge": 86400}, "netSharePurchaseActivity": {"maxAge": 1, "period": "6m", "buyInfoCount": 0, "buyInfoShares": 0, "sellInfoCount": 0, "netInfoCount": 0, "netInfoShares": 0, "netPercentInsiderShares": 0.0, "totalInsiderShares": 509739968}, "insiderTransactions": {"transactions": [{"maxAge": 1, "shares": 53380000, "filerUrl": "", "transactionText": "", "filerName": "Catalyst Trusteeship Ltd.", "filerRelation": "Institution- Corporation", "moneyText": "", "startDate": "2021-01-22", "ownership": "D"}, {"maxAge": 1, "shares": 30249700, "value": 175172987, "filerUrl": "", "transactionText": "Acquisition at price 5.79 per share.", "filerName": "Fortitude Trade and Investment Ltd.", "filerRelation": "Institution- Corporation", "moneyText": "", "startDate": "2020-12-29", "ownership": "D"}, {"maxAge": 1, "shares": 30249700, "value": 175172987, "filerUrl": "", "transactionText": "Sale at price 5.79 per share.", "filerName": "Universal Trade & Investments Ltd", "filerRelation": "Institution- Corporation", "moneyText": "", "startDate": "2020-12-29", "ownership": "D"}, {"maxAge": 1, "shares": 3688000, "filerUrl": "", "transactionText": "", "filerName": "Flourishing Trade And Investment Ltd", "filerRelation": "Institution- Corporation", "moneyText": "", "startDate": "2019-02-19", "ownership": "D"}, {"maxAge": 1, "shares": 99491719, "filerUrl": "", "transactionText": "", "filerName": "Parsa Kente Rail Infra Pvt. Ltd.", "filerRelation": "Institution- Corporation", "moneyText": "", "startDate": "2017-03-31", "ownership": "D"}, {"maxAge": 1, "shares": 30249700, "filerUrl": "", "transactionText": "", "filerName": "Universal Trade & Investments Ltd", "filerRelation": "Institution- Corporation", "moneyText": "", "startDate": "2017-03-31", "ownership": "D"}, {"maxAge": 1, "shares": 30249700, "filerUrl": "", "transactionText": "", "filerName": "Afro Asia Trade & Investments Ltd", "filerRelation": "Institution- Corporation", "moneyText": "", "startDate": "2017-03-31", "ownership": "D"}, {"maxAge": 1, "shares": 30249700, "filerUrl": "", "transactionText": "", "filerName": "Worldwide Emerging Market Holding Ltd", "filerRelation": "Institution- Corporation", "moneyText": "", "startDate": "2017-03-31", "ownership": "D"}, {"maxAge": 1, "shares": 90749100, "filerUrl": "", "transactionText": "", "filerName": "Adani (Vinod Shantilal)", "filerRelation": "Promoter", "moneyText": "", "startDate": "2017-03-31", "ownership": "D"}, {"maxAge": 1, "shares": 3688000, "filerUrl": "", "transactionText": "", "filerName": "Pan Asia Trade & Investment Pvt. Ltd.", "filerRelation": "UNREPORTED", "moneyText": "", "startDate": "2017-03-24", "ownership": "D"}, {"maxAge": 1, "shares": 132000, "filerUrl": "", "transactionText": "", "filerName": "Mahadevia (Malay)", "filerRelation": "UNREPORTED", "moneyText": "", "startDate": "2017-03-20", "ownership": "D"}], "maxAge": 1}, "sectorTrend": {"maxAge": 1, "symbol": null, "estimates": []}, "incomeStatementHistoryQuarterly": {"incomeStatementHistory": [{"maxAge": 1, "endDate": "2020-12-31", "totalRevenue": 25970200000, "costOfRevenue": 10327200000, "grossProfit": 15643000000, "researchDevelopment": {}, "sellingGeneralAdministrative": 2188200000, "nonRecurring": {}, "otherOperatingExpenses": 3413000000, "totalOperatingExpenses": 19181300000, "operatingIncome": 6788900000, "totalOtherIncomeExpenseNet": -2068600000, "ebit": 6788900000, "interestExpense": -4551800000, "incomeBeforeTax": 4720300000, "incomeTaxExpense": 85400000, "minorityInterest": {}, "netIncomeFromContinuingOps": 4634900000, "discontinuedOperations": {}, "extraordinaryItems": {}, "effectOfAccountingCharges": {}, "otherItems": {}, "netIncome": 3953100000, "netIncomeApplicableToCommonShares": 3953100000}, {"maxAge": 1, "endDate": "2020-09-30", "totalRevenue": 21561900000, "costOfRevenue": 5851200000, "grossProfit": 15710700000, "researchDevelopment": {}, "sellingGeneralAdministrative": 2536200000, "nonRecurring": {}, "otherOperatingExpenses": 3550900000, "totalOperatingExpenses": 15077200000, "operatingIncome": 6484700000, "totalOtherIncomeExpenseNet": -3526900000, "ebit": 6484700000, "interestExpense": -5364100000, "incomeBeforeTax": 2957800000, "incomeTaxExpense": 816500000, "minorityInterest": 10340700000, "netIncomeFromContinuingOps": 2141300000, "discontinuedOperations": {}, "extraordinaryItems": {}, "effectOfAccountingCharges": {}, "otherItems": {}, "netIncome": 2067600000, "netIncomeApplicableToCommonShares": 2067600000}, {"maxAge": 1, "endDate": "2020-06-30", "totalRevenue": 24465100000, "costOfRevenue": 7760700000, "grossProfit": 16704400000, "researchDevelopment": {}, "sellingGeneralAdministrative": 2225300000, "nonRecurring": {}, "otherOperatingExpenses": 2915200000, "totalOperatingExpenses": 16679500000, "operatingIncome": 7785600000, "totalOtherIncomeExpenseNet": -2965900000, "ebit": 7785600000, "interestExpense": -6312200000, "incomeBeforeTax": 4819700000, "incomeTaxExpense": 1265700000, "minorityInterest": 10340700000, "netIncomeFromContinuingOps": 3554000000, "discontinuedOperations": {}, "extraordinaryItems": {}, "effectOfAccountingCharges": {}, "otherItems": {}, "netIncome": 3835500000, "netIncomeApplicableToCommonShares": 3835500000}, {"maxAge": 1, "endDate": "2020-03-31", "totalRevenue": 31869600000, "costOfRevenue": 18369300000, "grossProfit": 13500300000, "researchDevelopment": {}, "sellingGeneralAdministrative": 2464200000, "nonRecurring": {}, "otherOperatingExpenses": -286400000, "totalOperatingExpenses": 23591700000, "operatingIncome": 8277900000, "totalOtherIncomeExpenseNet": -6110200000, "ebit": 8277900000, "interestExpense": -6367800000, "incomeBeforeTax": 2167700000, "incomeTaxExpense": 1578000000, "minorityInterest": 10621300000, "netIncomeFromContinuingOps": 589700000, "discontinuedOperations": {}, "extraordinaryItems": {}, "effectOfAccountingCharges": {}, "otherItems": {}, "netIncome": 943000000, "netIncomeApplicableToCommonShares": -2889900000}], "maxAge": 86400}, "cashflowStatementHistoryQuarterly": {"cashflowStatements": [{"maxAge": 1, "endDate": "2020-12-31", "netIncome": 3953100000, "changeToLiabilities": 0}, {"maxAge": 1, "endDate": "2020-09-30", "netIncome": 2067600000, "changeToLiabilities": 0}, {"maxAge": 1, "endDate": "2020-06-30", "netIncome": 3835500000, "changeToLiabilities": 0}, {"maxAge": 1, "endDate": "2020-03-31", "netIncome": 943000000, "changeToLiabilities": 0}], "maxAge": 86400}, "earnings": {"maxAge": 86400, "earningsChart": {"quarterly": [], "earningsDate": []}, "financialsChart": {"yearly": [{"date": 2017, "revenue": 28757100000, "earnings": 4164300000}, {"date": 2018, "revenue": 39444800000, "earnings": 11429400000}, {"date": 2019, "revenue": 73054500000, "earnings": 5592000000}, {"date": 2020, "revenue": 114159600000, "earnings": 7418200000}], "quarterly": [{"date": "1Q2020", "revenue": 31869600000, "earnings": 943000000}, {"date": "2Q2020", "revenue": 24465100000, "earnings": 3835500000}, {"date": "3Q2020", "revenue": 21561900000, "earnings": 2067600000}, {"date": "4Q2020", "revenue": 25970200000, "earnings": 3953100000}]}, "financialCurrency": "INR"}, "financialData": {"maxAge": 86400, "currentPrice": 1049.9, "targetHighPrice": 154.0, "targetLowPrice": 104.0, "targetMeanPrice": 123.67, "targetMedianPrice": 113.0, "recommendationMean": 4.5, "recommendationKey": "underperform", "numberOfAnalystOpinions": 3, "totalCash": 32937099264, "totalCashPerShare": 29.948, "ebitda": 42642472960, "totalDebt": 239833792512, "totalRevenue": 103866802176, "debtToEquity": 254.616, "revenuePerShare": 80.926, "grossProfits": 64191700000, "revenueGrowth": -0.065, "grossMargins": 0.59266996, "ebitdaMargins": 0.41055, "operatingMargins": 0.28245002, "profitMargins": 0.103970006, "financialCurrency": "INR"}}}