{"ADCINDIA.BO": {"recommendationTrend": {"trend": [{"period": "0m", "strongBuy": 0, "buy": 0, "hold": 0, "sell": 0, "strongSell": 0}, {"period": "-1m", "strongBuy": 0, "buy": 0, "hold": 0, "sell": 0, "strongSell": 0}, {"period": "-2m", "strongBuy": 0, "buy": 0, "hold": 0, "sell": 0, "strongSell": 0}, {"period": "-3m", "strongBuy": 0, "buy": 0, "hold": 0, "sell": 0, "strongSell": 0}], "maxAge": 86400}, "cashflowStatementHistory": {"cashflowStatements": [{"maxAge": 1, "endDate": "2020-03-31", "netIncome": 37973000, "depreciation": 9733000, "changeToNetincome": -23767000, "changeToAccountReceivables": 17677000, "changeToLiabilities": -21236000, "changeToInventory": 4090000, "changeToOperatingActivities": 4265000, "totalCashFromOperatingActivities": 28735000, "capitalExpenditures": -1988000, "otherCashflowsFromInvestingActivities": 11046000, "totalCashflowsFromInvestingActivities": 9058000, "dividendsPaid": -18509000, "netBorrowings": -5850000, "otherCashflowsFromFinancingActivities": -4134000, "totalCashFromFinancingActivities": -28493000, "changeInCash": 9300000}, {"maxAge": 1, "endDate": "2019-03-31", "netIncome": 58633000, "depreciation": 3258000, "changeToNetincome": -8949000, "changeToAccountReceivables": -28397000, "changeToLiabilities": 38272000, "changeToInventory": 3445000, "changeToOperatingActivities": -17335000, "totalCashFromOperatingActivities": 48927000, "capitalExpenditures": -4450000, "otherCashflowsFromInvestingActivities": 17268000, "totalCashflowsFromInvestingActivities": 12818000, "dividendsPaid": -18401000, "netBorrowings": -5850000, "otherCashflowsFromFinancingActivities": -22693000, "totalCashFromFinancingActivities": -133094000, "changeInCash": -71349000}, {"maxAge": 1, "endDate": "2018-03-31", "netIncome": 35371000, "depreciation": 2923000, "changeToNetincome": -14750000, "changeToAccountReceivables": -3658000, "changeToLiabilities": -5657000, "changeToInventory": -19814000, "changeToOperatingActivities": 9573000, "totalCashFromOperatingActivities": 3988000, "capitalExpenditures": -574000, "otherCashflowsFromInvestingActivities": 15871000, "totalCashflowsFromInvestingActivities": 15297000, "dividendsPaid": -13880000, "netBorrowings": -5850000, "otherCashflowsFromFinancingActivities": -2809000, "totalCashFromFinancingActivities": -16689000, "changeInCash": 2596000}, {"maxAge": 1, "endDate": "2017-03-31", "netIncome": 38827000, "depreciation": 2606000, "changeToNetincome": -10007000, "changeToAccountReceivables": -8550000, "changeToLiabilities": 20662000, "changeToInventory": -15596000, "changeToOperatingActivities": 2347000, "totalCashFromOperatingActivities": 30289000, "capitalExpenditures": -923000, "otherCashflowsFromInvestingActivities": 16478000, "totalCashflowsFromInvestingActivities": 15620000, "dividendsPaid": -11720000, "netBorrowings": -5850000, "otherCashflowsFromFinancingActivities": -2341000, "totalCashFromFinancingActivities": -14061000, "effectOfExchangeRate": -2000, "changeInCash": 31846000}], "maxAge": 86400}, "institutionOwnership": {"maxAge": 1, "ownershipList": []}, "balanceSheetHistoryQuarterly": {"balanceSheetStatements": [{"maxAge": 1, "endDate": "2020-06-30", "totalStockholderEquity": 401747000, "netTangibleAssets": 401747000}, {"maxAge": 1, "endDate": "2020-03-31", "cash": 236220000, "netReceivables": 132293000, "inventory": 79448000, "otherCurrentAssets": 9018000, "totalCurrentAssets": 458766000, "propertyPlantEquipment": 7677000, "otherAssets": 83069000, "deferredLongTermAssetCharges": 6687000, "totalAssets": 549512000, "accountsPayable": 134667000, "otherCurrentLiab": 188000, "otherLiab": 5319000, "totalCurrentLiabilities": 142446000, "totalLiab": 147765000, "commonStock": 46000000, "retainedEarnings": 355747000, "totalStockholderEquity": 401747000, "netTangibleAssets": 401747000}, {"maxAge": 1, "endDate": "2019-12-31", "totalStockholderEquity": 380912000, "netTangibleAssets": 380912000}, {"maxAge": 1, "endDate": "2019-09-30", "cash": 200807000, "shortTermInvestments": 467000, "netReceivables": 219662000, "inventory": 64097000, "otherCurrentAssets": 12526000, "totalCurrentAssets": 497092000, "longTermInvestments": 5130000, "propertyPlantEquipment": 12097000, "otherAssets": 87613000, "deferredLongTermAssetCharges": 8793000, "totalAssets": 596802000, "accountsPayable": 192658000, "otherCurrentLiab": 5642000, "otherLiab": 12401000, "totalCurrentLiabilities": 203489000, "totalLiab": 215890000, "commonStock": 46000000, "retainedEarnings": 334912000, "treasuryStock": 334912000, "otherStockholderEquity": 334912000, "totalStockholderEquity": 380912000, "netTangibleAssets": 380912000}], "maxAge": 86400}, "earningsHistory": {"history": [{"maxAge": 1, "epsActual": {}, "epsEstimate": {}, "epsDifference": {}, "surprisePercent": {}, "quarter": {}, "period": "-4q"}, {"maxAge": 1, "epsActual": {}, "epsEstimate": {}, "epsDifference": {}, "surprisePercent": {}, "quarter": {}, "period": "-3q"}, {"maxAge": 1, "epsActual": {}, "epsEstimate": {}, "epsDifference": {}, "surprisePercent": {}, "quarter": {}, "period": "-2q"}, {"maxAge": 1, "epsActual": {}, "epsEstimate": {}, "epsDifference": {}, "surprisePercent": {}, "quarter": {}, "period": "-1q"}], "maxAge": 86400}, "indexTrend": {"maxAge": 1, "symbol": "SP5", "peRatio": 19.7411, "pegRatio": 1.34172, "estimates": [{"period": "0q", "growth": 0.549}, {"period": "+1q", "growth": 0.431}, {"period": "0y", "growth": 0.305}, {"period": "+1y", "growth": 0.109}, {"period": "+5y", "growth": 0.120859005}, {"period": "-5y"}]}, "industryTrend": {"maxAge": 1, "symbol": null, "estimates": []}, "insiderTransactions": {"transactions": [{"maxAge": 1, "shares": 1805, "filerUrl": "", "transactionText": "", "filerName": "Rajasthan Global Securities Ltd", "filerRelation": "UNREPORTED", "moneyText": "", "startDate": "2015-04-01", "ownership": "D"}, {"maxAge": 1, "shares": 10000, "filerUrl": "", "transactionText": "", "filerName": "Adc Telecommunication, Inc", "filerRelation": "Institution- Corporation", "moneyText": "", "startDate": "2010-02-24", "ownership": "D"}, {"maxAge": 1, "shares": 8591, "filerUrl": "", "transactionText": "", "filerName": "Adc Telecommunication, Inc", "filerRelation": "Institution- Corporation", "moneyText": "", "startDate": "2010-02-23", "ownership": "D"}, {"maxAge": 1, "shares": 8300, "filerUrl": "", "transactionText": "", "filerName": "Adc Telecommunication, Inc", "filerRelation": "Institution- Corporation", "moneyText": "", "startDate": "2010-02-19", "ownership": "D"}, {"maxAge": 1, "shares": 6670, "filerUrl": "", "transactionText": "", "filerName": "Adc Telecommunication, Inc", "filerRelation": "Institution- Corporation", "moneyText": "", "startDate": "2010-02-18", "ownership": "D"}, {"maxAge": 1, "shares": 4857, "filerUrl": "", "transactionText": "", "filerName": "Adc Telecommunication, Inc", "filerRelation": "Institution- Corporation", "moneyText": "", "startDate": "2010-02-17", "ownership": "D"}, {"maxAge": 1, "shares": 4254, "filerUrl": "", "transactionText": "", "filerName": "Adc Telecommunication, Inc", "filerRelation": "Institution- Corporation", "moneyText": "", "startDate": "2010-02-16", "ownership": "D"}, {"maxAge": 1, "shares": 6200, "filerUrl": "", "transactionText": "", "filerName": "Adc Telecommunication, Inc", "filerRelation": "Institution- Corporation", "moneyText": "", "startDate": "2010-02-15", "ownership": "D"}, {"maxAge": 1, "shares": 10000, "filerUrl": "", "transactionText": "", "filerName": "Adc Telecommunication, Inc", "filerRelation": "Institution- Corporation", "moneyText": "", "startDate": "2010-02-11", "ownership": "D"}, {"maxAge": 1, "shares": 10000, "filerUrl": "", "transactionText": "", "filerName": "Adc Telecommunication, Inc", "filerRelation": "Institution- Corporation", "moneyText": "", "startDate": "2010-02-10", "ownership": "D"}, {"maxAge": 1, "shares": 10000, "filerUrl": "", "transactionText": "", "filerName": "Adc Telecommunication, Inc", "filerRelation": "Institution- Corporation", "moneyText": "", "startDate": "2010-02-09", "ownership": "D"}, {"maxAge": 1, "shares": 10000, "filerUrl": "", "transactionText": "", "filerName": "Adc Telecommunication, Inc", "filerRelation": "Institution- Corporation", "moneyText": "", "startDate": "2010-02-05", "ownership": "D"}, {"maxAge": 1, "shares": 10000, "filerUrl": "", "transactionText": "", "filerName": "Adc Telecommunication, Inc", "filerRelation": "Institution- Corporation", "moneyText": "", "startDate": "2010-02-04", "ownership": "D"}, {"maxAge": 1, "shares": 10000, "filerUrl": "", "transactionText": "", "filerName": "Adc Telecommunication, Inc", "filerRelation": "Institution- Corporation", "moneyText": "", "startDate": "2010-02-03", "ownership": "D"}, {"maxAge": 1, "shares": 9000, "filerUrl": "", "transactionText": "", "filerName": "Adc Telecommunication, Inc", "filerRelation": "Institution- Corporation", "moneyText": "", "startDate": "2010-02-02", "ownership": "D"}, {"maxAge": 1, "shares": 6359, "filerUrl": "", "transactionText": "", "filerName": "Adc Telecommunication, Inc", "filerRelation": "Institution- Corporation", "moneyText": "", "startDate": "2010-02-01", "ownership": "D"}, {"maxAge": 1, "shares": 100, "filerUrl": "", "transactionText": "", "filerName": "Adc Telecommunication, Inc", "filerRelation": "Institution- Corporation", "moneyText": "", "startDate": "2009-12-18", "ownership": "D"}, {"maxAge": 1, "shares": 6102, "filerUrl": "", "transactionText": "", "filerName": "Adc Telecommunication, Inc", "filerRelation": "Institution- Corporation", "moneyText": "", "startDate": "2009-12-17", "ownership": "D"}, {"maxAge": 1, "shares": 3300, "filerUrl": "", "transactionText": "", "filerName": "Adc Telecommunication, Inc", "filerRelation": "Institution- Corporation", "moneyText": "", "startDate": "2009-12-15", "ownership": "D"}, {"maxAge": 1, "shares": 59, "filerUrl": "", "transactionText": "", "filerName": "Adc Telecommunication, Inc", "filerRelation": "Institution- Corporation", "moneyText": "", "startDate": "2009-12-11", "ownership": "D"}, {"maxAge": 1, "shares": 1601, "filerUrl": "", "transactionText": "", "filerName": "Adc Telecommunication, Inc", "filerRelation": "Institution- Corporation", "moneyText": "", "startDate": "2009-12-10", "ownership": "D"}, {"maxAge": 1, "shares": 3431, "filerUrl": "", "transactionText": "", "filerName": "Adc Telecommunication, Inc", "filerRelation": "Institution- Corporation", "moneyText": "", "startDate": "2009-12-09", "ownership": "D"}, {"maxAge": 1, "shares": 1484, "filerUrl": "", "transactionText": "", "filerName": "Adc Telecommunication, Inc", "filerRelation": "Institution- Corporation", "moneyText": "", "startDate": "2009-12-08", "ownership": "D"}, {"maxAge": 1, "shares": 800, "filerUrl": "", "transactionText": "", "filerName": "Adc Telecommunication, Inc", "filerRelation": "Institution- Corporation", "moneyText": "", "startDate": "2009-12-07", "ownership": "D"}, {"maxAge": 1, "shares": 2300, "filerUrl": "", "transactionText": "", "filerName": "Adc Telecommunication, Inc", "filerRelation": "Institution- Corporation", "moneyText": "", "startDate": "2009-12-04", "ownership": "D"}, {"maxAge": 1, "shares": 43, "filerUrl": "", "transactionText": "", "filerName": "Adc Telecommunication, Inc", "filerRelation": "Institution- Corporation", "moneyText": "", "startDate": "2009-12-03", "ownership": "D"}, {"maxAge": 1, "shares": 2800, "filerUrl": "", "transactionText": "", "filerName": "Adc Telecommunication, Inc", "filerRelation": "Institution- Corporation", "moneyText": "", "startDate": "2009-12-02", "ownership": "D"}, {"maxAge": 1, "shares": 5035, "filerUrl": "", "transactionText": "", "filerName": "Adc Telecommunication, Inc", "filerRelation": "Institution- Corporation", "moneyText": "", "startDate": "2009-12-01", "ownership": "D"}, {"maxAge": 1, "shares": 2330, "filerUrl": "", "transactionText": "", "filerName": "Adc Telecommunication, Inc", "filerRelation": "Institution- Corporation", "moneyText": "", "startDate": "2009-11-30", "ownership": "D"}, {"maxAge": 1, "shares": 9200, "filerUrl": "", "transactionText": "", "filerName": "Adc Telecommunication, Inc", "filerRelation": "Institution- Corporation", "moneyText": "", "startDate": "2009-11-27", "ownership": "D"}, {"maxAge": 1, "shares": 4300, "filerUrl": "", "transactionText": "", "filerName": "Adc Telecommunication, Inc", "filerRelation": "Institution- Corporation", "moneyText": "", "startDate": "2009-11-26", "ownership": "D"}, {"maxAge": 1, "shares": 3000, "filerUrl": "", "transactionText": "", "filerName": "Adc Telecommunication, Inc", "filerRelation": "Institution- Corporation", "moneyText": "", "startDate": "2009-11-25", "ownership": "D"}, {"maxAge": 1, "shares": 2800, "filerUrl": "", "transactionText": "", "filerName": "Adc Telecommunication, Inc", "filerRelation": "Institution- Corporation", "moneyText": "", "startDate": "2009-11-24", "ownership": "D"}, {"maxAge": 1, "shares": 6200, "filerUrl": "", "transactionText": "", "filerName": "Adc Telecommunication, Inc", "filerRelation": "Institution- Corporation", "moneyText": "", "startDate": "2009-11-23", "ownership": "D"}, {"maxAge": 1, "shares": 7500, "filerUrl": "", "transactionText": "", "filerName": "Adc Telecommunication, Inc", "filerRelation": "Institution- Corporation", "moneyText": "", "startDate": "2009-11-20", "ownership": "D"}, {"maxAge": 1, "shares": 3600, "filerUrl": "", "transactionText": "", "filerName": "Adc Telecommunication, Inc", "filerRelation": "Institution- Corporation", "moneyText": "", "startDate": "2009-11-19", "ownership": "D"}, {"maxAge": 1, "shares": 6200, "filerUrl": "", "transactionText": "", "filerName": "Adc Telecommunication, Inc", "filerRelation": "Institution- Corporation", "moneyText": "", "startDate": "2009-11-18", "ownership": "D"}], "maxAge": 1}, "quoteType": {"exchange": "BSE", "quoteType": "EQUITY", "symbol": "ADCINDIA.BO", "underlyingSymbol": "ADCINDIA.BO", "shortName": "ADC INDIA COMMUNICATIONS LIMIT", "longName": "ADC India Communications Limited", "firstTradeDateEpochUtc": "2000-01-03 09:15:00", "timeZoneFullName": "Asia/Kolkata", "timeZoneShortName": "IST", "uuid": "d5e199c9-c76b-3c34-8a50-26e801c69f77", "messageBoardId": null, "gmtOffSetMilliseconds": 19800000, "maxAge": 1}, "incomeStatementHistory": {"incomeStatementHistory": [{"maxAge": 1, "endDate": "2020-03-31", "totalRevenue": 781299000, "costOfRevenue": 649753000, "grossProfit": 131546000, "researchDevelopment": {}, "sellingGeneralAdministrative": 39090000, "nonRecurring": {}, "otherOperatingExpenses": 40507000, "totalOperatingExpenses": 739324000, "operatingIncome": 41975000, "totalOtherIncomeExpenseNet": 10167000, "ebit": 41975000, "interestExpense": -574000, "incomeBeforeTax": 52142000, "incomeTaxExpense": 14169000, "minorityInterest": {}, "netIncomeFromContinuingOps": 37973000, "discontinuedOperations": {}, "extraordinaryItems": {}, "effectOfAccountingCharges": {}, "otherItems": {}, "netIncome": 37973000, "netIncomeApplicableToCommonShares": 37973000}, {"maxAge": 1, "endDate": "2019-03-31", "totalRevenue": 856221000, "costOfRevenue": 708229000, "grossProfit": 147992000, "researchDevelopment": {}, "sellingGeneralAdministrative": 44832000, "nonRecurring": {}, "otherOperatingExpenses": 29617000, "totalOperatingExpenses": 786013000, "operatingIncome": 70208000, "totalOtherIncomeExpenseNet": 16574000, "ebit": 70208000, "interestExpense": -574000, "incomeBeforeTax": 86782000, "incomeTaxExpense": 28149000, "minorityInterest": {}, "netIncomeFromContinuingOps": 58633000, "discontinuedOperations": {}, "extraordinaryItems": {}, "effectOfAccountingCharges": {}, "otherItems": {}, "netIncome": 58633000, "netIncomeApplicableToCommonShares": 58633000}, {"maxAge": 1, "endDate": "2018-03-31", "totalRevenue": 647559000, "costOfRevenue": 533627000, "grossProfit": 113932000, "researchDevelopment": {}, "sellingGeneralAdministrative": 42666000, "nonRecurring": {}, "otherOperatingExpenses": 26048000, "totalOperatingExpenses": 605264000, "operatingIncome": 42295000, "totalOtherIncomeExpenseNet": 16362000, "ebit": 42295000, "interestExpense": -574000, "incomeBeforeTax": 58657000, "incomeTaxExpense": 23286000, "minorityInterest": {}, "netIncomeFromContinuingOps": 35371000, "discontinuedOperations": {}, "extraordinaryItems": {}, "effectOfAccountingCharges": {}, "otherItems": {}, "netIncome": 35371000, "netIncomeApplicableToCommonShares": 35371000}, {"maxAge": 1, "endDate": "2017-03-31", "totalRevenue": 595239000, "costOfRevenue": 468003000, "grossProfit": 127236000, "researchDevelopment": {}, "sellingGeneralAdministrative": 42880000, "nonRecurring": {}, "otherOperatingExpenses": 34370000, "totalOperatingExpenses": 547859000, "operatingIncome": 47380000, "totalOtherIncomeExpenseNet": 15972000, "ebit": 47380000, "interestExpense": -574000, "incomeBeforeTax": 63352000, "incomeTaxExpense": 24525000, "minorityInterest": {}, "netIncomeFromContinuingOps": 38827000, "discontinuedOperations": {}, "extraordinaryItems": {}, "effectOfAccountingCharges": {}, "otherItems": {}, "netIncome": 38827000, "netIncomeApplicableToCommonShares": 38827000}], "maxAge": 86400}, "fundOwnership": {"maxAge": 1, "ownershipList": []}, "summaryDetail": {"maxAge": 1, "priceHint": 2, "previousClose": 204.7, "open": 204.95, "dayLow": 195.5, "dayHigh": 204.95, "regularMarketPreviousClose": 204.7, "regularMarketOpen": 204.95, "regularMarketDayLow": 195.5, "regularMarketDayHigh": 204.95, "trailingPE": 27.645908, "volume": 529, "regularMarketVolume": 529, "averageVolume": 1365, "averageVolume10days": 1225, "averageDailyVolume10Day": 1225, "bid": 0.0, "ask": 198.0, "bidSize": 0, "askSize": 0, "marketCap": 910800000, "fiftyTwoWeekLow": 105.05, "fiftyTwoWeekHigh": 242.95, "fiftyDayAverage": 193.96912, "twoHundredDayAverage": 189.10698, "trailingAnnualDividendRate": 2.0, "trailingAnnualDividendYield": 0.009770396, "currency": "INR", "fromCurrency": null, "toCurrency": null, "lastMarket": null, "algorithm": null, "tradeable": false}, "sectorTrend": {"maxAge": 1, "symbol": null, "estimates": []}, "incomeStatementHistoryQuarterly": {"incomeStatementHistory": [{"maxAge": 1, "endDate": "2020-06-30", "totalRevenue": 88965000, "costOfRevenue": 64497000, "grossProfit": 24468000, "researchDevelopment": {}, "sellingGeneralAdministrative": 10230000, "nonRecurring": {}, "otherOperatingExpenses": 11594000, "totalOperatingExpenses": 88670000, "operatingIncome": 295000, "totalOtherIncomeExpenseNet": 2618000, "ebit": 295000, "interestExpense": -13000, "incomeBeforeTax": 2913000, "incomeTaxExpense": 1119000, "minorityInterest": {}, "netIncomeFromContinuingOps": 1794000, "discontinuedOperations": {}, "extraordinaryItems": {}, "effectOfAccountingCharges": {}, "otherItems": {}, "netIncome": 1794000, "netIncomeApplicableToCommonShares": 1794000}, {"maxAge": 1, "endDate": "2020-03-31", "totalRevenue": 149771000, "costOfRevenue": 132953000, "grossProfit": 16818000, "researchDevelopment": {}, "sellingGeneralAdministrative": 12188000, "nonRecurring": {}, "otherOperatingExpenses": -7885000, "totalOperatingExpenses": 139927000, "operatingIncome": 9844000, "totalOtherIncomeExpenseNet": 917000, "ebit": 9844000, "interestExpense": -260000, "incomeBeforeTax": 10761000, "incomeTaxExpense": 2406000, "minorityInterest": {}, "netIncomeFromContinuingOps": 8355000, "discontinuedOperations": {}, "extraordinaryItems": {}, "effectOfAccountingCharges": {}, "otherItems": {}, "netIncome": 8355000, "netIncomeApplicableToCommonShares": 8355000}, {"maxAge": 1, "endDate": "2019-12-31", "totalRevenue": 231977000, "costOfRevenue": 188114000, "grossProfit": 43863000, "researchDevelopment": {}, "sellingGeneralAdministrative": 8463000, "nonRecurring": {}, "otherOperatingExpenses": 16834000, "totalOperatingExpenses": 215868000, "operatingIncome": 16109000, "totalOtherIncomeExpenseNet": 2063000, "ebit": 16109000, "interestExpense": -76000, "incomeBeforeTax": 18172000, "incomeTaxExpense": 5824000, "minorityInterest": {}, "netIncomeFromContinuingOps": 12348000, "discontinuedOperations": {}, "extraordinaryItems": {}, "effectOfAccountingCharges": {}, "otherItems": {}, "netIncome": 12348000, "netIncomeApplicableToCommonShares": 12348000}, {"maxAge": 1, "endDate": "2019-09-30", "totalRevenue": 222597000, "costOfRevenue": 181676000, "grossProfit": 40921000, "researchDevelopment": {}, "sellingGeneralAdministrative": 9297000, "nonRecurring": {}, "otherOperatingExpenses": 17516000, "totalOperatingExpenses": 210953000, "operatingIncome": 11644000, "totalOtherIncomeExpenseNet": 2899000, "ebit": 11644000, "interestExpense": -104000, "incomeBeforeTax": 14543000, "incomeTaxExpense": 4096000, "minorityInterest": {}, "netIncomeFromContinuingOps": 10447000, "discontinuedOperations": {}, "extraordinaryItems": {}, "effectOfAccountingCharges": {}, "otherItems": {}, "netIncome": 10447000, "netIncomeApplicableToCommonShares": 10447000}], "maxAge": 86400}, "cashflowStatementHistoryQuarterly": {"cashflowStatements": [{"maxAge": 1, "endDate": "2020-06-30", "netIncome": 1794000, "changeToLiabilities": 0}, {"maxAge": 1, "endDate": "2020-03-31", "netIncome": 8355000, "changeToLiabilities": 0}, {"maxAge": 1, "endDate": "2019-12-31", "netIncome": 12348000, "changeToLiabilities": 0}, {"maxAge": 1, "endDate": "2019-09-30", "netIncome": 10447000, "changeToLiabilities": 0}], "maxAge": 86400}, "insiderHolders": {"holders": [{"maxAge": 1, "name": "Adc Telecommunication, Inc", "relation": "Institution- Corporation", "url": "", "transactionDescription": "Acquisition", "latestTransDate": "2010-02-24", "positionDirect": 3080088, "positionDirectDate": "2010-02-24"}, {"maxAge": 1, "name": "Rajasthan Global Securities Ltd", "relation": "UNREPORTED", "url": "", "transactionDescription": "Acquisition", "latestTransDate": "2015-04-01", "positionDirect": 230666, "positionDirectDate": "2015-04-01"}], "maxAge": 1}, "earnings": {"maxAge": 86400, "earningsChart": {"quarterly": [], "earningsDate": []}, "financialsChart": {"yearly": [{"date": 2017, "revenue": 595239000, "earnings": 38827000}, {"date": 2018, "revenue": 647559000, "earnings": 35371000}, {"date": 2019, "revenue": 856221000, "earnings": 58633000}, {"date": 2020, "revenue": 781299000, "earnings": 37973000}], "quarterly": [{"date": "3Q2019", "revenue": 222597000, "earnings": 10447000}, {"date": "4Q2019", "revenue": 231977000, "earnings": 12348000}, {"date": "1Q2020", "revenue": 149771000, "earnings": 8355000}, {"date": "2Q2020", "revenue": 88965000, "earnings": 1794000}]}, "financialCurrency": "INR"}, "calendarEvents": {"maxAge": 1, "earnings": {"earningsDate": []}}, "price": {"maxAge": 1, "regularMarketChangePercent": -0.03273081, "regularMarketChange": -6.699997, "regularMarketTime": "2021-04-30 15:54:28", "priceHint": 2, "regularMarketPrice": 198.0, "regularMarketDayHigh": 204.95, "regularMarketDayLow": 195.5, "regularMarketVolume": 529, "averageDailyVolume10Day": 1225, "averageDailyVolume3Month": 1365, "regularMarketPreviousClose": 204.7, "regularMarketSource": "FREE_REALTIME", "regularMarketOpen": 204.95, "exchange": "BSE", "exchangeName": "BSE", "exchangeDataDelayedBy": 0, "marketState": "CLOSED", "quoteType": "EQUITY", "symbol": "ADCINDIA.BO", "underlyingSymbol": null, "shortName": "ADC INDIA COMMUNICATIONS LIMIT", "longName": "ADC India Communications Limited", "currency": "INR", "quoteSourceName": "Delayed Quote", "currencySymbol": "\u20b9", "fromCurrency": null, "toCurrency": null, "lastMarket": null, "marketCap": 910800000}, "balanceSheetHistory": {"balanceSheetStatements": [{"maxAge": 1, "endDate": "2020-03-31", "cash": 236220000, "netReceivables": 132293000, "inventory": 79448000, "otherCurrentAssets": 9018000, "totalCurrentAssets": 458766000, "propertyPlantEquipment": 7677000, "otherAssets": 83069000, "deferredLongTermAssetCharges": 6687000, "totalAssets": 549512000, "accountsPayable": 134667000, "otherCurrentLiab": 188000, "otherLiab": 5319000, "totalCurrentLiabilities": 142446000, "totalLiab": 147765000, "commonStock": 46000000, "retainedEarnings": 355747000, "totalStockholderEquity": 401747000, "netTangibleAssets": 401747000}, {"maxAge": 1, "endDate": "2019-03-31", "cash": 227030000, "shortTermInvestments": 334000, "netReceivables": 149408000, "inventory": 83538000, "otherCurrentAssets": 13002000, "totalCurrentAssets": 475008000, "longTermInvestments": 4952000, "propertyPlantEquipment": 7441000, "otherAssets": 85530000, "deferredLongTermAssetCharges": 7042000, "totalAssets": 567979000, "accountsPayable": 155095000, "otherCurrentLiab": 13606000, "otherLiab": 8096000, "totalCurrentLiabilities": 172831000, "totalLiab": 180927000, "commonStock": 46000000, "retainedEarnings": 341052000, "treasuryStock": 341052000, "otherStockholderEquity": 341052000, "totalStockholderEquity": 387052000, "netTangibleAssets": 387052000}, {"maxAge": 1, "endDate": "2018-03-31", "cash": 298380000, "netReceivables": 125551000, "inventory": 86983000, "otherCurrentAssets": 1323000, "totalCurrentAssets": 514594000, "propertyPlantEquipment": 5317000, "otherAssets": 85851000, "deferredLongTermAssetCharges": 7610000, "totalAssets": 605762000, "accountsPayable": 116843000, "otherCurrentLiab": 6177000, "otherLiab": 16487000, "totalCurrentLiabilities": 128087000, "totalLiab": 144574000, "commonStock": 46000000, "retainedEarnings": 415188000, "totalStockholderEquity": 461188000, "netTangibleAssets": 461188000}, {"maxAge": 1, "endDate": "2017-03-31", "cash": 295863000, "netReceivables": 121079000, "inventory": 67168000, "otherCurrentAssets": 13446000, "totalCurrentAssets": 498513000, "propertyPlantEquipment": 6733000, "otherAssets": 88729000, "deferredLongTermAssetCharges": 6534000, "totalAssets": 593975000, "accountsPayable": 122252000, "otherCurrentLiab": 3165000, "otherLiab": 18713000, "totalCurrentLiabilities": 132177000, "totalLiab": 150890000, "commonStock": 46000000, "retainedEarnings": 397085000, "totalStockholderEquity": 443085000, "netTangibleAssets": 443085000}], "maxAge": 86400}, "earningsTrend": {"trend": [{"maxAge": 1, "period": "0q", "endDate": null, "growth": {}, "earningsEstimate": {"avg": 0.0, "low": 0.0, "high": 0.0, "yearAgoEps": {}, "numberOfAnalysts": 0, "growth": {}}, "revenueEstimate": {"avg": 0, "low": 0, "high": 0, "numberOfAnalysts": 0, "yearAgoRevenue": {}, "growth": {}}, "epsTrend": {"current": 0.0, "7daysAgo": 0.0, "30daysAgo": 0.0, "60daysAgo": 0.0, "90daysAgo": 0.0}, "epsRevisions": {"upLast7days": 0, "upLast30days": 0, "downLast30days": 0, "downLast90days": {}}}, {"maxAge": 1, "period": "+1q", "endDate": null, "growth": {}, "earningsEstimate": {"avg": 0.0, "low": 0.0, "high": 0.0, "yearAgoEps": {}, "numberOfAnalysts": 0, "growth": {}}, "revenueEstimate": {"avg": 0, "low": 0, "high": 0, "numberOfAnalysts": 0, "yearAgoRevenue": {}, "growth": {}}, "epsTrend": {"current": 0.0, "7daysAgo": 0.0, "30daysAgo": 0.0, "60daysAgo": 0.0, "90daysAgo": 0.0}, "epsRevisions": {"upLast7days": 0, "upLast30days": 0, "downLast30days": 0, "downLast90days": {}}}, {"maxAge": 1, "period": "0y", "endDate": null, "growth": {}, "earningsEstimate": {"avg": 0.0, "low": 0.0, "high": 0.0, "yearAgoEps": {}, "numberOfAnalysts": 0, "growth": {}}, "revenueEstimate": {"avg": 0, "low": 0, "high": 0, "numberOfAnalysts": 0, "yearAgoRevenue": {}, "growth": {}}, "epsTrend": {"current": 0.0, "7daysAgo": 0.0, "30daysAgo": 0.0, "60daysAgo": 0.0, "90daysAgo": 0.0}, "epsRevisions": {"upLast7days": 0, "upLast30days": 0, "downLast30days": 0, "downLast90days": {}}}, {"maxAge": 1, "period": "+1y", "endDate": null, "growth": {}, "earningsEstimate": {"avg": 0.0, "low": 0.0, "high": 0.0, "yearAgoEps": {}, "numberOfAnalysts": 0, "growth": {}}, "revenueEstimate": {"avg": 0, "low": 0, "high": 0, "numberOfAnalysts": 0, "yearAgoRevenue": {}, "growth": {}}, "epsTrend": {"current": 0.0, "7daysAgo": 0.0, "30daysAgo": 0.0, "60daysAgo": 0.0, "90daysAgo": 0.0}, "epsRevisions": {"upLast7days": 0, "upLast30days": 0, "downLast30days": 0, "downLast90days": {}}}, {"maxAge": 1, "period": "+5y", "endDate": null, "growth": {}, "earningsEstimate": {"avg": {}, "low": {}, "high": {}, "yearAgoEps": {}, "numberOfAnalysts": {}, "growth": {}}, "revenueEstimate": {"avg": {}, "low": {}, "high": {}, "numberOfAnalysts": {}, "yearAgoRevenue": {}, "growth": {}}, "epsTrend": {"current": {}, "7daysAgo": {}, "30daysAgo": {}, "60daysAgo": {}, "90daysAgo": {}}, "epsRevisions": {"upLast7days": {}, "upLast30days": {}, "downLast30days": {}, "downLast90days": {}}}, {"maxAge": 1, "period": "-5y", "endDate": null, "growth": {}, "earningsEstimate": {"avg": {}, "low": {}, "high": {}, "yearAgoEps": {}, "numberOfAnalysts": {}, "growth": {}}, "revenueEstimate": {"avg": {}, "low": {}, "high": {}, "numberOfAnalysts": {}, "yearAgoRevenue": {}, "growth": {}}, "epsTrend": {"current": {}, "7daysAgo": {}, "30daysAgo": {}, "60daysAgo": {}, "90daysAgo": {}}, "epsRevisions": {"upLast7days": {}, "upLast30days": {}, "downLast30days": {}, "downLast90days": {}}}], "maxAge": 1}, "financialData": {"maxAge": 86400, "currentPrice": 198.0, "targetHighPrice": 310.0, "targetLowPrice": 310.0, "targetMeanPrice": 310.0, "targetMedianPrice": 310.0, "recommendationKey": "none", "numberOfAnalystOpinions": 1, "grossProfits": 131546000, "financialCurrency": "INR"}}}