{"ADFFOODS.BO": {"recommendationTrend": {"trend": [{"period": "0m", "strongBuy": 0, "buy": 0, "hold": 0, "sell": 0, "strongSell": 0}, {"period": "-1m", "strongBuy": 0, "buy": 0, "hold": 0, "sell": 0, "strongSell": 0}, {"period": "-2m", "strongBuy": 0, "buy": 0, "hold": 0, "sell": 0, "strongSell": 0}, {"period": "-3m", "strongBuy": 0, "buy": 0, "hold": 0, "sell": 0, "strongSell": 0}], "maxAge": 86400}, "cashflowStatementHistory": {"cashflowStatements": [{"maxAge": 1, "endDate": "2020-03-31", "netIncome": 427748000, "depreciation": 55151000, "changeToNetincome": -96981000, "changeToAccountReceivables": -75742000, "changeToLiabilities": 75272000, "changeToInventory": -200952000, "changeToOperatingActivities": 75953000, "totalCashFromOperatingActivities": 260569000, "capitalExpenditures": -126809000, "investments": -305084000, "otherCashflowsFromInvestingActivities": 6820000, "totalCashflowsFromInvestingActivities": -424650000, "dividendsPaid": -60068000, "netBorrowings": 220793000, "otherCashflowsFromFinancingActivities": -23741000, "totalCashFromFinancingActivities": 136984000, "effectOfExchangeRate": 85402000, "changeInCash": 58305000}, {"maxAge": 1, "endDate": "2019-03-31", "netIncome": 253346000, "depreciation": 42961000, "changeToNetincome": 69178000, "changeToAccountReceivables": -17088000, "changeToLiabilities": -467000, "changeToInventory": -109302000, "changeToOperatingActivities": -42544000, "totalCashFromOperatingActivities": 196242000, "capitalExpenditures": -48153000, "investments": -5737000, "otherCashflowsFromInvestingActivities": 5435000, "totalCashflowsFromInvestingActivities": -42571000, "dividendsPaid": -60068000, "netBorrowings": -14000000, "otherCashflowsFromFinancingActivities": -7604000, "totalCashFromFinancingActivities": -321816000, "effectOfExchangeRate": 29795000, "changeInCash": -138350000, "repurchaseOfStock": -300212000}, {"maxAge": 1, "endDate": "2018-03-31", "netIncome": 180732000, "depreciation": 43792000, "changeToNetincome": 66156000, "changeToAccountReceivables": -85110000, "changeToLiabilities": 33489000, "changeToInventory": 13568000, "changeToOperatingActivities": -10202000, "totalCashFromOperatingActivities": 242701000, "capitalExpenditures": -48809000, "investments": 78232000, "otherCashflowsFromInvestingActivities": 3481000, "totalCashflowsFromInvestingActivities": 32944000, "dividendsPaid": -55316000, "netBorrowings": -33903000, "otherCashflowsFromFinancingActivities": -22061000, "totalCashFromFinancingActivities": -111280000, "effectOfExchangeRate": 8607000, "changeInCash": 172972000, "repurchaseOfStock": -300212000}, {"maxAge": 1, "endDate": "2017-03-31", "netIncome": 145878000, "depreciation": 44731000, "changeToNetincome": -7242000, "changeToAccountReceivables": 17153000, "changeToLiabilities": -1823000, "changeToInventory": -19759000, "changeToOperatingActivities": -11540000, "totalCashFromOperatingActivities": 168252000, "capitalExpenditures": -45239000, "investments": 20863000, "otherCashflowsFromInvestingActivities": 2535000, "totalCashflowsFromInvestingActivities": -9504000, "dividendsPaid": -55316000, "netBorrowings": -10976000, "otherCashflowsFromFinancingActivities": -8571000, "totalCashFromFinancingActivities": -115855000, "effectOfExchangeRate": -33397000, "changeInCash": 9496000, "repurchaseOfStock": -96308000}], "maxAge": 86400}, "institutionOwnership": {"maxAge": 1, "ownershipList": []}, "balanceSheetHistoryQuarterly": {"balanceSheetStatements": [{"maxAge": 1, "endDate": "2020-06-30", "totalStockholderEquity": 2044246000, "netTangibleAssets": 1830715000}, {"maxAge": 1, "endDate": "2020-03-31", "cash": 202072000, "shortTermInvestments": 115000000, "netReceivables": 603907000, "inventory": 551792000, "otherCurrentAssets": 111772000, "totalCurrentAssets": 1775140000, "propertyPlantEquipment": 582217000, "intangibleAssets": 213531000, "otherAssets": 147971000, "deferredLongTermAssetCharges": 75708000, "totalAssets": 2718859000, "accountsPayable": 212629000, "otherCurrentLiab": 111977000, "otherLiab": 80230000, "deferredLongTermLiab": 862000, "totalCurrentLiabilities": 588229000, "totalLiab": 674613000, "commonStock": 200227000, "retainedEarnings": 1589308000, "treasuryStock": 38025000, "capitalSurplus": 216686000, "otherStockholderEquity": 38025000, "totalStockholderEquity": 2044246000, "netTangibleAssets": 1830715000}, {"maxAge": 1, "endDate": "2019-12-31", "totalStockholderEquity": 1905353000, "netTangibleAssets": 1688226000}, {"maxAge": 1, "endDate": "2019-09-30", "cash": 232226000, "shortTermInvestments": 68915000, "netReceivables": 476332000, "inventory": 404875000, "otherCurrentAssets": 85755000, "totalCurrentAssets": 1268103000, "longTermInvestments": 245196000, "propertyPlantEquipment": 571751000, "intangibleAssets": 217127000, "otherAssets": 391485000, "deferredLongTermAssetCharges": 96552000, "totalAssets": 2448466000, "accountsPayable": 116030000, "otherCurrentLiab": 116852000, "otherLiab": 127971000, "totalCurrentLiabilities": 415142000, "totalLiab": 543113000, "commonStock": 200227000, "treasuryStock": 1705126000, "otherStockholderEquity": 1705126000, "totalStockholderEquity": 1905353000, "netTangibleAssets": 1688226000}], "maxAge": 86400}, "earningsHistory": {"history": [{"maxAge": 1, "epsActual": {}, "epsEstimate": {}, "epsDifference": {}, "surprisePercent": {}, "quarter": {}, "period": "-4q"}, {"maxAge": 1, "epsActual": {}, "epsEstimate": {}, "epsDifference": {}, "surprisePercent": {}, "quarter": {}, "period": "-3q"}, {"maxAge": 1, "epsActual": {}, "epsEstimate": {}, "epsDifference": {}, "surprisePercent": {}, "quarter": {}, "period": "-2q"}, {"maxAge": 1, "epsActual": {}, "epsEstimate": {}, "epsDifference": {}, "surprisePercent": {}, "quarter": {}, "period": "-1q"}], "maxAge": 86400}, "indexTrend": {"maxAge": 1, "symbol": "SP5", "peRatio": 19.7411, "pegRatio": 1.34172, "estimates": [{"period": "0q", "growth": 0.549}, {"period": "+1q", "growth": 0.431}, {"period": "0y", "growth": 0.305}, {"period": "+1y", "growth": 0.109}, {"period": "+5y", "growth": 0.120865}, {"period": "-5y"}]}, "industryTrend": {"maxAge": 1, "symbol": null, "estimates": []}, "insiderTransactions": {"transactions": [{"maxAge": 1, "shares": 1665, "value": 9436, "filerUrl": "", "transactionText": "Sale at price 5.67 per share.", "filerName": "Thakkar (Priyanka Bhavesh)", "filerRelation": "Promoter", "moneyText": "", "startDate": "2020-09-30", "ownership": "D"}, {"maxAge": 1, "shares": 7095, "value": 40497, "filerUrl": "", "transactionText": "Sale at price 5.71 per share.", "filerName": "Thakkar (Priyanka Bhavesh)", "filerRelation": "Promoter", "moneyText": "", "startDate": "2020-09-29", "ownership": "D"}, {"maxAge": 1, "shares": 1240, "value": 7287, "filerUrl": "", "transactionText": "Sale at price 5.88 per share.", "filerName": "Thakkar (Priyanka Bhavesh)", "filerRelation": "Promoter", "moneyText": "", "startDate": "2020-09-28", "ownership": "D"}, {"maxAge": 1, "shares": 4000, "value": 22747, "filerUrl": "", "transactionText": "Sale at price 5.69 per share.", "filerName": "Thakkar (Priyanka Bhavesh)", "filerRelation": "Promoter", "moneyText": "", "startDate": "2020-09-22", "ownership": "D"}, {"maxAge": 1, "shares": 6000, "value": 37033, "filerUrl": "", "transactionText": "Sale at price 6.17 per share.", "filerName": "Thakkar (Priyanka Bhavesh)", "filerRelation": "Promoter", "moneyText": "", "startDate": "2020-09-21", "ownership": "D"}, {"maxAge": 1, "shares": 10000, "value": 59596, "filerUrl": "", "transactionText": "Sale at price 5.96 per share.", "filerName": "Thakkar (Priyanka Bhavesh)", "filerRelation": "Promoter", "moneyText": "", "startDate": "2020-09-18", "ownership": "D"}, {"maxAge": 1, "shares": 96499, "value": 539226, "filerUrl": "", "transactionText": "Sale at price 5.59 per share.", "filerName": "Thakkar (Priyanka Bhavesh)", "filerRelation": "Promoter", "moneyText": "", "startDate": "2020-09-17", "ownership": "D"}, {"maxAge": 1, "shares": 12501, "value": 64253, "filerUrl": "", "transactionText": "Sale at price 5.14 per share.", "filerName": "Thakkar (Priyanka Bhavesh)", "filerRelation": "Promoter", "moneyText": "", "startDate": "2020-09-14", "ownership": "D"}, {"maxAge": 1, "shares": 41000, "value": 205262, "filerUrl": "", "transactionText": "Sale at price 5.01 per share.", "filerName": "Thakkar (Priyanka Bhavesh)", "filerRelation": "Promoter", "moneyText": "", "startDate": "2020-09-11", "ownership": "D"}, {"maxAge": 1, "shares": 109711, "value": 534073, "filerUrl": "", "transactionText": "Sale at price 4.87 per share.", "filerName": "Thakkar (Bhavesh Ramesh)", "filerRelation": "Promoter", "moneyText": "", "startDate": "2020-09-10", "ownership": "D"}, {"maxAge": 1, "shares": 90739, "value": 434875, "filerUrl": "", "transactionText": "Sale at price 4.79 per share.", "filerName": "Thakkar (Bhavesh Ramesh)", "filerRelation": "Promoter", "moneyText": "", "startDate": "2020-09-08", "ownership": "D"}, {"maxAge": 1, "shares": 531766, "filerUrl": "", "transactionText": "", "filerName": "Authum Investments & Infrastructure", "filerRelation": "Promoter", "moneyText": "", "startDate": "2020-06-03", "ownership": "D"}, {"maxAge": 1, "shares": 25000, "filerUrl": "", "transactionText": "", "filerName": "Jain (Ravinder Kumar)", "filerRelation": "Non-Independent Executive Director", "moneyText": "", "startDate": "2020-05-29", "ownership": "D"}, {"maxAge": 1, "shares": 30001, "filerUrl": "", "transactionText": "", "filerName": "Thakkar (Shivaan B)", "filerRelation": "Promoter", "moneyText": "", "startDate": "2020-03-31", "ownership": "D"}, {"maxAge": 1, "shares": 30000, "filerUrl": "", "transactionText": "", "filerName": "Thakkar (Sumer B)", "filerRelation": "Promoter", "moneyText": "", "startDate": "2020-03-31", "ownership": "D"}, {"maxAge": 1, "shares": 30021, "filerUrl": "", "transactionText": "", "filerName": "Thakkar (Parul Bimal)", "filerRelation": "Promoter", "moneyText": "", "startDate": "2020-03-30", "ownership": "D"}, {"maxAge": 1, "shares": 56429, "filerUrl": "", "transactionText": "", "filerName": "Thakkar (Parul Bimal)", "filerRelation": "Promoter", "moneyText": "", "startDate": "2020-03-26", "ownership": "D"}, {"maxAge": 1, "shares": 3000, "filerUrl": "", "transactionText": "", "filerName": "Mehta (Jahnavi)", "filerRelation": "UNREPORTED", "moneyText": "", "startDate": "2020-03-12", "ownership": "D"}, {"maxAge": 1, "shares": 1850, "filerUrl": "", "transactionText": "", "filerName": "H J Thakkar Property Investment Ltd", "filerRelation": "Promoter", "moneyText": "", "startDate": "2020-02-28", "ownership": "D"}, {"maxAge": 1, "shares": 720, "filerUrl": "", "transactionText": "", "filerName": "Thakkar (Parul Bimal)", "filerRelation": "Promoter", "moneyText": "", "startDate": "2020-02-28", "ownership": "D"}, {"maxAge": 1, "shares": 1750, "filerUrl": "", "transactionText": "", "filerName": "H J Thakkar Property Investment Ltd", "filerRelation": "Promoter", "moneyText": "", "startDate": "2020-02-27", "ownership": "D"}, {"maxAge": 1, "shares": 2400, "filerUrl": "", "transactionText": "", "filerName": "Thakkar (Parul Bimal)", "filerRelation": "Promoter", "moneyText": "", "startDate": "2020-02-27", "ownership": "D"}, {"maxAge": 1, "shares": 1200, "filerUrl": "", "transactionText": "", "filerName": "Thakkar (Shivaan B)", "filerRelation": "Promoter", "moneyText": "", "startDate": "2020-02-26", "ownership": "D"}, {"maxAge": 1, "shares": 1200, "filerUrl": "", "transactionText": "", "filerName": "Thakkar (Sumer B)", "filerRelation": "Promoter", "moneyText": "", "startDate": "2020-02-26", "ownership": "D"}, {"maxAge": 1, "shares": 300, "filerUrl": "", "transactionText": "", "filerName": "Thakkar (Shivaan B)", "filerRelation": "Promoter", "moneyText": "", "startDate": "2020-02-24", "ownership": "D"}, {"maxAge": 1, "shares": 300, "filerUrl": "", "transactionText": "", "filerName": "Thakkar (Sumer B)", "filerRelation": "Promoter", "moneyText": "", "startDate": "2020-02-24", "ownership": "D"}, {"maxAge": 1, "shares": 300, "filerUrl": "", "transactionText": "", "filerName": "Thakkar (Shivaan B)", "filerRelation": "Promoter", "moneyText": "", "startDate": "2020-02-18", "ownership": "D"}, {"maxAge": 1, "shares": 300, "filerUrl": "", "transactionText": "", "filerName": "Thakkar (Sumer B)", "filerRelation": "Promoter", "moneyText": "", "startDate": "2020-02-18", "ownership": "D"}, {"maxAge": 1, "shares": 600, "filerUrl": "", "transactionText": "", "filerName": "Thakkar (Shivaan B)", "filerRelation": "Promoter", "moneyText": "", "startDate": "2020-02-14", "ownership": "D"}, {"maxAge": 1, "shares": 300, "filerUrl": "", "transactionText": "", "filerName": "Thakkar (Sumer B)", "filerRelation": "Promoter", "moneyText": "", "startDate": "2020-02-14", "ownership": "D"}, {"maxAge": 1, "shares": 1500, "filerUrl": "", "transactionText": "", "filerName": "Thakkar (Sumer B)", "filerRelation": "Promoter", "moneyText": "", "startDate": "2020-02-11", "ownership": "D"}, {"maxAge": 1, "shares": 1850, "filerUrl": "", "transactionText": "", "filerName": "Thakkar (Shivaan B)", "filerRelation": "Promoter", "moneyText": "", "startDate": "2020-02-10", "ownership": "D"}, {"maxAge": 1, "shares": 501000, "filerUrl": "", "transactionText": "", "filerName": "Thakkar (Bhavesh Ramesh)", "filerRelation": "Promoter", "moneyText": "", "startDate": "2019-12-27", "ownership": "D"}, {"maxAge": 1, "shares": 500, "filerUrl": "", "transactionText": "", "filerName": "Thakkar (Shivaan B)", "filerRelation": "Promoter", "moneyText": "", "startDate": "2019-12-12", "ownership": "D"}, {"maxAge": 1, "shares": 1869, "filerUrl": "", "transactionText": "", "filerName": "Jain (Ravinder Kumar)", "filerRelation": "Non-Independent Executive Director", "moneyText": "", "startDate": "2019-09-06", "ownership": "D"}, {"maxAge": 1, "shares": 4500, "filerUrl": "", "transactionText": "", "filerName": "Merchant (Shaila)", "filerRelation": "UNREPORTED", "moneyText": "", "startDate": "2019-08-22", "ownership": "D"}, {"maxAge": 1, "shares": 2300, "filerUrl": "", "transactionText": "", "filerName": "Thakkar (Sumer B)", "filerRelation": "UNREPORTED", "moneyText": "", "startDate": "2019-08-22", "ownership": "D"}, {"maxAge": 1, "shares": 1900, "filerUrl": "", "transactionText": "", "filerName": "Thakkar (Shivaan B)", "filerRelation": "UNREPORTED", "moneyText": "", "startDate": "2019-08-21", "ownership": "D"}, {"maxAge": 1, "shares": 3400, "filerUrl": "", "transactionText": "", "filerName": "Thakkar (Sumer B)", "filerRelation": "UNREPORTED", "moneyText": "", "startDate": "2019-08-20", "ownership": "D"}, {"maxAge": 1, "shares": 2150, "filerUrl": "", "transactionText": "", "filerName": "Thakkar (Shivaan B)", "filerRelation": "UNREPORTED", "moneyText": "", "startDate": "2019-08-19", "ownership": "D"}, {"maxAge": 1, "shares": 4000, "filerUrl": "", "transactionText": "", "filerName": "Merchant (Shaila)", "filerRelation": "UNREPORTED", "moneyText": "", "startDate": "2019-08-16", "ownership": "D"}, {"maxAge": 1, "shares": 361000, "filerUrl": "", "transactionText": "", "filerName": "H J Thakkar Property Investment Ltd", "filerRelation": "Promoter", "moneyText": "", "startDate": "2019-05-30", "ownership": "D"}, {"maxAge": 1, "shares": 7868, "filerUrl": "", "transactionText": "", "filerName": "Thakkar (Mishal Ashok)", "filerRelation": "Promoter", "moneyText": "", "startDate": "2019-05-29", "ownership": "D"}, {"maxAge": 1, "shares": 1200, "filerUrl": "", "transactionText": "", "filerName": "H J Thakkar Property Investment Ltd", "filerRelation": "Promoter", "moneyText": "", "startDate": "2019-04-03", "ownership": "D"}, {"maxAge": 1, "shares": 13391, "filerUrl": "", "transactionText": "", "filerName": "H J Thakkar Property Investment Ltd", "filerRelation": "Promoter", "moneyText": "", "startDate": "2019-04-02", "ownership": "D"}, {"maxAge": 1, "shares": 14845, "filerUrl": "", "transactionText": "", "filerName": "H J Thakkar Property Investment Ltd", "filerRelation": "Promoter", "moneyText": "", "startDate": "2019-04-02", "ownership": "D"}, {"maxAge": 1, "shares": 400000, "filerUrl": "", "transactionText": "", "filerName": "Kothari (Naresh)", "filerRelation": "UNREPORTED", "moneyText": "", "startDate": "2019-03-15", "ownership": "D"}], "maxAge": 1}, "quoteType": {"exchange": "BSE", "quoteType": "EQUITY", "symbol": "ADFFOODS.BO", "underlyingSymbol": "ADFFOODS.BO", "shortName": "ADF FOODS LTD.", "longName": "ADF Foods Limited", "firstTradeDateEpochUtc": "2000-10-04 09:15:00", "timeZoneFullName": "Asia/Kolkata", "timeZoneShortName": "IST", "uuid": "62821c4b-321a-3252-86aa-b18c0fcb4a5e", "messageBoardId": null, "gmtOffSetMilliseconds": 19800000, "maxAge": 1}, "incomeStatementHistory": {"incomeStatementHistory": [{"maxAge": 1, "endDate": "2020-03-31", "totalRevenue": 2728224000, "costOfRevenue": 1513127000, "grossProfit": 1215097000, "researchDevelopment": {}, "sellingGeneralAdministrative": 276200000, "nonRecurring": {}, "otherOperatingExpenses": 517044000, "totalOperatingExpenses": 2372172000, "operatingIncome": 356052000, "totalOtherIncomeExpenseNet": 193827000, "ebit": 356052000, "interestExpense": -8890000, "incomeBeforeTax": 549879000, "incomeTaxExpense": 122131000, "minorityInterest": {}, "netIncomeFromContinuingOps": 427748000, "discontinuedOperations": {}, "extraordinaryItems": {}, "effectOfAccountingCharges": {}, "otherItems": {}, "netIncome": 427748000, "netIncomeApplicableToCommonShares": 427748000}, {"maxAge": 1, "endDate": "2019-03-31", "totalRevenue": 2314350000, "costOfRevenue": 1217555000, "grossProfit": 1096795000, "researchDevelopment": {}, "sellingGeneralAdministrative": 250197000, "nonRecurring": {}, "otherOperatingExpenses": 445319000, "totalOperatingExpenses": 1956269000, "operatingIncome": 358081000, "totalOtherIncomeExpenseNet": 19245000, "ebit": 358081000, "interestExpense": -2527000, "incomeBeforeTax": 377326000, "incomeTaxExpense": 123980000, "minorityInterest": {}, "netIncomeFromContinuingOps": 253346000, "discontinuedOperations": {}, "extraordinaryItems": {}, "effectOfAccountingCharges": {}, "otherItems": {}, "netIncome": 253346000, "netIncomeApplicableToCommonShares": 253346000}, {"maxAge": 1, "endDate": "2018-03-31", "totalRevenue": 2009026000, "costOfRevenue": 1152239000, "grossProfit": 856787000, "researchDevelopment": {}, "sellingGeneralAdministrative": 268875000, "nonRecurring": {}, "otherOperatingExpenses": 371579000, "totalOperatingExpenses": 1836660000, "operatingIncome": 172366000, "totalOtherIncomeExpenseNet": 148254000, "ebit": 172366000, "interestExpense": -5357000, "incomeBeforeTax": 320620000, "incomeTaxExpense": 139888000, "minorityInterest": {}, "netIncomeFromContinuingOps": 180732000, "discontinuedOperations": {}, "extraordinaryItems": {}, "effectOfAccountingCharges": {}, "otherItems": {}, "netIncome": 180732000, "netIncomeApplicableToCommonShares": 180732000}, {"maxAge": 1, "endDate": "2017-03-31", "totalRevenue": 2008373000, "costOfRevenue": 1102567000, "grossProfit": 905806000, "researchDevelopment": {}, "sellingGeneralAdministrative": 307553000, "nonRecurring": {}, "otherOperatingExpenses": 374598000, "totalOperatingExpenses": 1835000000, "operatingIncome": 173373000, "totalOtherIncomeExpenseNet": 54007000, "ebit": 173373000, "interestExpense": -2830000, "incomeBeforeTax": 227380000, "incomeTaxExpense": 81502000, "minorityInterest": {}, "netIncomeFromContinuingOps": 145878000, "discontinuedOperations": {}, "extraordinaryItems": {}, "effectOfAccountingCharges": {}, "otherItems": {}, "netIncome": 145878000, "netIncomeApplicableToCommonShares": 145878000}], "maxAge": 86400}, "fundOwnership": {"maxAge": 1, "ownershipList": []}, "summaryDetail": {"maxAge": 1, "priceHint": 2, "previousClose": 962.4, "open": 962.2, "dayLow": 935.4, "dayHigh": 972.95, "regularMarketPreviousClose": 962.4, "regularMarketOpen": 962.2, "regularMarketDayLow": 935.4, "regularMarketDayHigh": 972.95, "trailingPE": 44.871975, "volume": 2600, "regularMarketVolume": 2600, "averageVolume": 17474, "averageVolume10days": 5462, "averageDailyVolume10Day": 5462, "bid": 943.75, "ask": 954.45, "bidSize": 0, "askSize": 0, "marketCap": 18948481024, "fiftyTwoWeekLow": 123.35, "fiftyTwoWeekHigh": 972.95, "fiftyDayAverage": 673.10284, "twoHundredDayAverage": 502.2029, "trailingAnnualDividendRate": 3.0, "trailingAnnualDividendYield": 0.003117207, "currency": "INR", "fromCurrency": null, "toCurrency": null, "lastMarket": null, "algorithm": null, "tradeable": false}, "sectorTrend": {"maxAge": 1, "symbol": null, "estimates": []}, "incomeStatementHistoryQuarterly": {"incomeStatementHistory": [{"maxAge": 1, "endDate": "2020-06-30", "totalRevenue": 738715000, "costOfRevenue": 449862000, "grossProfit": 288853000, "researchDevelopment": {}, "sellingGeneralAdministrative": 39070000, "nonRecurring": {}, "otherOperatingExpenses": 118184000, "totalOperatingExpenses": 621579000, "operatingIncome": 117136000, "totalOtherIncomeExpenseNet": -3976000, "ebit": 117136000, "interestExpense": -3223000, "incomeBeforeTax": 113160000, "incomeTaxExpense": 26678000, "minorityInterest": {}, "netIncomeFromContinuingOps": 86482000, "discontinuedOperations": {}, "extraordinaryItems": {}, "effectOfAccountingCharges": {}, "otherItems": {}, "netIncome": 86482000, "netIncomeApplicableToCommonShares": 86482000}, {"maxAge": 1, "endDate": "2020-03-31", "totalRevenue": 797216000, "costOfRevenue": 448755000, "grossProfit": 348461000, "researchDevelopment": {}, "sellingGeneralAdministrative": 141942000, "nonRecurring": {}, "otherOperatingExpenses": 57729000, "totalOperatingExpenses": 673240000, "operatingIncome": 123976000, "totalOtherIncomeExpenseNet": 49362000, "ebit": 123976000, "interestExpense": -3223000, "incomeBeforeTax": 173338000, "incomeTaxExpense": 40284000, "minorityInterest": {}, "netIncomeFromContinuingOps": 133054000, "discontinuedOperations": {}, "extraordinaryItems": {}, "effectOfAccountingCharges": {}, "otherItems": {}, "netIncome": 133054000, "netIncomeApplicableToCommonShares": 133054000}, {"maxAge": 1, "endDate": "2019-12-31", "totalRevenue": 704305000, "costOfRevenue": 399827000, "grossProfit": 304478000, "researchDevelopment": {}, "sellingGeneralAdministrative": 39737000, "nonRecurring": {}, "otherOperatingExpenses": 172396000, "totalOperatingExpenses": 626160000, "operatingIncome": 78145000, "totalOtherIncomeExpenseNet": 34553000, "ebit": 78145000, "interestExpense": -3895000, "incomeBeforeTax": 112698000, "incomeTaxExpense": 2731000, "minorityInterest": {}, "netIncomeFromContinuingOps": 109967000, "discontinuedOperations": {}, "extraordinaryItems": {}, "effectOfAccountingCharges": {}, "otherItems": {}, "netIncome": 109967000, "netIncomeApplicableToCommonShares": 109967000}, {"maxAge": 1, "endDate": "2019-09-30", "totalRevenue": 569334000, "costOfRevenue": 302786000, "grossProfit": 266548000, "researchDevelopment": {}, "sellingGeneralAdministrative": 38916000, "nonRecurring": {}, "otherOperatingExpenses": 147213000, "totalOperatingExpenses": 502168000, "operatingIncome": 67166000, "totalOtherIncomeExpenseNet": 65669000, "ebit": 67166000, "interestExpense": -3347000, "incomeBeforeTax": 132835000, "incomeTaxExpense": 39971000, "minorityInterest": {}, "netIncomeFromContinuingOps": 92864000, "discontinuedOperations": {}, "extraordinaryItems": {}, "effectOfAccountingCharges": {}, "otherItems": {}, "netIncome": 92864000, "netIncomeApplicableToCommonShares": 92864000}], "maxAge": 86400}, "cashflowStatementHistoryQuarterly": {"cashflowStatements": [{"maxAge": 1, "endDate": "2020-06-30", "netIncome": 86482000, "changeToLiabilities": 0}, {"maxAge": 1, "endDate": "2020-03-31", "netIncome": 133054000, "changeToLiabilities": 0}, {"maxAge": 1, "endDate": "2019-12-31", "netIncome": 109967000, "changeToLiabilities": 0}, {"maxAge": 1, "endDate": "2019-09-30", "netIncome": 92864000, "changeToLiabilities": 0}], "maxAge": 86400}, "insiderHolders": {"holders": [{"maxAge": 1, "name": "Authum Investments & Infrastructure", "relation": "Promoter", "url": "", "transactionDescription": "Sale", "latestTransDate": "2020-06-03", "positionDirect": 4000000, "positionDirectDate": "2020-06-03"}, {"maxAge": 1, "name": "H J Thakkar Property Investment Ltd", "relation": "Promoter", "url": "", "transactionDescription": "Acquisition", "latestTransDate": "2020-02-28", "positionDirect": 618915, "positionDirectDate": "2020-02-28"}, {"maxAge": 1, "name": "Jain (Ravinder Kumar)", "relation": "Non-Independent Executive Director", "url": "", "transactionDescription": "Acquisition", "latestTransDate": "2020-05-29", "positionDirect": 76869, "positionDirectDate": "2020-05-29"}, {"maxAge": 1, "name": "Mehta (Jahnavi)", "relation": "UNREPORTED", "url": "", "transactionDescription": "Acquisition", "latestTransDate": "2020-03-12", "positionDirect": 53000, "positionDirectDate": "2020-03-12"}, {"maxAge": 1, "name": "Merchant (Shaila)", "relation": "UNREPORTED", "url": "", "transactionDescription": "Acquisition", "latestTransDate": "2019-08-22", "positionDirect": 28500, "positionDirectDate": "2019-08-22"}, {"maxAge": 1, "name": "Thakkar (Bhavesh Ramesh)", "relation": "Promoter", "url": "", "transactionDescription": "Sale", "latestTransDate": "2020-09-10", "positionDirect": 50000, "positionDirectDate": "2020-09-10"}, {"maxAge": 1, "name": "Thakkar (Parul Bimal)", "relation": "Promoter", "url": "", "transactionDescription": "Acquisition", "latestTransDate": "2020-03-30", "positionDirect": 410827, "positionDirectDate": "2020-03-30"}, {"maxAge": 1, "name": "Thakkar (Priyanka Bhavesh)", "relation": "Promoter", "url": "", "transactionDescription": "Sale", "latestTransDate": "2020-09-30", "positionDirect": 121000, "positionDirectDate": "2020-09-30"}, {"maxAge": 1, "name": "Thakkar (Shivaan B)", "relation": "Promoter", "url": "", "transactionDescription": "Acquisition", "latestTransDate": "2020-03-31", "positionDirect": 41501, "positionDirectDate": "2020-03-31"}, {"maxAge": 1, "name": "Thakkar (Sumer B)", "relation": "Promoter", "url": "", "transactionDescription": "Acquisition", "latestTransDate": "2020-03-31", "positionDirect": 41300, "positionDirectDate": "2020-03-31"}], "maxAge": 1}, "earnings": {"maxAge": 86400, "earningsChart": {"quarterly": [], "earningsDate": []}, "financialsChart": {"yearly": [{"date": 2017, "revenue": 2008373000, "earnings": 145878000}, {"date": 2018, "revenue": 2009026000, "earnings": 180732000}, {"date": 2019, "revenue": 2314350000, "earnings": 253346000}, {"date": 2020, "revenue": 2728224000, "earnings": 427748000}], "quarterly": [{"date": "3Q2019", "revenue": 569334000, "earnings": 92864000}, {"date": "4Q2019", "revenue": 704305000, "earnings": 109967000}, {"date": "1Q2020", "revenue": 797216000, "earnings": 133054000}, {"date": "2Q2020", "revenue": 738715000, "earnings": 86482000}]}, "financialCurrency": "INR"}, "calendarEvents": {"maxAge": 1, "earnings": {"earningsDate": []}}, "price": {"maxAge": 1, "regularMarketChangePercent": -0.016677108, "regularMarketChange": -16.050049, "regularMarketTime": "2021-04-30 15:27:50", "priceHint": 2, "regularMarketPrice": 946.35, "regularMarketDayHigh": 972.95, "regularMarketDayLow": 935.4, "regularMarketVolume": 2600, "averageDailyVolume10Day": 5462, "averageDailyVolume3Month": 17474, "regularMarketPreviousClose": 962.4, "regularMarketSource": "FREE_REALTIME", "regularMarketOpen": 962.2, "exchange": "BSE", "exchangeName": "BSE", "exchangeDataDelayedBy": 0, "marketState": "CLOSED", "quoteType": "EQUITY", "symbol": "ADFFOODS.BO", "underlyingSymbol": null, "shortName": "ADF FOODS LTD.", "longName": "ADF Foods Limited", "currency": "INR", "quoteSourceName": "Delayed Quote", "currencySymbol": "\u20b9", "fromCurrency": null, "toCurrency": null, "lastMarket": null, "marketCap": 18948481024}, "balanceSheetHistory": {"balanceSheetStatements": [{"maxAge": 1, "endDate": "2020-03-31", "cash": 202072000, "shortTermInvestments": 115000000, "netReceivables": 603907000, "inventory": 551792000, "otherCurrentAssets": 111772000, "totalCurrentAssets": 1775140000, "propertyPlantEquipment": 582217000, "intangibleAssets": 213531000, "otherAssets": 147971000, "deferredLongTermAssetCharges": 75708000, "totalAssets": 2718859000, "accountsPayable": 212629000, "otherCurrentLiab": 111977000, "otherLiab": 80230000, "deferredLongTermLiab": 862000, "totalCurrentLiabilities": 588229000, "totalLiab": 674613000, "commonStock": 200227000, "retainedEarnings": 1589308000, "treasuryStock": 38025000, "capitalSurplus": 216686000, "otherStockholderEquity": 38025000, "totalStockholderEquity": 2044246000, "netTangibleAssets": 1830715000}, {"maxAge": 1, "endDate": "2019-03-31", "cash": 143767000, "shortTermInvestments": 32686000, "netReceivables": 509595000, "inventory": 351048000, "otherCurrentAssets": 107716000, "totalCurrentAssets": 1148947000, "longTermInvestments": 3568000, "propertyPlantEquipment": 487468000, "intangibleAssets": 217058000, "otherAssets": 188877000, "deferredLongTermAssetCharges": 105718000, "totalAssets": 2042350000, "accountsPayable": 138318000, "otherCurrentLiab": 63446000, "otherLiab": 101388000, "deferredLongTermLiab": 1021000, "totalCurrentLiabilities": 222716000, "totalLiab": 324104000, "commonStock": 200227000, "retainedEarnings": 1237691000, "treasuryStock": 63642000, "capitalSurplus": 216686000, "otherStockholderEquity": 63642000, "totalStockholderEquity": 1718246000, "netTangibleAssets": 1501188000}, {"maxAge": 1, "endDate": "2018-03-31", "cash": 282117000, "shortTermInvestments": 25466000, "netReceivables": 474789000, "inventory": 239270000, "otherCurrentAssets": 139833000, "totalCurrentAssets": 1164668000, "propertyPlantEquipment": 493476000, "intangibleAssets": 308905000, "otherAssets": 164279000, "deferredLongTermAssetCharges": 97131000, "totalAssets": 2131328000, "accountsPayable": 138207000, "shortLongTermDebt": 738000, "otherCurrentLiab": 77210000, "longTermDebt": 254000, "otherLiab": 99974000, "deferredLongTermLiab": 456000, "totalCurrentLiabilities": 286997000, "totalLiab": 387225000, "commonStock": 212015000, "retainedEarnings": 1002030000, "treasuryStock": 24947000, "capitalSurplus": 505111000, "otherStockholderEquity": 24947000, "totalStockholderEquity": 1744103000, "netTangibleAssets": 1435198000}, {"maxAge": 1, "endDate": "2017-03-31", "cash": 117752000, "shortTermInvestments": 12624000, "netReceivables": 360331000, "inventory": 270012000, "otherCurrentAssets": 133184000, "totalCurrentAssets": 983340000, "propertyPlantEquipment": 490686000, "intangibleAssets": 332531000, "otherAssets": 220987000, "deferredLongTermAssetCharges": 146341000, "totalAssets": 2027544000, "accountsPayable": 104568000, "shortLongTermDebt": 2469000, "otherCurrentLiab": 49805000, "longTermDebt": 992000, "otherLiab": 134691000, "deferredLongTermLiab": 1033000, "totalCurrentLiabilities": 221960000, "totalLiab": 357643000, "commonStock": 212015000, "retainedEarnings": 864440000, "treasuryStock": 88335000, "capitalSurplus": 505111000, "otherStockholderEquity": 88335000, "totalStockholderEquity": 1669901000, "netTangibleAssets": 1337370000}], "maxAge": 86400}, "earningsTrend": {"trend": [{"maxAge": 1, "period": "0q", "endDate": null, "growth": {}, "earningsEstimate": {"avg": 0.0, "low": 0.0, "high": 0.0, "yearAgoEps": {}, "numberOfAnalysts": 0, "growth": {}}, "revenueEstimate": {"avg": 0, "low": 0, "high": 0, "numberOfAnalysts": 0, "yearAgoRevenue": {}, "growth": {}}, "epsTrend": {"current": 0.0, "7daysAgo": 0.0, "30daysAgo": 0.0, "60daysAgo": 0.0, "90daysAgo": 0.0}, "epsRevisions": {"upLast7days": 0, "upLast30days": 0, "downLast30days": 0, "downLast90days": {}}}, {"maxAge": 1, "period": "+1q", "endDate": null, "growth": {}, "earningsEstimate": {"avg": 0.0, "low": 0.0, "high": 0.0, "yearAgoEps": {}, "numberOfAnalysts": 0, "growth": {}}, "revenueEstimate": {"avg": 0, "low": 0, "high": 0, "numberOfAnalysts": 0, "yearAgoRevenue": {}, "growth": {}}, "epsTrend": {"current": 0.0, "7daysAgo": 0.0, "30daysAgo": 0.0, "60daysAgo": 0.0, "90daysAgo": 0.0}, "epsRevisions": {"upLast7days": 0, "upLast30days": 0, "downLast30days": 0, "downLast90days": {}}}, {"maxAge": 1, "period": "0y", "endDate": null, "growth": {}, "earningsEstimate": {"avg": 0.0, "low": 0.0, "high": 0.0, "yearAgoEps": {}, "numberOfAnalysts": 0, "growth": {}}, "revenueEstimate": {"avg": 0, "low": 0, "high": 0, "numberOfAnalysts": 0, "yearAgoRevenue": {}, "growth": {}}, "epsTrend": {"current": 0.0, "7daysAgo": 0.0, "30daysAgo": 0.0, "60daysAgo": 0.0, "90daysAgo": 0.0}, "epsRevisions": {"upLast7days": 0, "upLast30days": 0, "downLast30days": 0, "downLast90days": {}}}, {"maxAge": 1, "period": "+1y", "endDate": null, "growth": {}, "earningsEstimate": {"avg": 0.0, "low": 0.0, "high": 0.0, "yearAgoEps": {}, "numberOfAnalysts": 0, "growth": {}}, "revenueEstimate": {"avg": 0, "low": 0, "high": 0, "numberOfAnalysts": 0, "yearAgoRevenue": {}, "growth": {}}, "epsTrend": {"current": 0.0, "7daysAgo": 0.0, "30daysAgo": 0.0, "60daysAgo": 0.0, "90daysAgo": 0.0}, "epsRevisions": {"upLast7days": 0, "upLast30days": 0, "downLast30days": 0, "downLast90days": {}}}, {"maxAge": 1, "period": "+5y", "endDate": null, "growth": {}, "earningsEstimate": {"avg": {}, "low": {}, "high": {}, "yearAgoEps": {}, "numberOfAnalysts": {}, "growth": {}}, "revenueEstimate": {"avg": {}, "low": {}, "high": {}, "numberOfAnalysts": {}, "yearAgoRevenue": {}, "growth": {}}, "epsTrend": {"current": {}, "7daysAgo": {}, "30daysAgo": {}, "60daysAgo": {}, "90daysAgo": {}}, "epsRevisions": {"upLast7days": {}, "upLast30days": {}, "downLast30days": {}, "downLast90days": {}}}, {"maxAge": 1, "period": "-5y", "endDate": null, "growth": {}, "earningsEstimate": {"avg": {}, "low": {}, "high": {}, "yearAgoEps": {}, "numberOfAnalysts": {}, "growth": {}}, "revenueEstimate": {"avg": {}, "low": {}, "high": {}, "numberOfAnalysts": {}, "yearAgoRevenue": {}, "growth": {}}, "epsTrend": {"current": {}, "7daysAgo": {}, "30daysAgo": {}, "60daysAgo": {}, "90daysAgo": {}}, "epsRevisions": {"upLast7days": {}, "upLast30days": {}, "downLast30days": {}, "downLast90days": {}}}], "maxAge": 1}, "financialData": {"maxAge": 86400, "currentPrice": 946.35, "targetHighPrice": 82.0, "targetLowPrice": 82.0, "targetMeanPrice": 82.0, "targetMedianPrice": 82.0, "recommendationKey": "none", "numberOfAnalystOpinions": 1, "grossProfits": 1215097000, "financialCurrency": "INR"}}}