{"ADITYASP.BO": {"cashflowStatementHistory": {"cashflowStatements": [{"maxAge": 1, "endDate": "2020-03-31", "netIncome": 56288000, "depreciation": 17848000, "changeToNetincome": -25608000, "changeToAccountReceivables": 5090000, "changeToLiabilities": 0, "changeToInventory": -3142000, "changeToOperatingActivities": 3132000, "totalCashFromOperatingActivities": 53608000, "capitalExpenditures": -62916000, "otherCashflowsFromInvestingActivities": -1000, "totalCashflowsFromInvestingActivities": -56981000, "netBorrowings": 23356000, "otherCashflowsFromFinancingActivities": -19874000, "totalCashFromFinancingActivities": 3482000, "changeInCash": 109000}, {"maxAge": 1, "endDate": "2019-03-31", "netIncome": 9095000, "depreciation": 16210000, "changeToNetincome": 16615000, "changeToAccountReceivables": -11224000, "changeToLiabilities": 0, "changeToInventory": 12324000, "changeToOperatingActivities": 186000, "totalCashFromOperatingActivities": 43206000, "capitalExpenditures": -19797000, "otherCashflowsFromInvestingActivities": -1000, "totalCashflowsFromInvestingActivities": -27348000, "netBorrowings": 2638000, "otherCashflowsFromFinancingActivities": -18583000, "totalCashFromFinancingActivities": -15945000, "changeInCash": -86000}, {"maxAge": 1, "endDate": "2018-03-31", "netIncome": 366000, "depreciation": 17984000, "changeToNetincome": 23432000, "changeToAccountReceivables": 875000, "changeToLiabilities": 0, "changeToInventory": -12970000, "changeToOperatingActivities": 529000, "totalCashFromOperatingActivities": 30216000, "capitalExpenditures": -36493000, "otherCashflowsFromInvestingActivities": -1000, "totalCashflowsFromInvestingActivities": -17597000, "netBorrowings": 9925000, "otherCashflowsFromFinancingActivities": -22517000, "totalCashFromFinancingActivities": -12592000, "changeInCash": 27000}, {"maxAge": 1, "endDate": "2017-03-31", "netIncome": 6714000, "depreciation": 13944000, "changeToNetincome": 18440000, "changeToAccountReceivables": 1199000, "changeToLiabilities": 0, "changeToInventory": -7165000, "changeToOperatingActivities": 1418000, "totalCashFromOperatingActivities": 34550000, "capitalExpenditures": -64203000, "otherCashflowsFromInvestingActivities": -1000, "totalCashflowsFromInvestingActivities": -81266000, "netBorrowings": 50444000, "otherCashflowsFromFinancingActivities": -17045000, "totalCashFromFinancingActivities": 33399000, "changeInCash": -13317000}], "maxAge": 86400}, "institutionOwnership": {"ownershipList": [], "maxAge": 1}, "balanceSheetHistoryQuarterly": {"balanceSheetStatements": [{"maxAge": 1, "endDate": "2020-06-30", "totalStockholderEquity": 273461000, "netTangibleAssets": 273461000}, {"maxAge": 1, "endDate": "2020-03-31", "cash": 833000, "shortTermInvestments": 738000, "netReceivables": 40852000, "inventory": 39688000, "otherCurrentAssets": 7974000, "totalCurrentAssets": 92106000, "propertyPlantEquipment": 380395000, "otherAssets": 52296000, "deferredLongTermAssetCharges": 42969000, "totalAssets": 524797000, "accountsPayable": 10285000, "shortLongTermDebt": 10225000, "otherCurrentLiab": 20280000, "longTermDebt": 142735000, "otherLiab": 18652000, "totalCurrentLiabilities": 89949000, "totalLiab": 251336000, "commonStock": 167409000, "retainedEarnings": 13505000, "treasuryStock": 92547000, "otherStockholderEquity": 92547000, "totalStockholderEquity": 273461000, "netTangibleAssets": 273461000}, {"maxAge": 1, "endDate": "2019-12-31", "totalStockholderEquity": 241564000, "netTangibleAssets": 241564000}, {"maxAge": 1, "endDate": "2019-09-30", "cash": 2503000, "netReceivables": 39517000, "inventory": 32786000, "otherCurrentAssets": 19296000, "totalCurrentAssets": 94102000, "longTermInvestments": 7928000, "propertyPlantEquipment": 382307000, "otherAssets": 7928000, "totalAssets": 484337000, "accountsPayable": 6483000, "otherCurrentLiab": 36911000, "longTermDebt": 133225000, "otherLiab": 16048000, "totalCurrentLiabilities": 93500000, "totalLiab": 242773000, "commonStock": 167409000, "treasuryStock": 74155000, "otherStockholderEquity": 74155000, "totalStockholderEquity": 241564000, "netTangibleAssets": 241564000}], "maxAge": 86400}, "indexTrend": {"maxAge": 1, "symbol": "SP5", "peRatio": 19.7411, "pegRatio": 1.34172, "estimates": [{"period": "0q", "growth": 0.549}, {"period": "+1q", "growth": 0.431}, {"period": "0y", "growth": 0.305}, {"period": "+1y", "growth": 0.109}, {"period": "+5y", "growth": 0.120859005}, {"period": "-5y"}]}, "quoteType": {"exchange": "BSE", "quoteType": "EQUITY", "symbol": "ADITYASP.BO", "underlyingSymbol": "ADITYASP.BO", "shortName": "ADITYA SPINNERS LTD.", "longName": "Aditya Spinners Limited", "firstTradeDateEpochUtc": "1998-12-30 09:15:00", "timeZoneFullName": "Asia/Kolkata", "timeZoneShortName": "IST", "uuid": "84162520-fa20-3d1a-a4ae-f223b2a89ddf", "gmtOffSetMilliseconds": 19800000, "maxAge": 1}, "incomeStatementHistory": {"incomeStatementHistory": [{"maxAge": 1, "endDate": "2020-03-31", "totalRevenue": 569654000, "costOfRevenue": 267976000, "grossProfit": 301678000, "researchDevelopment": {}, "sellingGeneralAdministrative": 110361000, "nonRecurring": {}, "otherOperatingExpenses": 145749000, "totalOperatingExpenses": 541934000, "operatingIncome": 27720000, "totalOtherIncomeExpenseNet": -16915000, "ebit": 27720000, "interestExpense": -19727000, "incomeBeforeTax": 10805000, "incomeTaxExpense": -45483000, "minorityInterest": {}, "netIncomeFromContinuingOps": 56288000, "discontinuedOperations": {}, "extraordinaryItems": {}, "effectOfAccountingCharges": {}, "otherItems": {}, "netIncome": 56288000, "netIncomeApplicableToCommonShares": 56288000}, {"maxAge": 1, "endDate": "2019-03-31", "totalRevenue": 608700000, "costOfRevenue": 323612000, "grossProfit": 285088000, "researchDevelopment": {}, "sellingGeneralAdministrative": 99951000, "nonRecurring": {}, "otherOperatingExpenses": 143818000, "totalOperatingExpenses": 583590000, "operatingIncome": 25110000, "totalOtherIncomeExpenseNet": -18082000, "ebit": 25110000, "interestExpense": -17265000, "incomeBeforeTax": 7028000, "incomeTaxExpense": -2067000, "minorityInterest": {}, "netIncomeFromContinuingOps": 9095000, "discontinuedOperations": {}, "extraordinaryItems": {}, "effectOfAccountingCharges": {}, "otherItems": {}, "netIncome": 9095000, "netIncomeApplicableToCommonShares": 9095000}, {"maxAge": 1, "endDate": "2018-03-31", "totalRevenue": 541439000, "costOfRevenue": 264377000, "grossProfit": 277062000, "researchDevelopment": {}, "sellingGeneralAdministrative": 96857000, "nonRecurring": {}, "otherOperatingExpenses": 139106000, "totalOperatingExpenses": 518324000, "operatingIncome": 23115000, "totalOtherIncomeExpenseNet": -21834000, "ebit": 23115000, "interestExpense": -21819000, "incomeBeforeTax": 1281000, "incomeTaxExpense": 915000, "minorityInterest": {}, "netIncomeFromContinuingOps": 366000, "discontinuedOperations": {}, "extraordinaryItems": {}, "effectOfAccountingCharges": {}, "otherItems": {}, "netIncome": 366000, "netIncomeApplicableToCommonShares": 366000}, {"maxAge": 1, "endDate": "2017-03-31", "totalRevenue": 534937000, "costOfRevenue": 264138000, "grossProfit": 270799000, "researchDevelopment": {}, "sellingGeneralAdministrative": 89636000, "nonRecurring": {}, "otherOperatingExpenses": 142786000, "totalOperatingExpenses": 510504000, "operatingIncome": 24433000, "totalOtherIncomeExpenseNet": -16324000, "ebit": 24433000, "interestExpense": -13658000, "incomeBeforeTax": 8109000, "incomeTaxExpense": 1395000, "minorityInterest": {}, "netIncomeFromContinuingOps": 6714000, "discontinuedOperations": {}, "extraordinaryItems": {}, "effectOfAccountingCharges": {}, "otherItems": {}, "netIncome": 6714000, "netIncomeApplicableToCommonShares": 6714000}], "maxAge": 86400}, "fundOwnership": {"ownershipList": [], "maxAge": 1}, "summaryDetail": {"maxAge": 1, "priceHint": 2, "previousClose": 5.9, "open": 5.9, "dayLow": 5.9, "dayHigh": 5.91, "regularMarketPreviousClose": 5.9, "regularMarketOpen": 5.9, "regularMarketDayLow": 5.9, "regularMarketDayHigh": 5.91, "trailingPE": 2.5364807, "volume": 162, "regularMarketVolume": 162, "averageVolume": 5040, "averageVolume10days": 1168, "averageDailyVolume10Day": 1168, "bid": 5.91, "ask": 6.17, "bidSize": 0, "askSize": 0, "marketCap": 98938720, "fiftyTwoWeekLow": 2.86, "fiftyTwoWeekHigh": 7.88, "fiftyDayAverage": 6.140303, "twoHundredDayAverage": 5.6538234, "currency": "INR", "fromCurrency": null, "lastMarket": null, "algorithm": null, "tradeable": false}, "incomeStatementHistoryQuarterly": {"incomeStatementHistory": [{"maxAge": 1, "endDate": "2020-06-30", "totalRevenue": 9011000, "costOfRevenue": 1853000, "grossProfit": 7158000, "researchDevelopment": {}, "sellingGeneralAdministrative": 9043000, "nonRecurring": {}, "otherOperatingExpenses": 7676000, "totalOperatingExpenses": 23372000, "operatingIncome": -14361000, "totalOtherIncomeExpenseNet": -1647000, "ebit": -14361000, "interestExpense": -1647000, "incomeBeforeTax": -16008000, "incomeTaxExpense": 0, "minorityInterest": {}, "netIncomeFromContinuingOps": -16008000, "discontinuedOperations": {}, "extraordinaryItems": {}, "effectOfAccountingCharges": {}, "otherItems": {}, "netIncome": -16008000, "netIncomeApplicableToCommonShares": -16008000}, {"maxAge": 1, "endDate": "2020-03-31", "totalRevenue": 135101000, "costOfRevenue": 61295000, "grossProfit": 73806000, "researchDevelopment": {}, "sellingGeneralAdministrative": 32544000, "nonRecurring": {}, "otherOperatingExpenses": 32317000, "totalOperatingExpenses": 130854000, "operatingIncome": 4247000, "totalOtherIncomeExpenseNet": -2379000, "ebit": 4247000, "interestExpense": -5191000, "incomeBeforeTax": 1868000, "incomeTaxExpense": -44483000, "minorityInterest": {}, "netIncomeFromContinuingOps": 46351000, "discontinuedOperations": {}, "extraordinaryItems": {}, "effectOfAccountingCharges": {}, "otherItems": {}, "netIncome": 46351000, "netIncomeApplicableToCommonShares": 46351000}, {"maxAge": 1, "endDate": "2019-12-31", "totalRevenue": 145706000, "costOfRevenue": 63848000, "grossProfit": 81858000, "researchDevelopment": {}, "sellingGeneralAdministrative": 26629000, "nonRecurring": {}, "otherOperatingExpenses": 39780000, "totalOperatingExpenses": 134707000, "operatingIncome": 10999000, "totalOtherIncomeExpenseNet": -7699000, "ebit": 10999000, "interestExpense": -7699000, "incomeBeforeTax": 3300000, "incomeTaxExpense": -1000000, "minorityInterest": {}, "netIncomeFromContinuingOps": 4300000, "discontinuedOperations": {}, "extraordinaryItems": {}, "effectOfAccountingCharges": {}, "otherItems": {}, "netIncome": 4300000, "netIncomeApplicableToCommonShares": 4300000}, {"maxAge": 1, "endDate": "2019-09-30", "totalRevenue": 147671000, "costOfRevenue": 70120000, "grossProfit": 77551000, "researchDevelopment": {}, "sellingGeneralAdministrative": 27929000, "nonRecurring": {}, "otherOperatingExpenses": 37919000, "totalOperatingExpenses": 140318000, "operatingIncome": 7353000, "totalOtherIncomeExpenseNet": -2958000, "ebit": 7353000, "interestExpense": -2958000, "incomeBeforeTax": 4395000, "incomeTaxExpense": 0, "minorityInterest": {}, "netIncomeFromContinuingOps": 4395000, "discontinuedOperations": {}, "extraordinaryItems": {}, "effectOfAccountingCharges": {}, "otherItems": {}, "netIncome": 4395000, "netIncomeApplicableToCommonShares": 4395000}], "maxAge": 86400}, "cashflowStatementHistoryQuarterly": {"cashflowStatements": [{"maxAge": 1, "endDate": "2020-06-30", "netIncome": -16008000, "changeToLiabilities": 0}, {"maxAge": 1, "endDate": "2020-03-31", "netIncome": 46351000, "changeToLiabilities": 0}, {"maxAge": 1, "endDate": "2019-12-31", "netIncome": 4300000, "changeToLiabilities": 0}, {"maxAge": 1, "endDate": "2019-09-30", "netIncome": 4395000, "changeToLiabilities": 0}], "maxAge": 86400}, "insiderHolders": {"holders": [], "maxAge": 1}, "calendarEvents": {"maxAge": 1, "earnings": {"earningsDate": []}}, "upgradeDowngradeHistory": {"history": [], "maxAge": 86400}, "price": {"maxAge": 1, "regularMarketChangePercent": 0.0016948733, "regularMarketChange": 0.009999752, "regularMarketTime": "2021-04-30 15:15:25", "priceHint": 2, "regularMarketPrice": 5.91, "regularMarketDayHigh": 5.91, "regularMarketDayLow": 5.9, "regularMarketVolume": 162, "averageDailyVolume10Day": 1168, "averageDailyVolume3Month": 5040, "regularMarketPreviousClose": 5.9, "regularMarketSource": "FREE_REALTIME", "regularMarketOpen": 5.9, "exchange": "BSE", "exchangeName": "BSE", "exchangeDataDelayedBy": 0, "marketState": "CLOSED", "quoteType": "EQUITY", "symbol": "ADITYASP.BO", "underlyingSymbol": null, "shortName": "ADITYA SPINNERS LTD.", "longName": "Aditya Spinners Limited", "currency": "INR", "quoteSourceName": "Delayed Quote", "currencySymbol": "\u20b9", "fromCurrency": null, "lastMarket": null, "marketCap": 98938720}, "balanceSheetHistory": {"balanceSheetStatements": [{"maxAge": 1, "endDate": "2020-03-31", "cash": 833000, "shortTermInvestments": 738000, "netReceivables": 40852000, "inventory": 39688000, "otherCurrentAssets": 7974000, "totalCurrentAssets": 92106000, "propertyPlantEquipment": 380395000, "otherAssets": 52296000, "deferredLongTermAssetCharges": 42969000, "totalAssets": 524797000, "accountsPayable": 10285000, "shortLongTermDebt": 10225000, "otherCurrentLiab": 20280000, "longTermDebt": 142735000, "otherLiab": 18652000, "totalCurrentLiabilities": 89949000, "totalLiab": 251336000, "commonStock": 167409000, "retainedEarnings": 13505000, "treasuryStock": 92547000, "otherStockholderEquity": 92547000, "totalStockholderEquity": 273461000, "netTangibleAssets": 273461000}, {"maxAge": 1, "endDate": "2019-03-31", "cash": 724000, "netReceivables": 46898000, "inventory": 36546000, "otherCurrentAssets": 13599000, "totalCurrentAssets": 100542000, "propertyPlantEquipment": 265563000, "otherAssets": 7928000, "totalAssets": 374033000, "accountsPayable": 6415000, "shortLongTermDebt": 11447000, "otherCurrentLiab": 20163000, "longTermDebt": 125044000, "otherLiab": 16979000, "totalCurrentLiabilities": 84601000, "totalLiab": 226624000, "commonStock": 167409000, "retainedEarnings": -42782000, "treasuryStock": 22782000, "otherStockholderEquity": 22782000, "totalStockholderEquity": 147409000, "netTangibleAssets": 147409000}, {"maxAge": 1, "endDate": "2018-03-31", "cash": 810000, "netReceivables": 34967000, "inventory": 48870000, "otherCurrentAssets": 6228000, "totalCurrentAssets": 92273000, "propertyPlantEquipment": 278074000, "otherAssets": 9832000, "totalAssets": 380179000, "accountsPayable": 6229000, "otherCurrentLiab": 39967000, "longTermDebt": 124884000, "otherLiab": 14475000, "totalCurrentLiabilities": 86507000, "totalLiab": 225866000, "commonStock": 167409000, "retainedEarnings": -51877000, "treasuryStock": 38781000, "otherStockholderEquity": 38781000, "totalStockholderEquity": 154313000, "netTangibleAssets": 154313000}, {"maxAge": 1, "endDate": "2017-03-31", "cash": 783000, "netReceivables": 34396000, "inventory": 35900000, "otherCurrentAssets": 17654000, "totalCurrentAssets": 90133000, "propertyPlantEquipment": 275664000, "otherAssets": 18746000, "totalAssets": 384543000, "accountsPayable": 5700000, "shortLongTermDebt": 3480000, "otherCurrentLiab": 22344000, "longTermDebt": 138777000, "otherLiab": 7493000, "totalCurrentLiabilities": 68227000, "totalLiab": 214497000, "commonStock": 167409000, "retainedEarnings": -52242000, "treasuryStock": 54879000, "otherStockholderEquity": 54879000, "totalStockholderEquity": 170046000, "netTangibleAssets": 170046000}], "maxAge": 86400}, "financialData": {"maxAge": 86400, "currentPrice": 5.91, "recommendationKey": "none", "grossProfits": 301678000, "financialCurrency": "INR"}}}