{"ADITYA.BO": {"cashflowStatementHistory": {"cashflowStatements": [{"maxAge": 1, "endDate": "2020-03-31", "netIncome": 2462000, "depreciation": 4094000, "changeToNetincome": 12089000, "changeToAccountReceivables": -2361000, "changeToLiabilities": 2389000, "changeToInventory": 20583000, "changeToOperatingActivities": 5362000, "totalCashFromOperatingActivities": 44618000, "capitalExpenditures": -95877000, "otherCashflowsFromInvestingActivities": 210000, "totalCashflowsFromInvestingActivities": -95627000, "netBorrowings": 62871000, "otherCashflowsFromFinancingActivities": -11848000, "totalCashFromFinancingActivities": 51023000, "changeInCash": 16000}, {"maxAge": 1, "endDate": "2019-03-31", "netIncome": 4374000, "depreciation": 4326000, "changeToNetincome": 11921000, "changeToAccountReceivables": 13312000, "changeToLiabilities": 15900000, "changeToInventory": -7356000, "changeToOperatingActivities": -24483000, "totalCashFromOperatingActivities": 17994000, "capitalExpenditures": -45286000, "otherCashflowsFromInvestingActivities": 223000, "totalCashflowsFromInvestingActivities": -45063000, "netBorrowings": 38285000, "otherCashflowsFromFinancingActivities": -11882000, "totalCashFromFinancingActivities": 26403000, "changeInCash": -665000}, {"maxAge": 1, "endDate": "2018-03-31", "netIncome": 4810000, "depreciation": 4069000, "changeToNetincome": 10541000, "changeToAccountReceivables": 31575000, "changeToLiabilities": -24879000, "changeToInventory": -1874000, "changeToOperatingActivities": -651000, "totalCashFromOperatingActivities": 23591000, "capitalExpenditures": -8003000, "otherCashflowsFromInvestingActivities": 174000, "totalCashflowsFromInvestingActivities": -7829000, "netBorrowings": -3079000, "otherCashflowsFromFinancingActivities": -12019000, "totalCashFromFinancingActivities": -15098000, "changeInCash": 665000}, {"maxAge": 1, "endDate": "2017-03-31", "netIncome": 4199000, "depreciation": 3988000, "changeToNetincome": 10945000, "changeToAccountReceivables": -41266000, "changeToLiabilities": 26677000, "changeToInventory": -16975000, "changeToOperatingActivities": 1711000, "totalCashFromOperatingActivities": -10721000, "capitalExpenditures": -2096000, "otherCashflowsFromInvestingActivities": 238000, "totalCashflowsFromInvestingActivities": -1858000, "netBorrowings": 21527000, "otherCashflowsFromFinancingActivities": -10960000, "totalCashFromFinancingActivities": 10567000, "changeInCash": -2012000}], "maxAge": 86400}, "institutionOwnership": {"ownershipList": [], "maxAge": 1}, "balanceSheetHistoryQuarterly": {"balanceSheetStatements": [{"maxAge": 1, "endDate": "2020-06-30", "totalStockholderEquity": 96439000, "netTangibleAssets": 96439000}, {"maxAge": 1, "endDate": "2020-03-31", "cash": 1007000, "netReceivables": 108191000, "inventory": 43026000, "otherCurrentAssets": 26344000, "totalCurrentAssets": 178643000, "propertyPlantEquipment": 193181000, "otherAssets": 2728000, "totalAssets": 374552000, "accountsPayable": 25466000, "shortLongTermDebt": 19246000, "otherCurrentLiab": 6444000, "longTermDebt": 92682000, "otherLiab": 5551000, "totalCurrentLiabilities": 179880000, "totalLiab": 278113000, "commonStock": 53500000, "retainedEarnings": 38447000, "treasuryStock": 3992000, "capitalSurplus": 500000, "otherStockholderEquity": 3992000, "totalStockholderEquity": 96439000, "netTangibleAssets": 96439000}, {"maxAge": 1, "endDate": "2019-12-31", "totalStockholderEquity": 94393000, "netTangibleAssets": 94393000}, {"maxAge": 1, "endDate": "2019-09-30", "cash": 2128000, "shortTermInvestments": 5641000, "netReceivables": 86872000, "inventory": 48777000, "otherCurrentAssets": 41465000, "totalCurrentAssets": 184883000, "propertyPlantEquipment": 131821000, "otherAssets": 953000, "totalAssets": 317657000, "accountsPayable": 16162000, "shortLongTermDebt": 12500000, "otherCurrentLiab": 109000, "longTermDebt": 78195000, "otherLiab": 5602000, "totalCurrentLiabilities": 139467000, "totalLiab": 223264000, "commonStock": 53500000, "treasuryStock": 40893000, "otherStockholderEquity": 40893000, "totalStockholderEquity": 94393000, "netTangibleAssets": 94393000}], "maxAge": 86400}, "indexTrend": {"maxAge": 1, "symbol": "SP5", "peRatio": 19.7411, "pegRatio": 1.34172, "estimates": [{"period": "0q", "growth": 0.549}, {"period": "+1q", "growth": 0.431}, {"period": "0y", "growth": 0.305}, {"period": "+1y", "growth": 0.109}, {"period": "+5y", "growth": 0.120859005}, {"period": "-5y"}]}, "insiderTransactions": {"transactions": [{"maxAge": 1, "shares": 41500, "filerUrl": "", "transactionText": "", "filerName": "Chachan (Aditya)", "filerRelation": "Promoter", "moneyText": "", "startDate": "2014-07-04", "ownership": "D"}, {"maxAge": 1, "shares": 41500, "filerUrl": "", "transactionText": "", "filerName": "Chachan (Anshuman)", "filerRelation": "Promoter", "moneyText": "", "startDate": "2014-07-04", "ownership": "D"}, {"maxAge": 1, "shares": 10000, "filerUrl": "", "transactionText": "", "filerName": "Chachan (Aditya)", "filerRelation": "Promoter", "moneyText": "", "startDate": "2014-06-27", "ownership": "D"}, {"maxAge": 1, "shares": 5000, "filerUrl": "", "transactionText": "", "filerName": "Chachan (Anshuman)", "filerRelation": "Promoter", "moneyText": "", "startDate": "2014-06-27", "ownership": "D"}, {"maxAge": 1, "shares": 5000, "filerUrl": "", "transactionText": "", "filerName": "Chachan (Anshuman)", "filerRelation": "Promoter", "moneyText": "", "startDate": "2014-06-26", "ownership": "D"}], "maxAge": 1}, "quoteType": {"exchange": "BSE", "quoteType": "EQUITY", "symbol": "ADITYA.BO", "underlyingSymbol": "ADITYA.BO", "shortName": "ADITYA ISPAT LTD.", "longName": "Aditya Ispat Limited", "firstTradeDateEpochUtc": "2002-01-22 09:15:00", "timeZoneFullName": "Asia/Kolkata", "timeZoneShortName": "IST", "uuid": "046fa11e-7654-335a-9ba2-372fd20000a6", "gmtOffSetMilliseconds": 19800000, "maxAge": 1}, "incomeStatementHistory": {"incomeStatementHistory": [{"maxAge": 1, "endDate": "2020-03-31", "totalRevenue": 307999000, "costOfRevenue": 274191000, "grossProfit": 33808000, "researchDevelopment": {}, "sellingGeneralAdministrative": 6052000, "nonRecurring": {}, "otherOperatingExpenses": 8082000, "totalOperatingExpenses": 292419000, "operatingIncome": 15580000, "totalOtherIncomeExpenseNet": -12199000, "ebit": 15580000, "interestExpense": -11848000, "incomeBeforeTax": 3381000, "incomeTaxExpense": 919000, "minorityInterest": {}, "netIncomeFromContinuingOps": 2462000, "discontinuedOperations": {}, "extraordinaryItems": {}, "effectOfAccountingCharges": {}, "otherItems": {}, "netIncome": 2462000, "netIncomeApplicableToCommonShares": 2462000}, {"maxAge": 1, "endDate": "2019-03-31", "totalRevenue": 396705000, "costOfRevenue": 359354000, "grossProfit": 37351000, "researchDevelopment": {}, "sellingGeneralAdministrative": 5818000, "nonRecurring": {}, "otherOperatingExpenses": 9316000, "totalOperatingExpenses": 378814000, "operatingIncome": 17891000, "totalOtherIncomeExpenseNet": -11903000, "ebit": 17891000, "interestExpense": -11882000, "incomeBeforeTax": 5988000, "incomeTaxExpense": 1614000, "minorityInterest": {}, "netIncomeFromContinuingOps": 4374000, "discontinuedOperations": {}, "extraordinaryItems": {}, "effectOfAccountingCharges": {}, "otherItems": {}, "netIncome": 4374000, "netIncomeApplicableToCommonShares": 4374000}, {"maxAge": 1, "endDate": "2018-03-31", "totalRevenue": 290464000, "costOfRevenue": 252973000, "grossProfit": 37491000, "researchDevelopment": {}, "sellingGeneralAdministrative": 4490000, "nonRecurring": {}, "otherOperatingExpenses": 11451000, "totalOperatingExpenses": 272983000, "operatingIncome": 17481000, "totalOtherIncomeExpenseNet": -12211000, "ebit": 17481000, "interestExpense": -12019000, "incomeBeforeTax": 5270000, "incomeTaxExpense": 460000, "minorityInterest": {}, "netIncomeFromContinuingOps": 4810000, "discontinuedOperations": {}, "extraordinaryItems": {}, "effectOfAccountingCharges": {}, "otherItems": {}, "netIncome": 4810000, "netIncomeApplicableToCommonShares": 4810000}, {"maxAge": 1, "endDate": "2017-03-31", "totalRevenue": 366413000, "costOfRevenue": 314195000, "grossProfit": 52218000, "researchDevelopment": {}, "sellingGeneralAdministrative": 3616000, "nonRecurring": {}, "otherOperatingExpenses": 27067000, "totalOperatingExpenses": 348866000, "operatingIncome": 17547000, "totalOtherIncomeExpenseNet": -11419000, "ebit": 17547000, "interestExpense": -10944000, "incomeBeforeTax": 6128000, "incomeTaxExpense": 1929000, "minorityInterest": {}, "netIncomeFromContinuingOps": 4199000, "discontinuedOperations": {}, "extraordinaryItems": {}, "effectOfAccountingCharges": {}, "otherItems": {}, "netIncome": 4199000, "netIncomeApplicableToCommonShares": 4199000}], "maxAge": 86400}, "fundOwnership": {"ownershipList": [], "maxAge": 1}, "summaryDetail": {"maxAge": 1, "priceHint": 2, "previousClose": 5.71, "open": 5.75, "dayLow": 5.75, "dayHigh": 5.99, "regularMarketPreviousClose": 5.71, "regularMarketOpen": 5.75, "regularMarketDayLow": 5.75, "regularMarketDayHigh": 5.99, "trailingPE": 14.681373, "volume": 1012, "regularMarketVolume": 1012, "averageVolume": 208, "averageVolume10days": 16, "averageDailyVolume10Day": 16, "bid": 5.75, "ask": 5.99, "bidSize": 0, "askSize": 0, "marketCap": 32046498, "fiftyTwoWeekLow": 3.27, "fiftyTwoWeekHigh": 8.34, "fiftyDayAverage": 5.75697, "twoHundredDayAverage": 5.8669567, "currency": "INR", "fromCurrency": null, "lastMarket": null, "algorithm": null, "tradeable": false}, "incomeStatementHistoryQuarterly": {"incomeStatementHistory": [{"maxAge": 1, "endDate": "2020-06-30", "totalRevenue": 52979000, "costOfRevenue": 45435000, "grossProfit": 7544000, "researchDevelopment": {}, "sellingGeneralAdministrative": 1638000, "nonRecurring": {}, "otherOperatingExpenses": 1231000, "totalOperatingExpenses": 49327000, "operatingIncome": 3652000, "totalOtherIncomeExpenseNet": -3641000, "ebit": 3652000, "interestExpense": -3641000, "incomeBeforeTax": 11000, "incomeTaxExpense": 0, "minorityInterest": {}, "netIncomeFromContinuingOps": 11000, "discontinuedOperations": {}, "extraordinaryItems": {}, "effectOfAccountingCharges": {}, "otherItems": {}, "netIncome": 11000, "netIncomeApplicableToCommonShares": 11000}, {"maxAge": 1, "endDate": "2020-03-31", "totalRevenue": 109042000, "costOfRevenue": 99994000, "grossProfit": 9048000, "researchDevelopment": {}, "sellingGeneralAdministrative": 1667000, "nonRecurring": {}, "otherOperatingExpenses": 1496000, "totalOperatingExpenses": 104053000, "operatingIncome": 4989000, "totalOtherIncomeExpenseNet": -2521000, "ebit": 4989000, "interestExpense": -2170000, "incomeBeforeTax": 2468000, "incomeTaxExpense": 709000, "minorityInterest": {}, "netIncomeFromContinuingOps": 1759000, "discontinuedOperations": {}, "extraordinaryItems": {}, "effectOfAccountingCharges": {}, "otherItems": {}, "netIncome": 1759000, "netIncomeApplicableToCommonShares": 1759000}, {"maxAge": 1, "endDate": "2019-12-31", "totalRevenue": 74302000, "costOfRevenue": 66087000, "grossProfit": 8215000, "researchDevelopment": {}, "sellingGeneralAdministrative": 1429000, "nonRecurring": {}, "otherOperatingExpenses": 2176000, "totalOperatingExpenses": 70774000, "operatingIncome": 3528000, "totalOtherIncomeExpenseNet": -3158000, "ebit": 3528000, "interestExpense": -3158000, "incomeBeforeTax": 370000, "incomeTaxExpense": 149000, "minorityInterest": {}, "netIncomeFromContinuingOps": 221000, "discontinuedOperations": {}, "extraordinaryItems": {}, "effectOfAccountingCharges": {}, "otherItems": {}, "netIncome": 221000, "netIncomeApplicableToCommonShares": 221000}, {"maxAge": 1, "endDate": "2019-09-30", "totalRevenue": 58046000, "costOfRevenue": 49324000, "grossProfit": 8722000, "researchDevelopment": {}, "sellingGeneralAdministrative": 1585000, "nonRecurring": {}, "otherOperatingExpenses": 2575000, "totalOperatingExpenses": 54520000, "operatingIncome": 3526000, "totalOtherIncomeExpenseNet": -3302000, "ebit": 3526000, "interestExpense": -3302000, "incomeBeforeTax": 224000, "incomeTaxExpense": 67000, "minorityInterest": {}, "netIncomeFromContinuingOps": 157000, "discontinuedOperations": {}, "extraordinaryItems": {}, "effectOfAccountingCharges": {}, "otherItems": {}, "netIncome": 157000, "netIncomeApplicableToCommonShares": 157000}], "maxAge": 86400}, "cashflowStatementHistoryQuarterly": {"cashflowStatements": [{"maxAge": 1, "endDate": "2020-06-30", "netIncome": 11000, "changeToLiabilities": 0}, {"maxAge": 1, "endDate": "2020-03-31", "netIncome": 1759000, "changeToLiabilities": 0}, {"maxAge": 1, "endDate": "2019-12-31", "netIncome": 221000, "changeToLiabilities": 0}, {"maxAge": 1, "endDate": "2019-09-30", "netIncome": 157000, "changeToLiabilities": 0}], "maxAge": 86400}, "insiderHolders": {"holders": [{"maxAge": 1, "name": "Chachan (Aditya)", "relation": "Promoter", "url": "", "transactionDescription": "Acquisition", "latestTransDate": "2014-07-04", "positionDirect": 165500, "positionDirectDate": "2014-07-04"}, {"maxAge": 1, "name": "Chachan (Anshuman)", "relation": "Promoter", "url": "", "transactionDescription": "Acquisition", "latestTransDate": "2014-07-04", "positionDirect": 165500, "positionDirectDate": "2014-07-04"}], "maxAge": 1}, "calendarEvents": {"maxAge": 1, "earnings": {"earningsDate": []}}, "upgradeDowngradeHistory": {"history": [], "maxAge": 86400}, "price": {"maxAge": 1, "regularMarketChangePercent": 0.04903673, "regularMarketChange": 0.27999973, "regularMarketTime": "2021-04-30 15:15:00", "priceHint": 2, "regularMarketPrice": 5.99, "regularMarketDayHigh": 5.99, "regularMarketDayLow": 5.75, "regularMarketVolume": 1012, "averageDailyVolume10Day": 16, "averageDailyVolume3Month": 208, "regularMarketPreviousClose": 5.71, "regularMarketSource": "FREE_REALTIME", "regularMarketOpen": 5.75, "exchange": "BSE", "exchangeName": "BSE", "exchangeDataDelayedBy": 0, "marketState": "CLOSED", "quoteType": "EQUITY", "symbol": "ADITYA.BO", "underlyingSymbol": null, "shortName": "ADITYA ISPAT LTD.", "longName": "Aditya Ispat Limited", "currency": "INR", "quoteSourceName": "Delayed Quote", "currencySymbol": "\u20b9", "fromCurrency": null, "lastMarket": null, "marketCap": 32046498}, "balanceSheetHistory": {"balanceSheetStatements": [{"maxAge": 1, "endDate": "2020-03-31", "cash": 1007000, "netReceivables": 108191000, "inventory": 43026000, "otherCurrentAssets": 26344000, "totalCurrentAssets": 178643000, "propertyPlantEquipment": 193181000, "otherAssets": 2728000, "totalAssets": 374552000, "accountsPayable": 25466000, "shortLongTermDebt": 19246000, "otherCurrentLiab": 6444000, "longTermDebt": 92682000, "otherLiab": 5551000, "totalCurrentLiabilities": 179880000, "totalLiab": 278113000, "commonStock": 53500000, "retainedEarnings": 38447000, "treasuryStock": 3992000, "capitalSurplus": 500000, "otherStockholderEquity": 3992000, "totalStockholderEquity": 96439000, "netTangibleAssets": 96439000}, {"maxAge": 1, "endDate": "2019-03-31", "cash": 991000, "shortTermInvestments": 6587000, "netReceivables": 105836000, "inventory": 63609000, "otherCurrentAssets": 32968000, "totalCurrentAssets": 203778000, "longTermInvestments": 953000, "propertyPlantEquipment": 101446000, "otherAssets": 953000, "totalAssets": 306177000, "accountsPayable": 28488000, "shortLongTermDebt": 9738000, "otherCurrentLiab": 221000, "longTermDebt": 47174000, "otherLiab": 5644000, "totalCurrentLiabilities": 159448000, "totalLiab": 212266000, "commonStock": 53500000, "retainedEarnings": 35984000, "treasuryStock": 3927000, "capitalSurplus": 500000, "otherStockholderEquity": 3927000, "totalStockholderEquity": 93911000, "netTangibleAssets": 93911000}, {"maxAge": 1, "endDate": "2018-03-31", "cash": 1656000, "netReceivables": 119147000, "inventory": 56253000, "otherCurrentAssets": 8123000, "totalCurrentAssets": 185280000, "propertyPlantEquipment": 60486000, "otherAssets": 953000, "totalAssets": 246719000, "accountsPayable": 17638000, "shortLongTermDebt": 4366000, "otherCurrentLiab": 565000, "longTermDebt": 17643000, "otherLiab": 5031000, "totalCurrentLiabilities": 134291000, "totalLiab": 156965000, "commonStock": 53500000, "retainedEarnings": 31610000, "treasuryStock": 4144000, "capitalSurplus": 500000, "otherStockholderEquity": 4144000, "totalStockholderEquity": 89754000, "netTangibleAssets": 89754000}, {"maxAge": 1, "endDate": "2017-03-31", "cash": 992000, "netReceivables": 150745000, "inventory": 54378000, "otherCurrentAssets": 7187000, "totalCurrentAssets": 213406000, "propertyPlantEquipment": 56552000, "otherAssets": 953000, "totalAssets": 270911000, "accountsPayable": 41935000, "shortLongTermDebt": 4418000, "otherCurrentLiab": 623000, "longTermDebt": 9461000, "otherLiab": 6166000, "totalCurrentLiabilities": 170294000, "totalLiab": 185921000, "commonStock": 53500000, "retainedEarnings": 26800000, "treasuryStock": 4190000, "capitalSurplus": 500000, "otherStockholderEquity": 4190000, "totalStockholderEquity": 84990000, "netTangibleAssets": 84990000}], "maxAge": 86400}, "financialData": {"maxAge": 86400, "currentPrice": 5.99, "recommendationKey": "none", "grossProfits": 33808000, "financialCurrency": "INR"}}}