{"ADMANUM.BO": {"cashflowStatementHistory": {"cashflowStatements": [{"maxAge": 1, "endDate": "2020-03-31", "netIncome": 18412940, "depreciation": 1923320, "changeToNetincome": -1197800, "changeToLiabilities": 0, "changeToOperatingActivities": -264280750, "totalCashFromOperatingActivities": -245142290, "capitalExpenditures": -76690, "investments": 258460, "otherCashflowsFromInvestingActivities": 143410, "totalCashflowsFromInvestingActivities": 606830, "netBorrowings": 237125550, "totalCashFromFinancingActivities": 237125550, "changeInCash": -7409910}, {"maxAge": 1, "endDate": "2019-03-31", "netIncome": -4990160, "depreciation": 2505300, "changeToNetincome": 4047550, "changeToLiabilities": 0, "changeToOperatingActivities": -12152060, "totalCashFromOperatingActivities": -10472330, "capitalExpenditures": -86140, "investments": -68780, "otherCashflowsFromInvestingActivities": 174010, "totalCashflowsFromInvestingActivities": 1420670, "netBorrowings": 13817680, "totalCashFromFinancingActivities": 13817680, "changeInCash": 4766020}, {"maxAge": 1, "endDate": "2018-03-31", "netIncome": 15466311, "depreciation": 3468486, "changeToNetincome": -824077, "changeToLiabilities": 0, "changeToOperatingActivities": -20921313, "totalCashFromOperatingActivities": -2810593, "capitalExpenditures": -104960, "investments": -729378, "otherCashflowsFromInvestingActivities": 827538, "totalCashflowsFromInvestingActivities": 3000, "netBorrowings": 13817680, "totalCashFromFinancingActivities": 13817680, "changeInCash": -2807593}, {"maxAge": 1, "endDate": "2017-03-31", "netIncome": 8649847, "depreciation": 3633518, "changeToNetincome": -837245, "changeToLiabilities": 0, "changeToOperatingActivities": -10122420, "totalCashFromOperatingActivities": 1323700, "capitalExpenditures": -2052878, "investments": -527645, "otherCashflowsFromInvestingActivities": 583782, "totalCashflowsFromInvestingActivities": -809041, "netBorrowings": 13817680, "totalCashFromFinancingActivities": 13817680, "changeInCash": 514659}], "maxAge": 86400}, "institutionOwnership": {"maxAge": 1, "ownershipList": []}, "balanceSheetHistoryQuarterly": {"balanceSheetStatements": [{"maxAge": 1, "endDate": "2020-06-30", "totalStockholderEquity": 494022030, "netTangibleAssets": 494021150}, {"maxAge": 1, "endDate": "2020-03-31", "cash": 2172330, "netReceivables": 920762520, "otherCurrentAssets": 19881190, "totalCurrentAssets": 942816040, "longTermInvestments": 17958740, "propertyPlantEquipment": 23155090, "intangibleAssets": 880, "totalAssets": 983930750, "otherCurrentLiab": 457690, "longTermDebt": 480218190, "otherLiab": 3929480, "totalCurrentLiabilities": 5761050, "totalLiab": 489908720, "commonStock": 75000000, "retainedEarnings": 319520520, "treasuryStock": 9501510, "capitalSurplus": 90000000, "otherStockholderEquity": 9501510, "totalStockholderEquity": 494022030, "netTangibleAssets": 494021150}, {"maxAge": 1, "endDate": "2019-12-31", "totalStockholderEquity": 483269000, "netTangibleAssets": 483268000}, {"maxAge": 1, "endDate": "2019-09-30", "cash": 28814000, "netReceivables": 442482000, "totalCurrentAssets": 471296000, "longTermInvestments": 107759000, "propertyPlantEquipment": 23876000, "intangibleAssets": 1000, "totalAssets": 602932000, "longTermDebt": 82896000, "otherLiab": 36767000, "totalLiab": 119663000, "commonStock": 75000000, "treasuryStock": 408269000, "otherStockholderEquity": 408269000, "totalStockholderEquity": 483269000, "netTangibleAssets": 483268000}], "maxAge": 86400}, "indexTrend": {"maxAge": 1, "symbol": "SP5", "peRatio": 19.7411, "pegRatio": 1.34172, "estimates": [{"period": "0q", "growth": 0.549}, {"period": "+1q", "growth": 0.431}, {"period": "0y", "growth": 0.305}, {"period": "+1y", "growth": 0.109}, {"period": "+5y", "growth": 0.120859005}, {"period": "-5y"}]}, "insiderTransactions": {"transactions": [{"maxAge": 1, "shares": 160000, "filerUrl": "", "transactionText": "", "filerName": "Agrawal (Neena Devi)", "filerRelation": "Promoter", "moneyText": "", "startDate": "2019-06-22", "ownership": "D"}], "maxAge": 1}, "quoteType": {"exchange": "BSE", "quoteType": "EQUITY", "symbol": "ADMANUM.BO", "underlyingSymbol": "ADMANUM.BO", "shortName": "AD-MANUM FINANCE LTD.", "longName": "Ad-Manum Finance Limited", "firstTradeDateEpochUtc": "2001-08-28 09:15:00", "timeZoneFullName": "Asia/Kolkata", "timeZoneShortName": "IST", "uuid": "8d564e5a-779f-3e2a-80e7-c111fbe5a128", "messageBoardId": null, "gmtOffSetMilliseconds": 19800000, "maxAge": 1}, "incomeStatementHistory": {"incomeStatementHistory": [{"maxAge": 1, "endDate": "2020-03-31", "totalRevenue": 76946180, "costOfRevenue": 3980900, "grossProfit": 72965280, "researchDevelopment": {}, "sellingGeneralAdministrative": 2634730, "nonRecurring": {}, "otherOperatingExpenses": 9601680, "totalOperatingExpenses": 20640630, "operatingIncome": 56305550, "totalOtherIncomeExpenseNet": -34718710, "ebit": 0, "interestExpense": {}, "incomeBeforeTax": 21586840, "incomeTaxExpense": 3173900, "minorityInterest": {}, "netIncomeFromContinuingOps": 18412940, "discontinuedOperations": {}, "extraordinaryItems": {}, "effectOfAccountingCharges": {}, "otherItems": {}, "netIncome": 18412940, "netIncomeApplicableToCommonShares": 18412940}, {"maxAge": 1, "endDate": "2019-03-31", "totalRevenue": 82608660, "costOfRevenue": 2252100, "grossProfit": 80356560, "researchDevelopment": {}, "sellingGeneralAdministrative": 15179550, "nonRecurring": {}, "otherOperatingExpenses": 22565600, "totalOperatingExpenses": 44802340, "operatingIncome": 37806320, "totalOtherIncomeExpenseNet": -41468240, "ebit": 0, "interestExpense": {}, "incomeBeforeTax": -3661920, "incomeTaxExpense": 1328240, "minorityInterest": {}, "netIncomeFromContinuingOps": -4990160, "discontinuedOperations": {}, "extraordinaryItems": {}, "effectOfAccountingCharges": {}, "otherItems": {}, "netIncome": -4990160, "netIncomeApplicableToCommonShares": -4990160}, {"maxAge": 1, "endDate": "2018-03-31", "totalRevenue": 111622709, "costOfRevenue": 3673270, "grossProfit": 107949439, "researchDevelopment": {}, "sellingGeneralAdministrative": 31840871, "nonRecurring": {}, "otherOperatingExpenses": 30079710, "totalOperatingExpenses": 95537983, "operatingIncome": 16084726, "totalOtherIncomeExpenseNet": 431585, "ebit": 0, "interestExpense": {}, "incomeBeforeTax": 16516311, "incomeTaxExpense": 1050000, "minorityInterest": {}, "netIncomeFromContinuingOps": 15466311, "discontinuedOperations": {}, "extraordinaryItems": {}, "effectOfAccountingCharges": {}, "otherItems": {}, "netIncome": 15466311, "netIncomeApplicableToCommonShares": 15466311}, {"maxAge": 1, "endDate": "2017-03-31", "totalRevenue": 89139330, "costOfRevenue": 3582728, "grossProfit": 85556602, "researchDevelopment": {}, "sellingGeneralAdministrative": 30957617, "nonRecurring": {}, "otherOperatingExpenses": 30490447, "totalOperatingExpenses": 77820359, "operatingIncome": 11318971, "totalOtherIncomeExpenseNet": 55738, "ebit": 0, "interestExpense": {}, "incomeBeforeTax": 11374709, "incomeTaxExpense": 2724862, "minorityInterest": {}, "netIncomeFromContinuingOps": 8649847, "discontinuedOperations": {}, "extraordinaryItems": {}, "effectOfAccountingCharges": {}, "otherItems": {}, "netIncome": 8649847, "netIncomeApplicableToCommonShares": 8649847}], "maxAge": 86400}, "fundOwnership": {"maxAge": 1, "ownershipList": []}, "summaryDetail": {"maxAge": 1, "priceHint": 2, "previousClose": 15.7, "open": 15.1, "dayLow": 15.0, "dayHigh": 15.95, "regularMarketPreviousClose": 15.7, "regularMarketOpen": 15.1, "regularMarketDayLow": 15.0, "regularMarketDayHigh": 15.95, "trailingPE": 5.9183674, "volume": 363, "regularMarketVolume": 363, "averageVolume": 287, "averageVolume10days": 124, "averageDailyVolume10Day": 124, "bid": 15.15, "ask": 15.95, "bidSize": 0, "askSize": 0, "marketCap": 119625000, "fiftyTwoWeekLow": 7.86, "fiftyTwoWeekHigh": 17.95, "fiftyDayAverage": 14.729714, "twoHundredDayAverage": 15.303551, "trailingAnnualDividendRate": 1.0, "trailingAnnualDividendYield": 0.06369427, "currency": "INR", "fromCurrency": null, "toCurrency": null, "lastMarket": null, "algorithm": null, "tradeable": false}, "incomeStatementHistoryQuarterly": {"incomeStatementHistory": [{"maxAge": 1, "endDate": "2020-06-30", "totalRevenue": 21801000, "costOfRevenue": 0, "grossProfit": 21801000, "researchDevelopment": {}, "sellingGeneralAdministrative": 374000, "nonRecurring": {}, "otherOperatingExpenses": 2072000, "totalOperatingExpenses": 2927000, "operatingIncome": 18874000, "totalOtherIncomeExpenseNet": -14244000, "ebit": 0, "interestExpense": {}, "incomeBeforeTax": 4630000, "incomeTaxExpense": 0, "minorityInterest": {}, "netIncomeFromContinuingOps": 4630000, "discontinuedOperations": {}, "extraordinaryItems": {}, "effectOfAccountingCharges": {}, "otherItems": {}, "netIncome": 4630000, "netIncomeApplicableToCommonShares": 4630000}, {"maxAge": 1, "endDate": "2020-03-31", "totalRevenue": 12388180, "costOfRevenue": 3980900, "grossProfit": 8407280, "researchDevelopment": {}, "sellingGeneralAdministrative": 350730, "nonRecurring": {}, "otherOperatingExpenses": -839320, "totalOperatingExpenses": 6220630, "operatingIncome": 6167550, "totalOtherIncomeExpenseNet": -8603710, "ebit": 0, "interestExpense": {}, "incomeBeforeTax": -2436160, "incomeTaxExpense": 44900, "minorityInterest": {}, "netIncomeFromContinuingOps": -2481060, "discontinuedOperations": {}, "extraordinaryItems": {}, "effectOfAccountingCharges": {}, "otherItems": {}, "netIncome": -2481060, "netIncomeApplicableToCommonShares": -2481060}, {"maxAge": 1, "endDate": "2019-12-31", "totalRevenue": 21491000, "costOfRevenue": 0, "grossProfit": 21491000, "researchDevelopment": {}, "sellingGeneralAdministrative": 697000, "nonRecurring": {}, "otherOperatingExpenses": 4505000, "totalOperatingExpenses": 5767000, "operatingIncome": 15724000, "totalOtherIncomeExpenseNet": -8788000, "ebit": 0, "interestExpense": {}, "incomeBeforeTax": 6936000, "incomeTaxExpense": 724000, "minorityInterest": {}, "netIncomeFromContinuingOps": 6212000, "discontinuedOperations": {}, "extraordinaryItems": {}, "effectOfAccountingCharges": {}, "otherItems": {}, "netIncome": 6212000, "netIncomeApplicableToCommonShares": 6212000}, {"maxAge": 1, "endDate": "2019-09-30", "totalRevenue": 24087000, "costOfRevenue": 0, "grossProfit": 24087000, "researchDevelopment": {}, "sellingGeneralAdministrative": 653000, "nonRecurring": {}, "otherOperatingExpenses": 1928000, "totalOperatingExpenses": 3146000, "operatingIncome": 20941000, "totalOtherIncomeExpenseNet": -8699000, "ebit": 0, "interestExpense": {}, "incomeBeforeTax": 12242000, "incomeTaxExpense": 405000, "minorityInterest": {}, "netIncomeFromContinuingOps": 11837000, "discontinuedOperations": {}, "extraordinaryItems": {}, "effectOfAccountingCharges": {}, "otherItems": {}, "netIncome": 11837000, "netIncomeApplicableToCommonShares": 11837000}], "maxAge": 86400}, "cashflowStatementHistoryQuarterly": {"cashflowStatements": [{"maxAge": 1, "endDate": "2020-06-30", "netIncome": 4630000, "changeToLiabilities": 0}, {"maxAge": 1, "endDate": "2020-03-31", "netIncome": -2481060, "changeToLiabilities": 0}, {"maxAge": 1, "endDate": "2019-12-31", "netIncome": 6212000, "changeToLiabilities": 0}, {"maxAge": 1, "endDate": "2019-09-30", "netIncome": 11837000, "changeToLiabilities": 0}], "maxAge": 86400}, "insiderHolders": {"holders": [{"maxAge": 1, "name": "Agrawal (Neena Devi)", "relation": "Promoter", "url": "", "transactionDescription": "Sale", "latestTransDate": "2019-06-22", "positionDirect": 399310, "positionDirectDate": "2019-06-22"}], "maxAge": 1}, "calendarEvents": {"maxAge": 1, "earnings": {"earningsDate": ["2020-09-15 05:30:S"]}}, "price": {"maxAge": 1, "regularMarketChangePercent": 0.015923567, "regularMarketChange": 0.25, "regularMarketTime": "2021-04-30 15:16:52", "priceHint": 2, "regularMarketPrice": 15.95, "regularMarketDayHigh": 15.95, "regularMarketDayLow": 15.0, "regularMarketVolume": 363, "averageDailyVolume10Day": 124, "averageDailyVolume3Month": 287, "regularMarketPreviousClose": 15.7, "regularMarketSource": "FREE_REALTIME", "regularMarketOpen": 15.1, "exchange": "BSE", "exchangeName": "BSE", "exchangeDataDelayedBy": 0, "marketState": "CLOSED", "quoteType": "EQUITY", "symbol": "ADMANUM.BO", "underlyingSymbol": null, "shortName": "AD-MANUM FINANCE LTD.", "longName": "Ad-Manum Finance Limited", "currency": "INR", "quoteSourceName": "Delayed Quote", "currencySymbol": "\u20b9", "fromCurrency": null, "toCurrency": null, "lastMarket": null, "marketCap": 119625000}, "balanceSheetHistory": {"balanceSheetStatements": [{"maxAge": 1, "endDate": "2020-03-31", "cash": 2172330, "netReceivables": 920762520, "otherCurrentAssets": 19881190, "totalCurrentAssets": 942816040, "longTermInvestments": 17958740, "propertyPlantEquipment": 23155090, "intangibleAssets": 880, "totalAssets": 983930750, "otherCurrentLiab": 457690, "longTermDebt": 480218190, "otherLiab": 3929480, "totalCurrentLiabilities": 5761050, "totalLiab": 489908720, "commonStock": 75000000, "retainedEarnings": 319520520, "treasuryStock": 9501510, "capitalSurplus": 90000000, "otherStockholderEquity": 9501510, "totalStockholderEquity": 494022030, "netTangibleAssets": 494021150}, {"maxAge": 1, "endDate": "2019-03-31", "cash": 9582240, "netReceivables": 616657620, "otherCurrentAssets": 59631670, "totalCurrentAssets": 685871530, "longTermInvestments": 18761190, "propertyPlantEquipment": 25054070, "intangibleAssets": 880, "totalAssets": 729687670, "otherCurrentLiab": 659890, "longTermDebt": 243092640, "otherLiab": 4538740, "totalCurrentLiabilities": 5687390, "totalLiab": 253318770, "commonStock": 75000000, "retainedEarnings": 301107590, "treasuryStock": 10261310, "capitalSurplus": 90000000, "otherStockholderEquity": 10261310, "totalStockholderEquity": 476368900, "netTangibleAssets": 476368020}, {"maxAge": 1, "endDate": "2018-03-31", "cash": 4816212, "netReceivables": 646044815, "otherCurrentAssets": 4354735, "totalCurrentAssets": 655215762, "longTermInvestments": 8142569, "propertyPlantEquipment": 28589883, "intangibleAssets": 448187, "otherAssets": 12472436, "totalAssets": 704868837, "otherCurrentLiab": 821098, "longTermDebt": 30485202, "totalCurrentLiabilities": 203211890, "totalLiab": 233697092, "commonStock": 75000000, "retainedEarnings": 306097745, "treasuryStock": 74000, "capitalSurplus": 90000000, "otherStockholderEquity": 74000, "totalStockholderEquity": 471171745, "netTangibleAssets": 470723558}, {"maxAge": 1, "endDate": "2017-03-31", "cash": 7623806, "netReceivables": 726472269, "otherCurrentAssets": 778235, "totalCurrentAssets": 734874310, "longTermInvestments": 7413191, "propertyPlantEquipment": 31648968, "intangibleAssets": 765888, "otherAssets": 11010777, "totalAssets": 785713134, "otherCurrentLiab": 968244, "longTermDebt": 78061122, "totalCurrentLiabilities": 251946578, "totalLiab": 330007700, "commonStock": 75000000, "retainedEarnings": 290631434, "treasuryStock": 74000, "capitalSurplus": 90000000, "otherStockholderEquity": 74000, "totalStockholderEquity": 455705434, "netTangibleAssets": 454939546}], "maxAge": 86400}, "financialData": {"maxAge": 86400, "currentPrice": 15.95, "recommendationKey": "none", "grossProfits": 72965280, "financialCurrency": "INR"}}}