{"ADORMUL.BO": {"cashflowStatementHistory": {"cashflowStatements": [{"maxAge": 1, "endDate": "2020-03-31", "netIncome": -28525780, "depreciation": 2370530, "changeToNetincome": -8598412, "changeToAccountReceivables": -11711776, "changeToLiabilities": 22933106, "changeToInventory": -27477866, "changeToOperatingActivities": 41857840, "totalCashFromOperatingActivities": -9292066, "investments": 28659082, "otherCashflowsFromInvestingActivities": 5414695, "totalCashflowsFromInvestingActivities": 61764143, "netBorrowings": -2611496, "otherCashflowsFromFinancingActivities": -3684823, "totalCashFromFinancingActivities": -4241769, "changeInCash": 48230308, "issuanceOfStock": 2054550}, {"maxAge": 1, "endDate": "2019-03-31", "netIncome": -13622627, "depreciation": 2010765, "changeToNetincome": -1199185, "changeToAccountReceivables": 2638407, "changeToLiabilities": 5152805, "changeToInventory": -3091627, "changeToOperatingActivities": 2462824, "totalCashFromOperatingActivities": -5614844, "capitalExpenditures": -11112743, "investments": -19600000, "otherCashflowsFromInvestingActivities": 1818026, "totalCashflowsFromInvestingActivities": -28894717, "netBorrowings": 937299, "otherCashflowsFromFinancingActivities": -684149, "totalCashFromFinancingActivities": 34455150, "changeInCash": -54411, "issuanceOfStock": 34202000}, {"maxAge": 1, "endDate": "2018-03-31", "netIncome": -9684526, "depreciation": 994279, "changeToNetincome": -1947797, "changeToAccountReceivables": -4132087, "changeToLiabilities": -1181651, "changeToInventory": 2575760, "changeToOperatingActivities": -21669681, "totalCashFromOperatingActivities": -35196217, "capitalExpenditures": -11112743, "investments": -3836195, "otherCashflowsFromInvestingActivities": 1613134, "totalCashflowsFromInvestingActivities": 36287009, "netBorrowings": 527810, "otherCashflowsFromFinancingActivities": -684149, "totalCashFromFinancingActivities": 527810, "changeInCash": 1618602, "issuanceOfStock": 34202000}, {"maxAge": 1, "endDate": "2017-03-31", "netIncome": 2774811, "depreciation": 657381, "changeToNetincome": 84465213, "changeToAccountReceivables": -1026598, "changeToLiabilities": -52179, "changeToInventory": -434448, "changeToOperatingActivities": 6715921, "totalCashFromOperatingActivities": 94345520, "capitalExpenditures": -42800394, "investments": -11632992, "otherCashflowsFromInvestingActivities": 22739283, "totalCashflowsFromInvestingActivities": -31721454, "netBorrowings": 270964, "otherCashflowsFromFinancingActivities": -684149, "totalCashFromFinancingActivities": 270964, "changeInCash": 62895029, "issuanceOfStock": 34202000}], "maxAge": 86400}, "institutionOwnership": {"maxAge": 1, "ownershipList": []}, "balanceSheetHistoryQuarterly": {"balanceSheetStatements": [{"maxAge": 1, "endDate": "2020-06-30", "totalStockholderEquity": 78323000, "netTangibleAssets": 36242000}, {"maxAge": 1, "endDate": "2020-03-31", "cash": 10274780, "shortTermInvestments": 1720954, "netReceivables": 27857194, "inventory": 39434736, "otherCurrentAssets": 11932801, "totalCurrentAssets": 91883669, "longTermInvestments": 1313507, "propertyPlantEquipment": 25522521, "goodWill": 42080517, "intangibleAssets": 104763, "otherAssets": 9116820, "deferredLongTermAssetCharges": 8165446, "totalAssets": 170021797, "accountsPayable": 36769864, "otherCurrentLiab": 29430940, "otherLiab": 3951051, "minorityInterest": -18818671, "totalCurrentLiabilities": 106566267, "totalLiab": 110517318, "commonStock": 39636330, "retainedEarnings": -10124890, "treasuryStock": 1809033, "capitalSurplus": 47002677, "otherStockholderEquity": 1809033, "totalStockholderEquity": 78323150, "netTangibleAssets": 36137870}, {"maxAge": 1, "endDate": "2019-12-31", "totalStockholderEquity": 48176000, "netTangibleAssets": 48176000}, {"maxAge": 1, "endDate": "2019-09-30", "cash": 3663000, "netReceivables": 11631000, "inventory": 16523000, "otherCurrentAssets": 7355000, "totalCurrentAssets": 39172000, "longTermInvestments": 20146000, "propertyPlantEquipment": 23920000, "totalAssets": 83238000, "accountsPayable": 9245000, "otherCurrentLiab": 2972000, "otherLiab": 5189000, "totalCurrentLiabilities": 29873000, "totalLiab": 35062000, "commonStock": 37582000, "treasuryStock": 10594000, "otherStockholderEquity": 10594000, "totalStockholderEquity": 48176000, "netTangibleAssets": 48176000}], "maxAge": 86400}, "indexTrend": {"maxAge": 1, "symbol": "SP5", "peRatio": 19.7411, "pegRatio": 1.34172, "estimates": [{"period": "0q", "growth": 0.549}, {"period": "+1q", "growth": 0.431}, {"period": "0y", "growth": 0.305}, {"period": "+1y", "growth": 0.109}, {"period": "+5y", "growth": 0.120859005}, {"period": "-5y"}]}, "insiderTransactions": {"transactions": [{"maxAge": 1, "shares": 45000, "value": 26527, "filerUrl": "", "transactionText": "Acquisition at price 0.59 per share.", "filerName": "Ahuja (Sandeep)", "filerRelation": "UNREPORTED", "moneyText": "", "startDate": "2020-07-05", "ownership": "D"}, {"maxAge": 1, "shares": 175045, "value": 103189, "filerUrl": "", "transactionText": "Acquisition at price 0.59 per share.", "filerName": "Lalvani (Deep Ashda)", "filerRelation": "UNREPORTED", "moneyText": "", "startDate": "2020-07-05", "ownership": "D"}, {"maxAge": 1, "shares": 97995, "filerUrl": "", "transactionText": "", "filerName": "Lalvani (Deep Ashda)", "filerRelation": "UNREPORTED", "moneyText": "", "startDate": "2020-02-10", "ownership": "D"}, {"maxAge": 1, "shares": 40000, "filerUrl": "", "transactionText": "", "filerName": "Lalvani (Vimla Ashda)", "filerRelation": "UNREPORTED", "moneyText": "", "startDate": "2020-02-10", "ownership": "D"}, {"maxAge": 1, "shares": 30000, "filerUrl": "", "transactionText": "", "filerName": "Venugopal (Chinglepat Kothadaram)", "filerRelation": "UNREPORTED", "moneyText": "", "startDate": "2020-02-10", "ownership": "D"}, {"maxAge": 1, "shares": 140000, "filerUrl": "", "transactionText": "", "filerName": "J B Advani & Company Pvt Ltd", "filerRelation": "Promoter", "moneyText": "", "startDate": "2019-03-28", "ownership": "D"}, {"maxAge": 1, "shares": 60000, "filerUrl": "", "transactionText": "", "filerName": "Lalvani (Deep Ashda)", "filerRelation": "Wholetime Director", "moneyText": "", "startDate": "2019-03-28", "ownership": "D"}, {"maxAge": 1, "shares": 10000, "filerUrl": "", "transactionText": "", "filerName": "Lalvani (Reshma Ashda)", "filerRelation": "Promoter", "moneyText": "", "startDate": "2019-03-28", "ownership": "D"}, {"maxAge": 1, "shares": 20000, "filerUrl": "", "transactionText": "", "filerName": "Lalvani (Vimla Ashda)", "filerRelation": "Promoter", "moneyText": "", "startDate": "2019-03-28", "ownership": "D"}, {"maxAge": 1, "shares": 65000, "filerUrl": "", "transactionText": "", "filerName": "Lalvani (Deep Ashda)", "filerRelation": "Chief Financial Officer", "moneyText": "", "startDate": "2019-01-11", "ownership": "D"}, {"maxAge": 1, "shares": 14000, "filerUrl": "", "transactionText": "", "filerName": "Lalvani (Reshma Ashda)", "filerRelation": "Promoter", "moneyText": "", "startDate": "2019-01-11", "ownership": "D"}, {"maxAge": 1, "shares": 30000, "filerUrl": "", "transactionText": "", "filerName": "Lalvani (Vimla Ashda)", "filerRelation": "Promoter", "moneyText": "", "startDate": "2019-01-11", "ownership": "D"}], "maxAge": 1}, "quoteType": {"exchange": "BSE", "quoteType": "EQUITY", "symbol": "ADORMUL.BO", "underlyingSymbol": "ADORMUL.BO", "shortName": "ADOR MULTIPRODUCTS LTD.", "longName": "Ador Multiproducts Limited", "firstTradeDateEpochUtc": "2000-01-03 09:15:00", "timeZoneFullName": "Asia/Kolkata", "timeZoneShortName": "IST", "uuid": "38a9e757-2341-3a0c-bb97-4cc0112c9749", "messageBoardId": null, "gmtOffSetMilliseconds": 19800000, "maxAge": 1}, "incomeStatementHistory": {"incomeStatementHistory": [{"maxAge": 1, "endDate": "2020-03-31", "totalRevenue": 103271625, "costOfRevenue": 79612671, "grossProfit": 23658954, "researchDevelopment": {}, "sellingGeneralAdministrative": 21324803, "nonRecurring": {}, "otherOperatingExpenses": 28266773, "totalOperatingExpenses": 132297863, "operatingIncome": -29026238, "totalOtherIncomeExpenseNet": -2917510, "ebit": -29026238, "interestExpense": -3637302, "incomeBeforeTax": -31943748, "incomeTaxExpense": -3417968, "minorityInterest": -18818671, "netIncomeFromContinuingOps": -28525780, "discontinuedOperations": {}, "extraordinaryItems": {}, "effectOfAccountingCharges": {}, "otherItems": {}, "netIncome": -28525780, "netIncomeApplicableToCommonShares": -28525780}, {"maxAge": 1, "endDate": "2019-03-31", "totalRevenue": 72785812, "costOfRevenue": 61644349, "grossProfit": 11141463, "researchDevelopment": {}, "sellingGeneralAdministrative": 10456256, "nonRecurring": {}, "otherOperatingExpenses": 13517859, "totalOperatingExpenses": 87643585, "operatingIncome": -14857773, "totalOtherIncomeExpenseNet": 1133877, "ebit": -14857773, "interestExpense": -684149, "incomeBeforeTax": -13723896, "incomeTaxExpense": -101269, "minorityInterest": -18818671, "netIncomeFromContinuingOps": -13622627, "discontinuedOperations": {}, "extraordinaryItems": {}, "effectOfAccountingCharges": {}, "otherItems": {}, "netIncome": -13622627, "netIncomeApplicableToCommonShares": -13622627}, {"maxAge": 1, "endDate": "2018-03-31", "totalRevenue": 65724172, "costOfRevenue": 54303663, "grossProfit": 11420509, "researchDevelopment": {}, "sellingGeneralAdministrative": 8087314, "nonRecurring": {}, "otherOperatingExpenses": 11303332, "totalOperatingExpenses": 74905598, "operatingIncome": -9181426, "totalOtherIncomeExpenseNet": -182527, "ebit": -9181426, "interestExpense": -1795661, "incomeBeforeTax": -9363953, "incomeTaxExpense": 320573, "minorityInterest": -18818671, "netIncomeFromContinuingOps": -9684526, "discontinuedOperations": {}, "extraordinaryItems": {}, "effectOfAccountingCharges": {}, "otherItems": {}, "netIncome": -9684526, "netIncomeApplicableToCommonShares": -9684526}, {"maxAge": 1, "endDate": "2017-03-31", "totalRevenue": 66881864, "costOfRevenue": 46055522, "grossProfit": 20826342, "researchDevelopment": {}, "sellingGeneralAdministrative": 17666781, "nonRecurring": {}, "otherOperatingExpenses": 15720038, "totalOperatingExpenses": 81242664, "operatingIncome": -14360800, "totalOtherIncomeExpenseNet": 19459539, "ebit": -14360800, "interestExpense": -3279282, "incomeBeforeTax": 5098739, "incomeTaxExpense": 2323928, "minorityInterest": -18818671, "netIncomeFromContinuingOps": 2774811, "discontinuedOperations": {}, "extraordinaryItems": {}, "effectOfAccountingCharges": {}, "otherItems": {}, "netIncome": 2774811, "netIncomeApplicableToCommonShares": 2774811}], "maxAge": 86400}, "fundOwnership": {"maxAge": 1, "ownershipList": []}, "summaryDetail": {"maxAge": 1, "priceHint": 2, "previousClose": 71.35, "open": 73.8, "dayLow": 72.5, "dayHigh": 74.6, "regularMarketPreviousClose": 71.35, "regularMarketOpen": 73.8, "regularMarketDayLow": 72.5, "regularMarketDayHigh": 74.6, "volume": 1621, "regularMarketVolume": 1621, "averageVolume": 6646, "averageVolume10days": 1321, "averageDailyVolume10Day": 1321, "bid": 72.1, "ask": 73.0, "bidSize": 0, "askSize": 0, "marketCap": 341174976, "fiftyTwoWeekLow": 25.7, "fiftyTwoWeekHigh": 116.5, "fiftyDayAverage": 102.38529, "twoHundredDayAverage": 67.7837, "currency": "INR", "fromCurrency": null, "toCurrency": null, "lastMarket": null, "algorithm": null, "tradeable": false}, "incomeStatementHistoryQuarterly": {"incomeStatementHistory": [{"maxAge": 1, "endDate": "2020-06-30", "totalRevenue": 69378000, "costOfRevenue": 45749000, "grossProfit": 23629000, "researchDevelopment": {}, "sellingGeneralAdministrative": 8282000, "nonRecurring": {}, "otherOperatingExpenses": 4771000, "totalOperatingExpenses": 59404000, "operatingIncome": 9974000, "totalOtherIncomeExpenseNet": -581000, "ebit": 9974000, "interestExpense": -759000, "incomeBeforeTax": 9393000, "incomeTaxExpense": 0, "minorityInterest": {}, "netIncomeFromContinuingOps": 9393000, "discontinuedOperations": {}, "extraordinaryItems": {}, "effectOfAccountingCharges": {}, "otherItems": {}, "netIncome": 9393000, "netIncomeApplicableToCommonShares": 9393000}, {"maxAge": 1, "endDate": "2020-03-31", "totalRevenue": 57437625, "costOfRevenue": 46387671, "grossProfit": 11049954, "researchDevelopment": {}, "sellingGeneralAdministrative": 10368803, "nonRecurring": {}, "otherOperatingExpenses": 19252773, "totalOperatingExpenses": 77750863, "operatingIncome": -20313238, "totalOtherIncomeExpenseNet": -4091510, "ebit": -20313238, "interestExpense": -2809302, "incomeBeforeTax": -24404748, "incomeTaxExpense": -1457968, "minorityInterest": -18818671, "netIncomeFromContinuingOps": -22946780, "discontinuedOperations": {}, "extraordinaryItems": {}, "effectOfAccountingCharges": {}, "otherItems": {}, "netIncome": -22946780, "netIncomeApplicableToCommonShares": -22946780}, {"maxAge": 1, "endDate": "2019-12-31", "totalRevenue": 9430000, "costOfRevenue": 7510000, "grossProfit": 1920000, "researchDevelopment": {}, "sellingGeneralAdministrative": 2720000, "nonRecurring": {}, "otherOperatingExpenses": 2450000, "totalOperatingExpenses": 13190000, "operatingIncome": -3760000, "totalOtherIncomeExpenseNet": 260000, "ebit": -3760000, "interestExpense": -400000, "incomeBeforeTax": -3500000, "incomeTaxExpense": -910000, "minorityInterest": -18818671, "netIncomeFromContinuingOps": -2590000, "discontinuedOperations": {}, "extraordinaryItems": {}, "effectOfAccountingCharges": {}, "otherItems": {}, "netIncome": -2590000, "netIncomeApplicableToCommonShares": -2590000}, {"maxAge": 1, "endDate": "2019-09-30", "totalRevenue": 11445000, "costOfRevenue": 8335000, "grossProfit": 3110000, "researchDevelopment": {}, "sellingGeneralAdministrative": 3878000, "nonRecurring": {}, "otherOperatingExpenses": 3042000, "totalOperatingExpenses": 15598000, "operatingIncome": -4153000, "totalOtherIncomeExpenseNet": 447000, "ebit": -4153000, "interestExpense": -293000, "incomeBeforeTax": -3706000, "incomeTaxExpense": -963000, "minorityInterest": -18818671, "netIncomeFromContinuingOps": -2743000, "discontinuedOperations": {}, "extraordinaryItems": {}, "effectOfAccountingCharges": {}, "otherItems": {}, "netIncome": -2743000, "netIncomeApplicableToCommonShares": -2743000}], "maxAge": 86400}, "cashflowStatementHistoryQuarterly": {"cashflowStatements": [{"maxAge": 1, "endDate": "2020-06-30", "netIncome": 9393000, "changeToLiabilities": 0}, {"maxAge": 1, "endDate": "2020-03-31", "netIncome": -22946780, "changeToLiabilities": 0}, {"maxAge": 1, "endDate": "2019-12-31", "netIncome": -2590000, "changeToLiabilities": 0}, {"maxAge": 1, "endDate": "2019-09-30", "netIncome": -2743000, "changeToLiabilities": 0}], "maxAge": 86400}, "insiderHolders": {"holders": [{"maxAge": 1, "name": "Ahuja (Sandeep)", "relation": "UNREPORTED", "url": "", "transactionDescription": "Acquisition", "latestTransDate": "2020-07-05", "positionDirect": 45000, "positionDirectDate": "2020-07-05"}, {"maxAge": 1, "name": "J B Advani & Company Pvt Ltd", "relation": "Promoter", "url": "", "transactionDescription": "Other", "latestTransDate": "2019-03-28", "positionDirect": 1134544, "positionDirectDate": "2019-03-28"}, {"maxAge": 1, "name": "Lalvani (Deep Ashda)", "relation": "UNREPORTED", "url": "", "transactionDescription": "Acquisition", "latestTransDate": "2020-07-05", "positionDirect": 473060, "positionDirectDate": "2020-07-05"}, {"maxAge": 1, "name": "Lalvani (Reshma Ashda)", "relation": "Promoter", "url": "", "transactionDescription": "Other", "latestTransDate": "2019-03-28", "positionDirect": 30150, "positionDirectDate": "2019-03-28"}, {"maxAge": 1, "name": "Lalvani (Vimla Ashda)", "relation": "UNREPORTED", "url": "", "transactionDescription": "Other", "latestTransDate": "2020-02-10", "positionDirect": 121928, "positionDirectDate": "2020-02-10"}, {"maxAge": 1, "name": "Venugopal (Chinglepat Kothadaram)", "relation": "UNREPORTED", "url": "", "transactionDescription": "Other", "latestTransDate": "2020-02-10", "positionDirect": 41400, "positionDirectDate": "2020-02-10"}], "maxAge": 1}, "calendarEvents": {"maxAge": 1, "earnings": {"earningsDate": ["2020-08-13 05:30:S"]}}, "price": {"maxAge": 1, "regularMarketChangePercent": 0.02312546, "regularMarketChange": 1.6500015, "regularMarketTime": "2021-04-30 15:25:30", "priceHint": 2, "regularMarketPrice": 73.0, "regularMarketDayHigh": 74.6, "regularMarketDayLow": 72.5, "regularMarketVolume": 1621, "averageDailyVolume10Day": 1321, "averageDailyVolume3Month": 6646, "regularMarketPreviousClose": 71.35, "regularMarketSource": "FREE_REALTIME", "regularMarketOpen": 73.8, "exchange": "BSE", "exchangeName": "BSE", "exchangeDataDelayedBy": 0, "marketState": "CLOSED", "quoteType": "EQUITY", "symbol": "ADORMUL.BO", "underlyingSymbol": null, "shortName": "ADOR MULTIPRODUCTS LTD.", "longName": "Ador Multiproducts Limited", "currency": "INR", "quoteSourceName": "Delayed Quote", "currencySymbol": "\u20b9", "fromCurrency": null, "toCurrency": null, "lastMarket": null, "marketCap": 341174976}, "balanceSheetHistory": {"balanceSheetStatements": [{"maxAge": 1, "endDate": "2020-03-31", "cash": 10274780, "shortTermInvestments": 1720954, "netReceivables": 27857194, "inventory": 39434736, "otherCurrentAssets": 11932801, "totalCurrentAssets": 91883669, "longTermInvestments": 1313507, "propertyPlantEquipment": 25522521, "goodWill": 42080517, "intangibleAssets": 104763, "otherAssets": 9116820, "deferredLongTermAssetCharges": 8165446, "totalAssets": 170021797, "accountsPayable": 36769864, "otherCurrentLiab": 29430940, "otherLiab": 3951051, "minorityInterest": -18818671, "totalCurrentLiabilities": 106566267, "totalLiab": 110517318, "commonStock": 39636330, "retainedEarnings": -10124890, "treasuryStock": 1809033, "capitalSurplus": 47002677, "otherStockholderEquity": 1809033, "totalStockholderEquity": 78323150, "netTangibleAssets": 36137870}, {"maxAge": 1, "endDate": "2019-03-31", "cash": 3067769, "shortTermInvestments": 3007254, "netReceivables": 13806195, "inventory": 11956870, "otherCurrentAssets": 3261111, "totalCurrentAssets": 35421489, "longTermInvestments": 30014175, "propertyPlantEquipment": 21963226, "totalAssets": 87398890, "accountsPayable": 13836758, "otherCurrentLiab": 3171694, "otherLiab": 6562547, "totalCurrentLiabilities": 25887766, "totalLiab": 32450313, "commonStock": 37581780, "retainedEarnings": -23123491, "treasuryStock": 267626, "capitalSurplus": 40222662, "otherStockholderEquity": 267626, "totalStockholderEquity": 54948577, "netTangibleAssets": 54948577}, {"maxAge": 1, "endDate": "2018-03-31", "cash": 3480780, "shortTermInvestments": 2648653, "netReceivables": 16722352, "inventory": 8865243, "otherCurrentAssets": 3289505, "totalCurrentAssets": 35463518, "longTermInvestments": 13997736, "propertyPlantEquipment": 12861249, "intangibleAssets": 14356, "deferredLongTermAssetCharges": -2677617, "totalAssets": 62336859, "accountsPayable": 8683953, "otherCurrentLiab": 4484980, "otherLiab": 5625247, "totalCurrentLiabilities": 18693538, "totalLiab": 24318785, "commonStock": 28641780, "retainedEarnings": -5666119, "treasuryStock": 81750, "capitalSurplus": 14960663, "otherStockholderEquity": 81750, "totalStockholderEquity": 38018074, "netTangibleAssets": 38003718}, {"maxAge": 1, "endDate": "2017-03-31", "cash": 4005332, "shortTermInvestments": 419255, "netReceivables": 12573076, "inventory": 12626007, "otherCurrentAssets": 2299133, "totalCurrentAssets": 32532262, "longTermInvestments": 13668672, "propertyPlantEquipment": 52731857, "intangibleAssets": 624598, "otherAssets": -2789957, "deferredLongTermAssetCharges": -2942189, "totalAssets": 96767432, "accountsPayable": 10118879, "otherCurrentLiab": 4845902, "otherLiab": 653428, "totalCurrentLiabilities": 42115818, "totalLiab": 42769246, "commonStock": 28641780, "retainedEarnings": 10395744, "capitalSurplus": 14960662, "totalStockholderEquity": 53998186, "netTangibleAssets": 53373588}], "maxAge": 86400}, "financialData": {"maxAge": 86400, "currentPrice": 73.0, "recommendationKey": "none", "grossProfits": 23658954, "financialCurrency": "INR"}}}