{"ADORWELD.BO": {"recommendationTrend": {"trend": [{"period": "0m", "strongBuy": 0, "buy": 0, "hold": 0, "sell": 0, "strongSell": 0}, {"period": "-1m", "strongBuy": 0, "buy": 0, "hold": 0, "sell": 0, "strongSell": 0}, {"period": "-2m", "strongBuy": 0, "buy": 0, "hold": 0, "sell": 0, "strongSell": 0}, {"period": "-3m", "strongBuy": 0, "buy": 0, "hold": 0, "sell": 0, "strongSell": 0}], "maxAge": 86400}, "cashflowStatementHistory": {"cashflowStatements": [{"maxAge": 1, "endDate": "2020-03-31", "netIncome": 287700000, "depreciation": 101200000, "changeToNetincome": 73300000, "changeToAccountReceivables": -507600000, "changeToLiabilities": -61800000, "changeToInventory": -106200000, "changeToOperatingActivities": 343700000, "totalCashFromOperatingActivities": 136600000, "capitalExpenditures": -219800000, "investments": -5900000, "otherCashflowsFromInvestingActivities": 4100000, "totalCashflowsFromInvestingActivities": -220600000, "dividendsPaid": -176800000, "netBorrowings": 166800000, "otherCashflowsFromFinancingActivities": -122300000, "totalCashFromFinancingActivities": -132300000, "changeInCash": -216300000}, {"maxAge": 1, "endDate": "2019-03-31", "netIncome": 245400000, "depreciation": 91400000, "changeToNetincome": 87600000, "changeToAccountReceivables": 51400000, "changeToLiabilities": -87200000, "changeToInventory": 25300000, "changeToOperatingActivities": 216600000, "totalCashFromOperatingActivities": 635900000, "capitalExpenditures": -191500000, "investments": -11000000, "otherCashflowsFromInvestingActivities": 5600000, "totalCashflowsFromInvestingActivities": -194800000, "dividendsPaid": -68000000, "netBorrowings": -163300000, "otherCashflowsFromFinancingActivities": -103300000, "totalCashFromFinancingActivities": -334600000, "changeInCash": 106500000}, {"maxAge": 1, "endDate": "2018-03-31", "netIncome": 184100000, "depreciation": 98500000, "changeToNetincome": 33400000, "changeToAccountReceivables": -152600000, "changeToLiabilities": 21300000, "changeToInventory": -68200000, "changeToOperatingActivities": -487900000, "totalCashFromOperatingActivities": -368200000, "capitalExpenditures": -89200000, "investments": 86000000, "otherCashflowsFromInvestingActivities": 4900000, "totalCashflowsFromInvestingActivities": 2800000, "dividendsPaid": -68000000, "netBorrowings": 456800000, "otherCashflowsFromFinancingActivities": -64300000, "totalCashFromFinancingActivities": 324500000, "changeInCash": -40900000}, {"maxAge": 1, "endDate": "2017-03-31", "netIncome": 178500000, "depreciation": 109000000, "changeToNetincome": -34700000, "changeToAccountReceivables": 426100000, "changeToLiabilities": -44500000, "changeToInventory": -44700000, "changeToOperatingActivities": -592400000, "totalCashFromOperatingActivities": 1800000, "capitalExpenditures": -164700000, "investments": 39200000, "otherCashflowsFromInvestingActivities": 7300000, "totalCashflowsFromInvestingActivities": -116100000, "dividendsPaid": -68000000, "netBorrowings": 279700000, "otherCashflowsFromFinancingActivities": -24000000, "totalCashFromFinancingActivities": 187700000, "changeInCash": 73400000}], "maxAge": 86400}, "institutionOwnership": {"maxAge": 1, "ownershipList": []}, "balanceSheetHistoryQuarterly": {"balanceSheetStatements": [{"maxAge": 1, "endDate": "2020-06-30", "totalStockholderEquity": 2673800000, "netTangibleAssets": 2664500000}, {"maxAge": 1, "endDate": "2020-03-31", "cash": 51800000, "shortTermInvestments": 5600000, "netReceivables": 1992700000, "inventory": 622100000, "otherCurrentAssets": 179200000, "totalCurrentAssets": 2896800000, "propertyPlantEquipment": 1174600000, "intangibleAssets": 9300000, "otherAssets": 373600000, "totalAssets": 4454300000, "accountsPayable": 608200000, "otherCurrentLiab": 100200000, "otherLiab": 99800000, "totalCurrentLiabilities": 1669400000, "totalLiab": 1780500000, "commonStock": 136000000, "retainedEarnings": 2515500000, "treasuryStock": 22300000, "otherStockholderEquity": 22300000, "totalStockholderEquity": 2673800000, "netTangibleAssets": 2664500000}, {"maxAge": 1, "endDate": "2019-12-31", "totalStockholderEquity": 2640500000, "netTangibleAssets": 2628100000}, {"maxAge": 1, "endDate": "2019-09-30", "cash": 146900000, "shortTermInvestments": 704200000, "netReceivables": 1055100000, "inventory": 568400000, "otherCurrentAssets": 283600000, "totalCurrentAssets": 2758200000, "longTermInvestments": 54700000, "propertyPlantEquipment": 1107600000, "intangibleAssets": 12400000, "otherAssets": 335300000, "totalAssets": 4268200000, "accountsPayable": 512900000, "otherCurrentLiab": 218200000, "otherLiab": 105700000, "totalCurrentLiabilities": 1522000000, "totalLiab": 1627700000, "commonStock": 136000000, "treasuryStock": 2504500000, "otherStockholderEquity": 2504500000, "totalStockholderEquity": 2640500000, "netTangibleAssets": 2628100000}], "maxAge": 86400}, "earningsHistory": {"history": [{"maxAge": 1, "epsActual": {}, "epsEstimate": {}, "epsDifference": {}, "surprisePercent": {}, "quarter": {}, "period": "-4q"}, {"maxAge": 1, "epsActual": {}, "epsEstimate": {}, "epsDifference": {}, "surprisePercent": {}, "quarter": {}, "period": "-3q"}, {"maxAge": 1, "epsActual": {}, "epsEstimate": {}, "epsDifference": {}, "surprisePercent": {}, "quarter": {}, "period": "-2q"}, {"maxAge": 1, "epsActual": -0.04, "epsEstimate": 4.29, "epsDifference": -4.33, "surprisePercent": -1.0090001, "quarter": "2017-06-30", "period": "-1q"}], "maxAge": 86400}, "indexTrend": {"maxAge": 1, "symbol": "SP5", "peRatio": 19.7411, "pegRatio": 1.34172, "estimates": [{"period": "0q", "growth": 0.549}, {"period": "+1q", "growth": 0.431}, {"period": "0y", "growth": 0.305}, {"period": "+1y", "growth": 0.109}, {"period": "+5y", "growth": 0.120865}, {"period": "-5y"}]}, "industryTrend": {"maxAge": 1, "symbol": null, "estimates": []}, "insiderTransactions": {"transactions": [{"maxAge": 1, "shares": 4336, "filerUrl": "", "transactionText": "", "filerName": "Malkani (Rajbir Tarachand)", "filerRelation": "UNREPORTED", "moneyText": "", "startDate": "2020-03-17", "ownership": "D"}, {"maxAge": 1, "shares": 56400, "filerUrl": "", "transactionText": "", "filerName": "Malkani (Gulshan Gulu)", "filerRelation": "UNREPORTED", "moneyText": "", "startDate": "2019-03-15", "ownership": "D"}], "maxAge": 1}, "quoteType": {"exchange": "BSE", "quoteType": "EQUITY", "symbol": "ADORWELD.BO", "underlyingSymbol": "ADORWELD.BO", "shortName": "ADOR WELDING LTD.", "longName": "Ador Welding Limited", "firstTradeDateEpochUtc": "2000-01-03 09:15:00", "timeZoneFullName": "Asia/Kolkata", "timeZoneShortName": "IST", "uuid": "f28336c2-4e64-344f-807b-fe8e490d6b19", "messageBoardId": null, "gmtOffSetMilliseconds": 19800000, "maxAge": 1}, "incomeStatementHistory": {"incomeStatementHistory": [{"maxAge": 1, "endDate": "2020-03-31", "totalRevenue": 5265400000, "costOfRevenue": 3689000000, "grossProfit": 1576400000, "researchDevelopment": {}, "sellingGeneralAdministrative": 444000000, "nonRecurring": {}, "otherOperatingExpenses": 662400000, "totalOperatingExpenses": 4906500000, "operatingIncome": 358900000, "totalOtherIncomeExpenseNet": -21700000, "ebit": 358900000, "interestExpense": -82400000, "incomeBeforeTax": 337200000, "incomeTaxExpense": 49500000, "minorityInterest": {}, "netIncomeFromContinuingOps": 287700000, "discontinuedOperations": {}, "extraordinaryItems": {}, "effectOfAccountingCharges": {}, "otherItems": {}, "netIncome": 287700000, "netIncomeApplicableToCommonShares": 287700000}, {"maxAge": 1, "endDate": "2019-03-31", "totalRevenue": 5132800000, "costOfRevenue": 3648500000, "grossProfit": 1484300000, "researchDevelopment": {}, "sellingGeneralAdministrative": 434000000, "nonRecurring": {}, "otherOperatingExpenses": 581800000, "totalOperatingExpenses": 4764000000, "operatingIncome": 368800000, "totalOtherIncomeExpenseNet": -13600000, "ebit": 368800000, "interestExpense": -85500000, "incomeBeforeTax": 355200000, "incomeTaxExpense": 109800000, "minorityInterest": {}, "netIncomeFromContinuingOps": 245400000, "discontinuedOperations": {}, "extraordinaryItems": {}, "effectOfAccountingCharges": {}, "otherItems": {}, "netIncome": 245400000, "netIncomeApplicableToCommonShares": 245400000}, {"maxAge": 1, "endDate": "2018-03-31", "totalRevenue": 4583300000, "costOfRevenue": 3291600000, "grossProfit": 1291700000, "researchDevelopment": {}, "sellingGeneralAdministrative": 406500000, "nonRecurring": {}, "otherOperatingExpenses": 495500000, "totalOperatingExpenses": 4298200000, "operatingIncome": 285100000, "totalOtherIncomeExpenseNet": -4100000, "ebit": 285100000, "interestExpense": -800000, "incomeBeforeTax": 281000000, "incomeTaxExpense": 96900000, "minorityInterest": {}, "netIncomeFromContinuingOps": 184100000, "discontinuedOperations": {}, "extraordinaryItems": {}, "effectOfAccountingCharges": {}, "otherItems": {}, "netIncome": 184100000, "netIncomeApplicableToCommonShares": 184100000}, {"maxAge": 1, "endDate": "2017-03-31", "totalRevenue": 4423700000, "costOfRevenue": 3143700000, "grossProfit": 1280000000, "researchDevelopment": {}, "sellingGeneralAdministrative": 417500000, "nonRecurring": {}, "otherOperatingExpenses": 516200000, "totalOperatingExpenses": 4191700000, "operatingIncome": 232000000, "totalOtherIncomeExpenseNet": 36900000, "ebit": 232000000, "interestExpense": -5500000, "incomeBeforeTax": 268900000, "incomeTaxExpense": 90400000, "minorityInterest": {}, "netIncomeFromContinuingOps": 178500000, "discontinuedOperations": {}, "extraordinaryItems": {}, "effectOfAccountingCharges": {}, "otherItems": {}, "netIncome": 178500000, "netIncomeApplicableToCommonShares": 178500000}], "maxAge": 86400}, "fundOwnership": {"maxAge": 1, "ownershipList": []}, "summaryDetail": {"maxAge": 1, "priceHint": 2, "previousClose": 363.8, "open": 361.8, "dayLow": 359.25, "dayHigh": 389.0, "regularMarketPreviousClose": 363.8, "regularMarketOpen": 361.8, "regularMarketDayLow": 359.25, "regularMarketDayHigh": 389.0, "trailingPE": 21.26344, "forwardPE": 22.19186, "volume": 6695, "regularMarketVolume": 6695, "averageVolume": 5879, "averageVolume10days": 8050, "averageDailyVolume10Day": 8050, "bid": 380.75, "ask": 381.75, "bidSize": 0, "askSize": 0, "marketCap": 5190547456, "fiftyTwoWeekLow": 163.15, "fiftyTwoWeekHigh": 389.0, "fiftyDayAverage": 294.8443, "twoHundredDayAverage": 266.70218, "trailingAnnualDividendRate": 6.5, "trailingAnnualDividendYield": 0.01786696, "currency": "INR", "fromCurrency": null, "toCurrency": null, "lastMarket": null, "algorithm": null, "tradeable": false}, "sectorTrend": {"maxAge": 1, "symbol": null, "estimates": []}, "incomeStatementHistoryQuarterly": {"incomeStatementHistory": [{"maxAge": 1, "endDate": "2020-06-30", "totalRevenue": 549100000, "costOfRevenue": 369400000, "grossProfit": 179700000, "researchDevelopment": {}, "sellingGeneralAdministrative": 80700000, "nonRecurring": {}, "otherOperatingExpenses": 73500000, "totalOperatingExpenses": 552000000, "operatingIncome": -2900000, "totalOtherIncomeExpenseNet": 5000000, "ebit": -2900000, "interestExpense": -21500000, "incomeBeforeTax": 2100000, "incomeTaxExpense": -400000, "minorityInterest": {}, "netIncomeFromContinuingOps": 2500000, "discontinuedOperations": {}, "extraordinaryItems": {}, "effectOfAccountingCharges": {}, "otherItems": {}, "netIncome": 2500000, "netIncomeApplicableToCommonShares": 2500000}, {"maxAge": 1, "endDate": "2020-03-31", "totalRevenue": 1399000000, "costOfRevenue": 1021500000, "grossProfit": 377500000, "researchDevelopment": {}, "sellingGeneralAdministrative": 112500000, "nonRecurring": {}, "otherOperatingExpenses": 118300000, "totalOperatingExpenses": 1284500000, "operatingIncome": 114500000, "totalOtherIncomeExpenseNet": -41900000, "ebit": 114500000, "interestExpense": -17900000, "incomeBeforeTax": 72600000, "incomeTaxExpense": 3800000, "minorityInterest": {}, "netIncomeFromContinuingOps": 68800000, "discontinuedOperations": {}, "extraordinaryItems": {}, "effectOfAccountingCharges": {}, "otherItems": {}, "netIncome": 68800000, "netIncomeApplicableToCommonShares": 68800000}, {"maxAge": 1, "endDate": "2019-12-31", "totalRevenue": 1279100000, "costOfRevenue": 861400000, "grossProfit": 417700000, "researchDevelopment": {}, "sellingGeneralAdministrative": 117100000, "nonRecurring": {}, "otherOperatingExpenses": 180200000, "totalOperatingExpenses": 1185700000, "operatingIncome": 93400000, "totalOtherIncomeExpenseNet": 3600000, "ebit": 93400000, "interestExpense": -22300000, "incomeBeforeTax": 97000000, "incomeTaxExpense": 26800000, "minorityInterest": {}, "netIncomeFromContinuingOps": 70200000, "discontinuedOperations": {}, "extraordinaryItems": {}, "effectOfAccountingCharges": {}, "otherItems": {}, "netIncome": 70200000, "netIncomeApplicableToCommonShares": 70200000}, {"maxAge": 1, "endDate": "2019-09-30", "totalRevenue": 1288600000, "costOfRevenue": 883000000, "grossProfit": 405600000, "researchDevelopment": {}, "sellingGeneralAdministrative": 105300000, "nonRecurring": {}, "otherOperatingExpenses": 191500000, "totalOperatingExpenses": 1206000000, "operatingIncome": 82600000, "totalOtherIncomeExpenseNet": 8800000, "ebit": 82600000, "interestExpense": -22200000, "incomeBeforeTax": 91400000, "incomeTaxExpense": -12500000, "minorityInterest": {}, "netIncomeFromContinuingOps": 103900000, "discontinuedOperations": {}, "extraordinaryItems": {}, "effectOfAccountingCharges": {}, "otherItems": {}, "netIncome": 103900000, "netIncomeApplicableToCommonShares": 103900000}], "maxAge": 86400}, "cashflowStatementHistoryQuarterly": {"cashflowStatements": [{"maxAge": 1, "endDate": "2020-06-30", "netIncome": 2500000, "changeToLiabilities": 0}, {"maxAge": 1, "endDate": "2020-03-31", "netIncome": 68800000, "changeToLiabilities": 0}, {"maxAge": 1, "endDate": "2019-12-31", "netIncome": 70200000, "changeToLiabilities": 0}, {"maxAge": 1, "endDate": "2019-09-30", "netIncome": 103900000, "changeToLiabilities": 0}], "maxAge": 86400}, "insiderHolders": {"holders": [{"maxAge": 1, "name": "Malkani (Gulshan Gulu)", "relation": "UNREPORTED", "url": "", "transactionDescription": "Other", "latestTransDate": "2019-03-15", "positionDirect": 111900, "positionDirectDate": "2019-03-15"}, {"maxAge": 1, "name": "Malkani (Rajbir Tarachand)", "relation": "UNREPORTED", "url": "", "transactionDescription": "Acquisition", "latestTransDate": "2020-03-17", "positionDirect": 60507, "positionDirectDate": "2020-03-17"}], "maxAge": 1}, "earnings": {"maxAge": 86400, "earningsChart": {"quarterly": [{"date": "2Q2017", "actual": -0.04, "estimate": 4.29}], "currentQuarterEstimateDate": "3Q", "currentQuarterEstimateYear": 2017, "earningsDate": []}, "financialsChart": {"yearly": [{"date": 2017, "revenue": 4423700000, "earnings": 178500000}, {"date": 2018, "revenue": 4583300000, "earnings": 184100000}, {"date": 2019, "revenue": 5132800000, "earnings": 245400000}, {"date": 2020, "revenue": 5265400000, "earnings": 287700000}], "quarterly": [{"date": "3Q2019", "revenue": 1288600000, "earnings": 103900000}, {"date": "4Q2019", "revenue": 1279100000, "earnings": 70200000}, {"date": "1Q2020", "revenue": 1399000000, "earnings": 68800000}, {"date": "2Q2020", "revenue": 549100000, "earnings": 2500000}]}, "financialCurrency": "INR"}, "calendarEvents": {"maxAge": 1, "earnings": {"earningsDate": [], "revenueLow": 1120000000, "revenueHigh": 1120000000}}, "price": {"maxAge": 1, "regularMarketChangePercent": 0.04920293, "regularMarketChange": 17.900024, "regularMarketTime": "2021-04-30 15:29:56", "priceHint": 2, "regularMarketPrice": 381.7, "regularMarketDayHigh": 389.0, "regularMarketDayLow": 359.25, "regularMarketVolume": 6695, "averageDailyVolume10Day": 8050, "averageDailyVolume3Month": 5879, "regularMarketPreviousClose": 363.8, "regularMarketSource": "FREE_REALTIME", "regularMarketOpen": 361.8, "exchange": "BSE", "exchangeName": "BSE", "exchangeDataDelayedBy": 0, "marketState": "CLOSED", "quoteType": "EQUITY", "symbol": "ADORWELD.BO", "underlyingSymbol": null, "shortName": "ADOR WELDING LTD.", "longName": "Ador Welding Limited", "currency": "INR", "quoteSourceName": "Delayed Quote", "currencySymbol": "\u20b9", "fromCurrency": null, "toCurrency": null, "lastMarket": null, "marketCap": 5190547456}, "balanceSheetHistory": {"balanceSheetStatements": [{"maxAge": 1, "endDate": "2020-03-31", "cash": 51800000, "shortTermInvestments": 5600000, "netReceivables": 1992700000, "inventory": 622100000, "otherCurrentAssets": 179200000, "totalCurrentAssets": 2896800000, "propertyPlantEquipment": 1174600000, "intangibleAssets": 9300000, "otherAssets": 373600000, "totalAssets": 4454300000, "accountsPayable": 608200000, "otherCurrentLiab": 100200000, "otherLiab": 99800000, "totalCurrentLiabilities": 1669400000, "totalLiab": 1780500000, "commonStock": 136000000, "retainedEarnings": 2515500000, "treasuryStock": 22300000, "otherStockholderEquity": 22300000, "totalStockholderEquity": 2673800000, "netTangibleAssets": 2664500000}, {"maxAge": 1, "endDate": "2019-03-31", "cash": 268100000, "shortTermInvestments": 5600000, "netReceivables": 1893700000, "inventory": 515900000, "otherCurrentAssets": 70700000, "totalCurrentAssets": 2804500000, "propertyPlantEquipment": 1073600000, "intangibleAssets": 12600000, "otherAssets": 400200000, "totalAssets": 4290900000, "accountsPayable": 668900000, "otherCurrentLiab": 139700000, "otherLiab": 119400000, "totalCurrentLiabilities": 1557500000, "totalLiab": 1676900000, "commonStock": 136000000, "retainedEarnings": 2455700000, "treasuryStock": 22300000, "otherStockholderEquity": 22300000, "totalStockholderEquity": 2614000000, "netTangibleAssets": 2601400000}, {"maxAge": 1, "endDate": "2018-03-31", "cash": 161600000, "shortTermInvestments": 600000, "netReceivables": 2101900000, "inventory": 538400000, "otherCurrentAssets": 98000000, "totalCurrentAssets": 2935700000, "propertyPlantEquipment": 950600000, "intangibleAssets": 6900000, "otherAssets": 388100000, "totalAssets": 4281300000, "accountsPayable": 750100000, "otherCurrentLiab": 94100000, "otherLiab": 107100000, "totalCurrentLiabilities": 1724000000, "totalLiab": 1831100000, "commonStock": 136000000, "retainedEarnings": 2291900000, "treasuryStock": 22300000, "otherStockholderEquity": 22300000, "totalStockholderEquity": 2450200000, "netTangibleAssets": 2443300000}, {"maxAge": 1, "endDate": "2017-03-31", "cash": 202500000, "shortTermInvestments": 500000, "netReceivables": 1530000000, "inventory": 477500000, "otherCurrentAssets": 93800000, "totalCurrentAssets": 2420800000, "propertyPlantEquipment": 968700000, "intangibleAssets": 7800000, "otherAssets": 381500000, "totalAssets": 3778800000, "accountsPayable": 729300000, "otherCurrentLiab": 122100000, "otherLiab": 98600000, "totalCurrentLiabilities": 1331600000, "totalLiab": 1430200000, "commonStock": 136000000, "retainedEarnings": 2190300000, "treasuryStock": 22300000, "otherStockholderEquity": 22300000, "totalStockholderEquity": 2348600000, "netTangibleAssets": 2340800000}], "maxAge": 86400}, "earningsTrend": {"trend": [{"maxAge": 1, "period": "0q", "endDate": "2017-09-30", "growth": {}, "earningsEstimate": {"avg": 0.0, "low": 0.0, "high": 0.0, "yearAgoEps": {}, "numberOfAnalysts": 0, "growth": {}}, "revenueEstimate": {"avg": 0, "low": 1120000000, "high": 1120000000, "numberOfAnalysts": 1, "yearAgoRevenue": {}, "growth": {}}, "epsTrend": {"current": 0.0, "7daysAgo": 0.0, "30daysAgo": 0.0, "60daysAgo": 0.0, "90daysAgo": 0.0}, "epsRevisions": {"upLast7days": 0, "upLast30days": 0, "downLast30days": 0, "downLast90days": {}}}, {"maxAge": 1, "period": "+1q", "endDate": "2017-12-31", "growth": {}, "earningsEstimate": {"avg": 0.0, "low": 0.0, "high": 0.0, "yearAgoEps": {}, "numberOfAnalysts": 0, "growth": {}}, "revenueEstimate": {"avg": 0, "low": 1028000000, "high": 1028000000, "numberOfAnalysts": 1, "yearAgoRevenue": {}, "growth": {}}, "epsTrend": {"current": 0.0, "7daysAgo": 0.0, "30daysAgo": 0.0, "60daysAgo": 0.0, "90daysAgo": 0.0}, "epsRevisions": {"upLast7days": 0, "upLast30days": 0, "downLast30days": 0, "downLast90days": {}}}, {"maxAge": 1, "period": "0y", "endDate": "2018-03-31", "growth": {}, "earningsEstimate": {"avg": 0.0, "low": 0.0, "high": 0.0, "yearAgoEps": {}, "numberOfAnalysts": 0, "growth": {}}, "revenueEstimate": {"avg": 0, "low": 4758160000, "high": 4758160000, "numberOfAnalysts": 1, "yearAgoRevenue": {}, "growth": {}}, "epsTrend": {"current": 0.0, "7daysAgo": 14.74, "30daysAgo": 14.74, "60daysAgo": 14.74, "90daysAgo": 14.74}, "epsRevisions": {"upLast7days": 0, "upLast30days": 0, "downLast30days": 0, "downLast90days": {}}}, {"maxAge": 1, "period": "+1y", "endDate": "2019-03-31", "growth": {}, "earningsEstimate": {"avg": 0.0, "low": 0.0, "high": 0.0, "yearAgoEps": {}, "numberOfAnalysts": 0, "growth": {}}, "revenueEstimate": {"avg": 4915000000, "low": 4915000000, "high": 4915000000, "numberOfAnalysts": 1, "yearAgoRevenue": {}, "growth": {}}, "epsTrend": {"current": 0.0, "7daysAgo": 17.2, "30daysAgo": 17.2, "60daysAgo": 17.2, "90daysAgo": 17.2}, "epsRevisions": {"upLast7days": 0, "upLast30days": 0, "downLast30days": 0, "downLast90days": {}}}, {"maxAge": 1, "period": "+5y", "endDate": null, "growth": 0.16700001, "earningsEstimate": {"avg": {}, "low": {}, "high": {}, "yearAgoEps": {}, "numberOfAnalysts": {}, "growth": {}}, "revenueEstimate": {"avg": {}, "low": {}, "high": {}, "numberOfAnalysts": {}, "yearAgoRevenue": {}, "growth": {}}, "epsTrend": {"current": {}, "7daysAgo": {}, "30daysAgo": {}, "60daysAgo": {}, "90daysAgo": {}}, "epsRevisions": {"upLast7days": {}, "upLast30days": {}, "downLast30days": {}, "downLast90days": {}}}, {"maxAge": 1, "period": "-5y", "endDate": null, "growth": {}, "earningsEstimate": {"avg": {}, "low": {}, "high": {}, "yearAgoEps": {}, "numberOfAnalysts": {}, "growth": {}}, "revenueEstimate": {"avg": {}, "low": {}, "high": {}, "numberOfAnalysts": {}, "yearAgoRevenue": {}, "growth": {}}, "epsTrend": {"current": {}, "7daysAgo": {}, "30daysAgo": {}, "60daysAgo": {}, "90daysAgo": {}}, "epsRevisions": {"upLast7days": {}, "upLast30days": {}, "downLast30days": {}, "downLast90days": {}}}], "maxAge": 1}, "financialData": {"maxAge": 86400, "currentPrice": 381.7, "targetHighPrice": 517.0, "targetLowPrice": 517.0, "targetMeanPrice": 517.0, "targetMedianPrice": 517.0, "recommendationKey": "none", "numberOfAnalystOpinions": 1, "grossProfits": 1576400000, "financialCurrency": "INR"}}}