{"ADORWELD.NS": {"assetProfile": {"address1": "Ador House", "address2": "6, K. Dubash Marg Fort", "city": "Mumbai", "zip": "400001", "country": "India", "phone": "91 22 6623 9300", "fax": "91 22 2287 3083", "website": "http://www.adorwelding.com", "industry": "Specialty Industrial Machinery", "sector": "Industrials", "longBusinessSummary": "Ador Welding Limited manufactures and supplies welding and cutting consumables, power sources, and accessories in India and internationally. The company operates in two segments, Consumables, and Equipments and Project Engineering Business. It provides welding electrodes, including mild steel general purpose, mild steel special, low alloy high tensile, cellulosic, hard facing, stainless steel and heat resistant steel, cast iron, and non-ferrous electrodes; and continuous welding consumables products comprising submerged arc welding fluxes and wires, and flux cored arc welding products, as well as metal cored wire, gas metal arc welding (GMAW), and gas tungsten arc welding (GTAW) products. The company also offers welding and cutting equipment, such as air plasma cutting GTAW, submerged arc welding, GMAW, shielded metal arc welding, and resistance and spot welding equipment, as well as manual plasma cutting machines and welding accessories; gas cutting products, gas cutting-welding accessories, and personal protective equipment; and CNC cutting machines. In addition, it designs, engineers, fabricates, and supplies flare systems, process packages, process equipment, and furnaces/incinerators, as well as undertakes various EPC contracts. Further, the company provides welding automation products consisting of robotic systems, columns and booms, positioners, rotators, and special purpose machines; and offers skill development services. It serves pipeline, oil and gas, pharma, shipbuilding, railway, construction and infrastructure, nuclear energy, power, automotive, and defense sectors. The company was formerly known as Advani-Oerlikon Ltd. The company was founded in 1951 and is headquartered in Mumbai, India. Ador Welding Limited is a subsidiary of J. B. Advani & Company Private Limited.", "fullTimeEmployees": 560, "companyOfficers": [{"maxAge": 1, "name": "Ms. Ninotchka Malkani Nagpal", "age": 49, "title": "Exec. Chairman", "yearBorn": 1971, "fiscalYear": 2020, "totalPay": 12565000, "exercisedValue": 0, "unexercisedValue": 0}, {"maxAge": 1, "name": "Mr. Aditya Tarachand Malkani B.A., M.B.A., MBA", "age": 40, "title": "MD & Director", "yearBorn": 1980, "fiscalYear": 2020, "totalPay": 505000, "exercisedValue": 0, "unexercisedValue": 0}, {"maxAge": 1, "name": "Mr. Vinayak M. Bhide", "age": 51, "title": "Head of Corp. Admin., IA, KM & Legal, Compliance Officer and Company Sec.", "yearBorn": 1969, "exercisedValue": 0, "unexercisedValue": 0}, {"maxAge": 1, "name": "Mr. Deep Ashda Lalvani B.Com., M.B.A., MBA", "age": 39, "title": "Whole-time Director", "yearBorn": 1981, "fiscalYear": 2020, "totalPay": 5109000, "exercisedValue": 0, "unexercisedValue": 0}, {"maxAge": 1, "name": "Mr. Suryakant  Sethia", "age": 40, "title": "CFO and Deputy GM of Fin. & Accounts", "yearBorn": 1980, "exercisedValue": 0, "unexercisedValue": 0}, {"maxAge": 1, "name": "Mr. S. Ajay Kumar", "age": 55, "title": "Head of International Bus. & PEB Sales Operations", "yearBorn": 1965, "exercisedValue": 0, "unexercisedValue": 0}, {"maxAge": 1, "name": "Mr. Sunanda Kumar Palit", "age": 57, "title": "Head of Customer Care & Strategic Support to Equipment, WAPS & SGP", "yearBorn": 1963, "exercisedValue": 0, "unexercisedValue": 0}, {"maxAge": 1, "name": "Mr. Vineet  Bansal", "age": 51, "title": "Sales Head, Domestic Bus. & Bus. Head of AWAPL", "yearBorn": 1969, "exercisedValue": 0, "unexercisedValue": 0}, {"maxAge": 1, "name": "Ulhas  Pujari", "age": 47, "title": "Plant Head of Chinchwad", "yearBorn": 1973, "exercisedValue": 0, "unexercisedValue": 0}, {"maxAge": 1, "name": "Mr. Sachin H. Dobhada", "age": 53, "title": "Head of Technology Devel. Centre & Equipment- Quality", "yearBorn": 1967, "exercisedValue": 0, "unexercisedValue": 0}], "compensationAsOfEpochDate": "2020-12-31 05:30:00", "maxAge": 86400}, "cashflowStatementHistory": {"cashflowStatements": [{"maxAge": 1, "endDate": "2020-03-31", "netIncome": 287700000, "depreciation": 101200000, "changeToNetincome": 73300000, "changeToAccountReceivables": -507600000, "changeToLiabilities": -61800000, "changeToInventory": -106200000, "changeToOperatingActivities": 343700000, "totalCashFromOperatingActivities": 136600000, "capitalExpenditures": -219800000, "investments": -5900000, "otherCashflowsFromInvestingActivities": 4100000, "totalCashflowsFromInvestingActivities": -220600000, "dividendsPaid": -176800000, "netBorrowings": 166800000, "otherCashflowsFromFinancingActivities": -122300000, "totalCashFromFinancingActivities": -132300000, "changeInCash": -216300000}, {"maxAge": 1, "endDate": "2019-03-31", "netIncome": 245400000, "depreciation": 91400000, "changeToNetincome": 87600000, "changeToAccountReceivables": 51400000, "changeToLiabilities": -87200000, "changeToInventory": 25300000, "changeToOperatingActivities": 216600000, "totalCashFromOperatingActivities": 635900000, "capitalExpenditures": -191500000, "investments": -11000000, "otherCashflowsFromInvestingActivities": 5600000, "totalCashflowsFromInvestingActivities": -194800000, "dividendsPaid": -68000000, "netBorrowings": -163300000, "otherCashflowsFromFinancingActivities": -103300000, "totalCashFromFinancingActivities": -334600000, "changeInCash": 106500000}, {"maxAge": 1, "endDate": "2018-03-31", "netIncome": 184100000, "depreciation": 98500000, "changeToNetincome": 33400000, "changeToAccountReceivables": -152600000, "changeToLiabilities": 21300000, "changeToInventory": -68200000, "changeToOperatingActivities": -487900000, "totalCashFromOperatingActivities": -368200000, "capitalExpenditures": -89200000, "investments": 86000000, "otherCashflowsFromInvestingActivities": 4900000, "totalCashflowsFromInvestingActivities": 2800000, "dividendsPaid": -68000000, "netBorrowings": 456800000, "otherCashflowsFromFinancingActivities": -64300000, "totalCashFromFinancingActivities": 324500000, "changeInCash": -40900000}, {"maxAge": 1, "endDate": "2017-03-31", "netIncome": 178500000, "depreciation": 109000000, "changeToNetincome": -34700000, "changeToAccountReceivables": 426100000, "changeToLiabilities": -44500000, "changeToInventory": -44700000, "changeToOperatingActivities": -592400000, "totalCashFromOperatingActivities": 1800000, "capitalExpenditures": -164700000, "investments": 39200000, "otherCashflowsFromInvestingActivities": 7300000, "totalCashflowsFromInvestingActivities": -116100000, "dividendsPaid": -68000000, "netBorrowings": 279700000, "otherCashflowsFromFinancingActivities": -24000000, "totalCashFromFinancingActivities": 187700000, "changeInCash": 73400000}], "maxAge": 86400}, "institutionOwnership": {"maxAge": 1, "ownershipList": []}, "majorHoldersBreakdown": {"maxAge": 1, "insidersPercentHeld": 0.59610003, "institutionsPercentHeld": 0.14156, "institutionsFloatPercentHeld": 0.35047, "institutionsCount": 4}, "balanceSheetHistoryQuarterly": {"balanceSheetStatements": [{"maxAge": 1, "endDate": "2020-12-31", "totalStockholderEquity": 2416300000, "netTangibleAssets": 2408500000}, {"maxAge": 1, "endDate": "2020-09-30", "cash": 97800000, "shortTermInvestments": 386100000, "netReceivables": 1057800000, "inventory": 666200000, "otherCurrentAssets": 153500000, "totalCurrentAssets": 2361400000, "longTermInvestments": 70600000, "propertyPlantEquipment": 1148200000, "intangibleAssets": 7800000, "otherAssets": 420200000, "totalAssets": 4008200000, "accountsPayable": 790500000, "otherCurrentLiab": 245100000, "otherLiab": 65800000, "totalCurrentLiabilities": 1513300000, "totalLiab": 1591900000, "commonStock": 136000000, "treasuryStock": 2280300000, "otherStockholderEquity": 2280300000, "totalStockholderEquity": 2416300000, "netTangibleAssets": 2408500000}, {"maxAge": 1, "endDate": "2020-06-30", "totalStockholderEquity": 2673800000, "netTangibleAssets": 2664500000}, {"maxAge": 1, "endDate": "2020-03-31", "cash": 51800000, "shortTermInvestments": 5600000, "netReceivables": 1992700000, "inventory": 622100000, "otherCurrentAssets": 179200000, "totalCurrentAssets": 2896800000, "propertyPlantEquipment": 1174600000, "intangibleAssets": 9300000, "otherAssets": 373600000, "totalAssets": 4454300000, "accountsPayable": 608200000, "otherCurrentLiab": 100200000, "otherLiab": 99800000, "totalCurrentLiabilities": 1669400000, "totalLiab": 1780500000, "commonStock": 136000000, "retainedEarnings": 2515500000, "treasuryStock": 22300000, "otherStockholderEquity": 22300000, "totalStockholderEquity": 2673800000, "netTangibleAssets": 2664500000}], "maxAge": 86400}, "indexTrend": {"maxAge": 1, "symbol": "SP5", "peRatio": 19.7411, "pegRatio": 1.34172, "estimates": [{"period": "0q", "growth": 0.549}, {"period": "+1q", "growth": 0.431}, {"period": "0y", "growth": 0.305}, {"period": "+1y", "growth": 0.109}, {"period": "+5y", "growth": 0.120865}, {"period": "-5y"}]}, "defaultKeyStatistics": {"maxAge": 1, "priceHint": 2, "enterpriseValue": 4940507648, "profitMargins": 0.01525, "floatShares": 5429268, "sharesOutstanding": 13598500, "heldPercentInsiders": 0.59610003, "heldPercentInstitutions": 0.14156, "beta": 0.723618, "category": null, "bookValue": 177.795, "priceToBook": 2.1465733, "fundFamily": null, "legalType": null, "lastFiscalYearEnd": "2020-03-31 05:30:00", "nextFiscalYearEnd": "2022-03-31 05:30:00", "mostRecentQuarter": "2020-12-31 05:30:00", "earningsQuarterlyGrowth": -0.509, "netIncomeToCommon": 65000000, "trailingEps": 4.775, "lastSplitFactor": null, "enterpriseToRevenue": 1.159, "enterpriseToEbitda": 24.783, "52WeekChange": 0.6636878, "SandP52WeekChange": 0.48148263, "lastDividendValue": 6.5, "lastDividendDate": 1582761600}, "summaryProfile": {"address1": "Ador House", "address2": "6, K. Dubash Marg Fort", "city": "Mumbai", "zip": "400001", "country": "India", "phone": "91 22 6623 9300", "fax": "91 22 2287 3083", "website": "http://www.adorwelding.com", "industry": "Specialty Industrial Machinery", "sector": "Industrials", "longBusinessSummary": "Ador Welding Limited manufactures and supplies welding and cutting consumables, power sources, and accessories in India and internationally. The company operates in two segments, Consumables, and Equipments and Project Engineering Business. It provides welding electrodes, including mild steel general purpose, mild steel special, low alloy high tensile, cellulosic, hard facing, stainless steel and heat resistant steel, cast iron, and non-ferrous electrodes; and continuous welding consumables products comprising submerged arc welding fluxes and wires, and flux cored arc welding products, as well as metal cored wire, gas metal arc welding (GMAW), and gas tungsten arc welding (GTAW) products. The company also offers welding and cutting equipment, such as air plasma cutting GTAW, submerged arc welding, GMAW, shielded metal arc welding, and resistance and spot welding equipment, as well as manual plasma cutting machines and welding accessories; gas cutting products, gas cutting-welding accessories, and personal protective equipment; and CNC cutting machines. In addition, it designs, engineers, fabricates, and supplies flare systems, process packages, process equipment, and furnaces/incinerators, as well as undertakes various EPC contracts. Further, the company provides welding automation products consisting of robotic systems, columns and booms, positioners, rotators, and special purpose machines; and offers skill development services. It serves pipeline, oil and gas, pharma, shipbuilding, railway, construction and infrastructure, nuclear energy, power, automotive, and defense sectors. The company was formerly known as Advani-Oerlikon Ltd. The company was founded in 1951 and is headquartered in Mumbai, India. Ador Welding Limited is a subsidiary of J. B. Advani & Company Private Limited.", "fullTimeEmployees": 560, "companyOfficers": [], "maxAge": 86400}, "netSharePurchaseActivity": {"maxAge": 1, "period": "6m", "buyInfoCount": 0, "buyInfoShares": 0, "sellInfoCount": 0, "netInfoCount": 0, "netInfoShares": 0, "netPercentInsiderShares": 0.0, "totalInsiderShares": 8096634}, "insiderTransactions": {"transactions": [{"maxAge": 1, "shares": 6572, "value": 27635, "filerUrl": "", "transactionText": "Acquisition at price 4.21 per share.", "filerName": "Malkani (Aditya Tarachand)", "filerRelation": "Promoter", "moneyText": "", "startDate": "2021-02-16", "ownership": "D"}, {"maxAge": 1, "shares": 13000, "value": 46060, "filerUrl": "", "transactionText": "Acquisition at price 3.54 per share.", "filerName": "Malkani (Aditya Tarachand)", "filerRelation": "Promoter", "moneyText": "", "startDate": "2020-12-09", "ownership": "D"}, {"maxAge": 1, "shares": 4336, "filerUrl": "", "transactionText": "", "filerName": "Malkani (Rajbir Tarachand)", "filerRelation": "UNREPORTED", "moneyText": "", "startDate": "2020-03-17", "ownership": "D"}, {"maxAge": 1, "shares": 56400, "filerUrl": "", "transactionText": "", "filerName": "Malkani (Gulshan Gulu)", "filerRelation": "UNREPORTED", "moneyText": "", "startDate": "2019-03-15", "ownership": "D"}], "maxAge": 1}, "quoteType": {"exchange": "NSI", "quoteType": "EQUITY", "symbol": "ADORWELD.NS", "underlyingSymbol": "ADORWELD.NS", "shortName": "ADOR WELDING", "longName": "Ador Welding Limited", "firstTradeDateEpochUtc": "2002-07-01 09:15:00", "timeZoneFullName": "Asia/Kolkata", "timeZoneShortName": "IST", "uuid": "0e5ec1b6-7210-3f18-b2a0-baf976dcd0ed", "messageBoardId": "finmb_881077", "gmtOffSetMilliseconds": 19800000, "maxAge": 1}, "incomeStatementHistory": {"incomeStatementHistory": [{"maxAge": 1, "endDate": "2020-03-31", "totalRevenue": 5265400000, "costOfRevenue": 3689000000, "grossProfit": 1576400000, "researchDevelopment": {}, "sellingGeneralAdministrative": 444000000, "nonRecurring": {}, "otherOperatingExpenses": 662400000, "totalOperatingExpenses": 4906500000, "operatingIncome": 358900000, "totalOtherIncomeExpenseNet": -21700000, "ebit": 358900000, "interestExpense": -82400000, "incomeBeforeTax": 337200000, "incomeTaxExpense": 49500000, "minorityInterest": {}, "netIncomeFromContinuingOps": 287700000, "discontinuedOperations": {}, "extraordinaryItems": {}, "effectOfAccountingCharges": {}, "otherItems": {}, "netIncome": 287700000, "netIncomeApplicableToCommonShares": 287700000}, {"maxAge": 1, "endDate": "2019-03-31", "totalRevenue": 5132800000, "costOfRevenue": 3648500000, "grossProfit": 1484300000, "researchDevelopment": {}, "sellingGeneralAdministrative": 434000000, "nonRecurring": {}, "otherOperatingExpenses": 581800000, "totalOperatingExpenses": 4764000000, "operatingIncome": 368800000, "totalOtherIncomeExpenseNet": -13600000, "ebit": 368800000, "interestExpense": -85500000, "incomeBeforeTax": 355200000, "incomeTaxExpense": 109800000, "minorityInterest": {}, "netIncomeFromContinuingOps": 245400000, "discontinuedOperations": {}, "extraordinaryItems": {}, "effectOfAccountingCharges": {}, "otherItems": {}, "netIncome": 245400000, "netIncomeApplicableToCommonShares": 245400000}, {"maxAge": 1, "endDate": "2018-03-31", "totalRevenue": 4583300000, "costOfRevenue": 3291600000, "grossProfit": 1291700000, "researchDevelopment": {}, "sellingGeneralAdministrative": 406500000, "nonRecurring": {}, "otherOperatingExpenses": 495500000, "totalOperatingExpenses": 4298200000, "operatingIncome": 285100000, "totalOtherIncomeExpenseNet": -4100000, "ebit": 285100000, "interestExpense": -800000, "incomeBeforeTax": 281000000, "incomeTaxExpense": 96900000, "minorityInterest": {}, "netIncomeFromContinuingOps": 184100000, "discontinuedOperations": {}, "extraordinaryItems": {}, "effectOfAccountingCharges": {}, "otherItems": {}, "netIncome": 184100000, "netIncomeApplicableToCommonShares": 184100000}, {"maxAge": 1, "endDate": "2017-03-31", "totalRevenue": 4423700000, "costOfRevenue": 3143700000, "grossProfit": 1280000000, "researchDevelopment": {}, "sellingGeneralAdministrative": 417500000, "nonRecurring": {}, "otherOperatingExpenses": 516200000, "totalOperatingExpenses": 4191700000, "operatingIncome": 232000000, "totalOtherIncomeExpenseNet": 36900000, "ebit": 232000000, "interestExpense": -5500000, "incomeBeforeTax": 268900000, "incomeTaxExpense": 90400000, "minorityInterest": {}, "netIncomeFromContinuingOps": 178500000, "discontinuedOperations": {}, "extraordinaryItems": {}, "effectOfAccountingCharges": {}, "otherItems": {}, "netIncome": 178500000, "netIncomeApplicableToCommonShares": 178500000}], "maxAge": 86400}, "fundOwnership": {"maxAge": 1, "ownershipList": []}, "summaryDetail": {"maxAge": 1, "priceHint": 2, "previousClose": 363.25, "open": 365.0, "dayLow": 358.45, "dayHigh": 390.0, "regularMarketPreviousClose": 363.25, "regularMarketOpen": 365.0, "regularMarketDayLow": 358.45, "regularMarketDayHigh": 390.0, "exDividendDate": "2020-02-27 05:30:00", "payoutRatio": 1.3598, "beta": 0.723618, "trailingPE": 79.9267, "volume": 61065, "regularMarketVolume": 61065, "averageVolume": 49740, "averageVolume10days": 29815, "averageDailyVolume10Day": 29815, "bid": 0.0, "ask": 0.0, "bidSize": 0, "askSize": 0, "marketCap": 5197729280, "fiftyTwoWeekLow": 214.05, "fiftyTwoWeekHigh": 390.0, "priceToSalesTrailing12Months": 1.2198665, "fiftyDayAverage": 327.6957, "twoHundredDayAverage": 287.8021, "trailingAnnualDividendRate": 0.0, "trailingAnnualDividendYield": 0.0, "currency": "INR", "fromCurrency": null, "toCurrency": null, "lastMarket": null, "algorithm": null, "tradeable": false}, "incomeStatementHistoryQuarterly": {"incomeStatementHistory": [{"maxAge": 1, "endDate": "2020-12-31", "totalRevenue": 1351500000, "costOfRevenue": 960300000, "grossProfit": 391200000, "researchDevelopment": {}, "sellingGeneralAdministrative": 94100000, "nonRecurring": {}, "otherOperatingExpenses": 225000000, "totalOperatingExpenses": 1307000000, "operatingIncome": 44500000, "totalOtherIncomeExpenseNet": 5700000, "ebit": 44500000, "interestExpense": -12100000, "incomeBeforeTax": 50200000, "incomeTaxExpense": 15700000, "minorityInterest": {}, "netIncomeFromContinuingOps": 34500000, "discontinuedOperations": {}, "extraordinaryItems": {}, "effectOfAccountingCharges": {}, "otherItems": {}, "netIncome": 34500000, "netIncomeApplicableToCommonShares": 34500000}, {"maxAge": 1, "endDate": "2020-09-30", "totalRevenue": 959500000, "costOfRevenue": 762500000, "grossProfit": 197000000, "researchDevelopment": {}, "sellingGeneralAdministrative": 94400000, "nonRecurring": {}, "otherOperatingExpenses": 151000000, "totalOperatingExpenses": 1035700000, "operatingIncome": -76200000, "totalOtherIncomeExpenseNet": -9700000, "ebit": -76200000, "interestExpense": -15400000, "incomeBeforeTax": -85900000, "incomeTaxExpense": -29500000, "minorityInterest": {}, "netIncomeFromContinuingOps": -56400000, "discontinuedOperations": {}, "extraordinaryItems": {}, "effectOfAccountingCharges": {}, "otherItems": {}, "netIncome": -56400000, "netIncomeApplicableToCommonShares": -56400000}, {"maxAge": 1, "endDate": "2020-06-30", "totalRevenue": 549100000, "costOfRevenue": 369400000, "grossProfit": 179700000, "researchDevelopment": {}, "sellingGeneralAdministrative": 80700000, "nonRecurring": {}, "otherOperatingExpenses": 73500000, "totalOperatingExpenses": 552000000, "operatingIncome": -2900000, "totalOtherIncomeExpenseNet": 5000000, "ebit": -2900000, "interestExpense": -21500000, "incomeBeforeTax": 2100000, "incomeTaxExpense": -400000, "minorityInterest": {}, "netIncomeFromContinuingOps": 2500000, "discontinuedOperations": {}, "extraordinaryItems": {}, "effectOfAccountingCharges": {}, "otherItems": {}, "netIncome": 2500000, "netIncomeApplicableToCommonShares": 2500000}, {"maxAge": 1, "endDate": "2020-03-31", "totalRevenue": 1399000000, "costOfRevenue": 1021500000, "grossProfit": 377500000, "researchDevelopment": {}, "sellingGeneralAdministrative": 112500000, "nonRecurring": {}, "otherOperatingExpenses": 118300000, "totalOperatingExpenses": 1284500000, "operatingIncome": 114500000, "totalOtherIncomeExpenseNet": -41900000, "ebit": 114500000, "interestExpense": -17900000, "incomeBeforeTax": 72600000, "incomeTaxExpense": 3800000, "minorityInterest": {}, "netIncomeFromContinuingOps": 68800000, "discontinuedOperations": {}, "extraordinaryItems": {}, "effectOfAccountingCharges": {}, "otherItems": {}, "netIncome": 68800000, "netIncomeApplicableToCommonShares": 68800000}], "maxAge": 86400}, "cashflowStatementHistoryQuarterly": {"cashflowStatements": [{"maxAge": 1, "endDate": "2020-12-31", "netIncome": 34500000, "changeToLiabilities": 0}, {"maxAge": 1, "endDate": "2020-09-30", "netIncome": -56400000, "changeToLiabilities": 0}, {"maxAge": 1, "endDate": "2020-06-30", "netIncome": 2500000, "changeToLiabilities": 0}, {"maxAge": 1, "endDate": "2020-03-31", "netIncome": 68800000, "changeToLiabilities": 0}], "maxAge": 86400}, "insiderHolders": {"holders": [{"maxAge": 1, "name": "Malkani (Aditya Tarachand)", "relation": "Promoter", "url": "", "transactionDescription": "Acquisition", "latestTransDate": "2021-02-16", "positionDirect": 123198, "positionDirectDate": "2021-02-16"}, {"maxAge": 1, "name": "Malkani (Gulshan Gulu)", "relation": "UNREPORTED", "url": "", "transactionDescription": "Other", "latestTransDate": "2019-03-15", "positionDirect": 111900, "positionDirectDate": "2019-03-15"}, {"maxAge": 1, "name": "Malkani (Rajbir Tarachand)", "relation": "UNREPORTED", "url": "", "transactionDescription": "Acquisition", "latestTransDate": "2020-03-17", "positionDirect": 60507, "positionDirectDate": "2020-03-17"}], "maxAge": 1}, "calendarEvents": {"maxAge": 1, "earnings": {"earningsDate": []}, "exDividendDate": "2020-02-27 05:30:00"}, "price": {"maxAge": 1, "regularMarketChangePercent": 0.050653804, "regularMarketChange": 18.399994, "regularMarketTime": "2021-04-30 15:29:56", "priceHint": 2, "regularMarketPrice": 381.65, "regularMarketDayHigh": 390.0, "regularMarketDayLow": 358.45, "regularMarketVolume": 61065, "averageDailyVolume10Day": 29815, "averageDailyVolume3Month": 49740, "regularMarketPreviousClose": 363.25, "regularMarketSource": "FREE_REALTIME", "regularMarketOpen": 365.0, "exchange": "NSI", "exchangeName": "NSE", "exchangeDataDelayedBy": 15, "marketState": "CLOSED", "quoteType": "EQUITY", "symbol": "ADORWELD.NS", "underlyingSymbol": null, "shortName": "ADOR WELDING", "longName": "Ador Welding Limited", "currency": "INR", "quoteSourceName": "Delayed Quote", "currencySymbol": "\u20b9", "fromCurrency": null, "toCurrency": null, "lastMarket": null, "marketCap": 5197729280}, "balanceSheetHistory": {"balanceSheetStatements": [{"maxAge": 1, "endDate": "2020-03-31", "cash": 51800000, "shortTermInvestments": 5600000, "netReceivables": 1992700000, "inventory": 622100000, "otherCurrentAssets": 179200000, "totalCurrentAssets": 2896800000, "propertyPlantEquipment": 1174600000, "intangibleAssets": 9300000, "otherAssets": 373600000, "totalAssets": 4454300000, "accountsPayable": 608200000, "otherCurrentLiab": 100200000, "otherLiab": 99800000, "totalCurrentLiabilities": 1669400000, "totalLiab": 1780500000, "commonStock": 136000000, "retainedEarnings": 2515500000, "treasuryStock": 22300000, "otherStockholderEquity": 22300000, "totalStockholderEquity": 2673800000, "netTangibleAssets": 2664500000}, {"maxAge": 1, "endDate": "2019-03-31", "cash": 268100000, "shortTermInvestments": 5600000, "netReceivables": 1893700000, "inventory": 515900000, "otherCurrentAssets": 70700000, "totalCurrentAssets": 2804500000, "propertyPlantEquipment": 1073600000, "intangibleAssets": 12600000, "otherAssets": 400200000, "totalAssets": 4290900000, "accountsPayable": 668900000, "otherCurrentLiab": 139700000, "otherLiab": 119400000, "totalCurrentLiabilities": 1557500000, "totalLiab": 1676900000, "commonStock": 136000000, "retainedEarnings": 2455700000, "treasuryStock": 22300000, "otherStockholderEquity": 22300000, "totalStockholderEquity": 2614000000, "netTangibleAssets": 2601400000}, {"maxAge": 1, "endDate": "2018-03-31", "cash": 161600000, "shortTermInvestments": 600000, "netReceivables": 2101900000, "inventory": 538400000, "otherCurrentAssets": 98000000, "totalCurrentAssets": 2935700000, "propertyPlantEquipment": 950600000, "intangibleAssets": 6900000, "otherAssets": 388100000, "totalAssets": 4281300000, "accountsPayable": 750100000, "otherCurrentLiab": 94100000, "otherLiab": 107100000, "totalCurrentLiabilities": 1724000000, "totalLiab": 1831100000, "commonStock": 136000000, "retainedEarnings": 2291900000, "treasuryStock": 22300000, "otherStockholderEquity": 22300000, "totalStockholderEquity": 2450200000, "netTangibleAssets": 2443300000}, {"maxAge": 1, "endDate": "2017-03-31", "cash": 202500000, "shortTermInvestments": 500000, "netReceivables": 1530000000, "inventory": 477500000, "otherCurrentAssets": 93800000, "totalCurrentAssets": 2420800000, "propertyPlantEquipment": 968700000, "intangibleAssets": 7800000, "otherAssets": 381500000, "totalAssets": 3778800000, "accountsPayable": 729300000, "otherCurrentLiab": 122100000, "otherLiab": 98600000, "totalCurrentLiabilities": 1331600000, "totalLiab": 1430200000, "commonStock": 136000000, "retainedEarnings": 2190300000, "treasuryStock": 22300000, "otherStockholderEquity": 22300000, "totalStockholderEquity": 2348600000, "netTangibleAssets": 2340800000}], "maxAge": 86400}, "financialData": {"maxAge": 86400, "currentPrice": 381.65, "recommendationKey": "none", "totalCash": 483900000, "totalCashPerShare": 35.626, "ebitda": 199350000, "totalDebt": 490500000, "totalRevenue": 4260900096, "debtToEquity": 20.3, "revenuePerShare": 313.017, "grossProfits": 1576400000, "earningsGrowth": -0.508, "revenueGrowth": 0.057, "grossMargins": 0.27318, "ebitdaMargins": 0.04678, "operatingMargins": 0.022130001, "profitMargins": 0.01525, "financialCurrency": "INR"}}}