{"ADROITINFO.NS": {"assetProfile": {"address1": "Plot No. 7A, MLA Colony", "address2": "Road No. 12 Banjara Hills", "city": "Hyderabad", "zip": "500034", "country": "India", "phone": "91 40 2355 2284", "fax": "91 40 2355 2283", "website": "http://www.adroitinfotech.com", "industry": "Information Technology Services", "sector": "Technology", "longBusinessSummary": "Adroit Infotech Limited operates as a SAP consulting company in India and internationally. It offers a range of business solutions, including business and technology consulting, enterprise solutions, systems integration, custom application development, application maintenance and production support, infrastructure management, cloud ecosystem integration, product engineering and lifecycle solutions, business process management, and business platforms and solutions, as well as software products. The company was formerly known as Sphere Global Services Limited and changed its name to Adroit Infotech Limited in February 2018. Adroit Infotech Limited was incorporated in 1990 and is based in Hyderabad, India.", "fullTimeEmployees": 90, "companyOfficers": [{"maxAge": 1, "name": "Mr. Sunkerneni Sudhakiran Reddy", "age": 53, "title": "Chairman & MD", "yearBorn": 1967, "fiscalYear": 2020, "totalPay": 3600000, "exercisedValue": 0, "unexercisedValue": 0}, {"maxAge": 1, "name": "Ms. Shradha  Somani", "title": "Company Sec. & Compliance Officer", "fiscalYear": 2020, "totalPay": 240000, "exercisedValue": 0, "unexercisedValue": 0}, {"maxAge": 1, "name": "Mr. Siva  Rao", "title": "Sr. VP of Global Bus.", "exercisedValue": 0, "unexercisedValue": 0}], "compensationAsOfEpochDate": "2020-12-31 05:30:00", "maxAge": 86400}, "cashflowStatementHistory": {"cashflowStatements": [{"maxAge": 1, "endDate": "2020-03-31", "netIncome": -311937592, "depreciation": 3214981, "changeToNetincome": 477529, "changeToAccountReceivables": 107950868, "changeToLiabilities": -8228223, "changeToOperatingActivities": 210295583, "totalCashFromOperatingActivities": 1915296, "capitalExpenditures": -1143298, "otherCashflowsFromInvestingActivities": -728458, "totalCashflowsFromInvestingActivities": -1871756, "changeInCash": 43539}, {"maxAge": 1, "endDate": "2019-03-31", "netIncome": -10283943, "depreciation": 5144394, "changeToNetincome": 708096, "changeToAccountReceivables": 11084210, "changeToLiabilities": 6179141, "changeToOperatingActivities": 136828079, "totalCashFromOperatingActivities": 145620245, "capitalExpenditures": -84526413, "otherCashflowsFromInvestingActivities": -1325168, "totalCashflowsFromInvestingActivities": -85851581, "otherCashflowsFromFinancingActivities": -61507011, "totalCashFromFinancingActivities": -61507011, "changeInCash": -1738348}, {"maxAge": 1, "endDate": "2018-03-31", "netIncome": 104778095, "depreciation": 3647665, "changeToNetincome": 8436195, "changeToAccountReceivables": 18884976, "changeToLiabilities": 2008822, "changeToOperatingActivities": -148536151, "totalCashFromOperatingActivities": -17342251, "capitalExpenditures": -12262790, "otherCashflowsFromInvestingActivities": -993633, "totalCashflowsFromInvestingActivities": -13256423, "dividendsPaid": -9034436, "otherCashflowsFromFinancingActivities": -32869302, "totalCashFromFinancingActivities": -39918738, "changeInCash": -70517412, "issuanceOfStock": 1985000}, {"maxAge": 1, "endDate": "2017-03-31", "netIncome": 156030961, "depreciation": 1846672, "changeToNetincome": 34396354, "changeToAccountReceivables": -52521528, "changeToLiabilities": 3908452, "changeToOperatingActivities": -118702877, "totalCashFromOperatingActivities": 25184547, "capitalExpenditures": -3373938, "investments": 37335707, "otherCashflowsFromInvestingActivities": -825398, "totalCashflowsFromInvestingActivities": 33136371, "dividendsPaid": -9034436, "netBorrowings": -10508915, "otherCashflowsFromFinancingActivities": 16500000, "totalCashFromFinancingActivities": 11991085, "changeInCash": 70312003, "issuanceOfStock": 6000000}], "maxAge": 86400}, "institutionOwnership": {"maxAge": 1, "ownershipList": []}, "majorHoldersBreakdown": {"maxAge": 1, "insidersPercentHeld": 0.69808, "institutionsPercentHeld": 0.0, "institutionsFloatPercentHeld": 0.0, "institutionsCount": 0}, "balanceSheetHistoryQuarterly": {"balanceSheetStatements": [{"maxAge": 1, "endDate": "2020-12-31", "totalStockholderEquity": 71584000, "netTangibleAssets": -24630000}, {"maxAge": 1, "endDate": "2020-09-30", "cash": 490000, "netReceivables": 32632000, "otherCurrentAssets": 12589000, "totalCurrentAssets": 52850000, "propertyPlantEquipment": 23311000, "intangibleAssets": 96214000, "otherAssets": 3356000, "deferredLongTermAssetCharges": 3355000, "totalAssets": 175731000, "accountsPayable": 6004000, "otherCurrentLiab": 47985000, "otherLiab": 1498000, "totalCurrentLiabilities": 102649000, "totalLiab": 104147000, "commonStock": 182674000, "treasuryStock": -111090000, "otherStockholderEquity": -111090000, "totalStockholderEquity": 71584000, "netTangibleAssets": -24630000}, {"maxAge": 1, "endDate": "2020-06-30", "totalStockholderEquity": 62400000, "netTangibleAssets": -33828000}, {"maxAge": 1, "endDate": "2020-03-31", "cash": 34115, "shortTermInvestments": 304849, "netReceivables": 34452390, "otherCurrentAssets": 1014459, "totalCurrentAssets": 49545944, "propertyPlantEquipment": 23948414, "intangibleAssets": 96228459, "otherAssets": 3537894, "deferredLongTermAssetCharges": 3355369, "totalAssets": 173260711, "accountsPayable": 5894791, "otherCurrentLiab": 2359651, "otherLiab": 1499275, "totalCurrentLiabilities": 109361619, "totalLiab": 110860894, "commonStock": 182673720, "retainedEarnings": -149273903, "treasuryStock": 5000000, "capitalSurplus": 24000000, "otherStockholderEquity": 5000000, "totalStockholderEquity": 62399817, "netTangibleAssets": -33828642}], "maxAge": 86400}, "indexTrend": {"maxAge": 1, "symbol": "SP5", "peRatio": 19.7411, "pegRatio": 1.34172, "estimates": [{"period": "0q", "growth": 0.549}, {"period": "+1q", "growth": 0.431}, {"period": "0y", "growth": 0.305}, {"period": "+1y", "growth": 0.109}, {"period": "+5y", "growth": 0.120865}, {"period": "-5y"}]}, "defaultKeyStatistics": {"maxAge": 1, "priceHint": 2, "enterpriseValue": 207593904, "profitMargins": 0.0, "floatShares": 5583538, "sharesOutstanding": 18267400, "heldPercentInsiders": 0.69808, "heldPercentInstitutions": 0.0, "beta": 1.103243, "category": null, "bookValue": 3.942, "priceToBook": 2.3592086, "fundFamily": null, "legalType": null, "lastFiscalYearEnd": "2020-03-31 05:30:00", "nextFiscalYearEnd": "2022-03-31 05:30:00", "mostRecentQuarter": "2020-12-31 05:30:00", "earningsQuarterlyGrowth": 2.253, "netIncomeToCommon": -294512576, "trailingEps": -16.247, "lastSplitFactor": "1:10", "lastSplitDate": "2013-04-10 05:30:00", "enterpriseToRevenue": 2.742, "enterpriseToEbitda": 9.344, "52WeekChange": 0.78846157, "SandP52WeekChange": 0.48148263, "lastDividendValue": 0.5, "lastDividendDate": 1503273600}, "summaryProfile": {"address1": "Plot No. 7A, MLA Colony", "address2": "Road No. 12 Banjara Hills", "city": "Hyderabad", "zip": "500034", "country": "India", "phone": "91 40 2355 2284", "fax": "91 40 2355 2283", "website": "http://www.adroitinfotech.com", "industry": "Information Technology Services", "sector": "Technology", "longBusinessSummary": "Adroit Infotech Limited operates as a SAP consulting company in India and internationally. It offers a range of business solutions, including business and technology consulting, enterprise solutions, systems integration, custom application development, application maintenance and production support, infrastructure management, cloud ecosystem integration, product engineering and lifecycle solutions, business process management, and business platforms and solutions, as well as software products. The company was formerly known as Sphere Global Services Limited and changed its name to Adroit Infotech Limited in February 2018. Adroit Infotech Limited was incorporated in 1990 and is based in Hyderabad, India.", "fullTimeEmployees": 90, "companyOfficers": [], "maxAge": 86400}, "netSharePurchaseActivity": {"maxAge": 1, "period": "6m", "buyInfoCount": 0, "buyInfoShares": 0, "sellInfoCount": 0, "netInfoCount": 0, "netInfoShares": 0, "netPercentInsiderShares": 0.0, "totalInsiderShares": 12571786}, "insiderTransactions": {"transactions": [{"maxAge": 1, "shares": 634000, "filerUrl": "", "transactionText": "", "filerName": "Softpoint Technologies Pvt. Ltd.", "filerRelation": "Promoter", "moneyText": "", "startDate": "2017-04-18", "ownership": "D"}, {"maxAge": 1, "shares": 666000, "filerUrl": "", "transactionText": "", "filerName": "Softpoint Technologies Pvt. Ltd.", "filerRelation": "Promoter", "moneyText": "", "startDate": "2017-04-18", "ownership": "D"}, {"maxAge": 1, "shares": 84000, "filerUrl": "", "transactionText": "", "filerName": "Softpoint Technologies Pvt. Ltd.", "filerRelation": "Promoter", "moneyText": "", "startDate": "2017-04-18", "ownership": "D"}, {"maxAge": 1, "shares": 550000, "filerUrl": "", "transactionText": "", "filerName": "Softpoint Technologies Pvt. Ltd.", "filerRelation": "Promoter", "moneyText": "", "startDate": "2017-04-13", "ownership": "D"}, {"maxAge": 1, "shares": 450000, "filerUrl": "", "transactionText": "", "filerName": "Softpoint Technologies Pvt. Ltd.", "filerRelation": "Promoter", "moneyText": "", "startDate": "2017-04-13", "ownership": "D"}, {"maxAge": 1, "shares": 60000, "filerUrl": "", "transactionText": "", "filerName": "Reddy (Sudhakiran S)", "filerRelation": "UNREPORTED", "moneyText": "", "startDate": "2016-11-17", "ownership": "D"}, {"maxAge": 1, "shares": 8980795, "filerUrl": "", "transactionText": "", "filerName": "Softpoint Technologies Pvt. Ltd.", "filerRelation": "Promoter", "moneyText": "", "startDate": "2015-10-06", "ownership": "D"}, {"maxAge": 1, "shares": 300000, "filerUrl": "", "transactionText": "", "filerName": "Ramabhotla (Sreelakshmi)", "filerRelation": "UNREPORTED", "moneyText": "", "startDate": "2015-10-06", "ownership": "D"}, {"maxAge": 1, "shares": 300002, "filerUrl": "", "transactionText": "", "filerName": "Ravikaanth Portfolio Services Pvt Ltd", "filerRelation": "Promoter", "moneyText": "", "startDate": "2015-10-05", "ownership": "D"}, {"maxAge": 1, "shares": 434266, "filerUrl": "", "transactionText": "", "filerName": "Ravikaanth Portfolio Services Pvt Ltd", "filerRelation": "Promoter", "moneyText": "", "startDate": "2015-09-16", "ownership": "D"}, {"maxAge": 1, "shares": 2, "filerUrl": "", "transactionText": "", "filerName": "Ravikaanth Portfolio Services Pvt Ltd", "filerRelation": "Promoter", "moneyText": "", "startDate": "2015-09-16", "ownership": "D"}, {"maxAge": 1, "shares": 600, "filerUrl": "", "transactionText": "", "filerName": "Ravikaanth Portfolio Services Pvt Ltd", "filerRelation": "Promoter", "moneyText": "", "startDate": "2015-09-15", "ownership": "D"}, {"maxAge": 1, "shares": 150419, "filerUrl": "", "transactionText": "", "filerName": "Ravikaanth Portfolio Services Pvt Ltd", "filerRelation": "Promoter", "moneyText": "", "startDate": "2015-09-15", "ownership": "D"}, {"maxAge": 1, "shares": 700000, "filerUrl": "", "transactionText": "", "filerName": "Softpoint Technologies Pvt. Ltd.", "filerRelation": "Institution- Corporation", "moneyText": "", "startDate": "2015-03-25", "ownership": "D"}, {"maxAge": 1, "shares": 700000, "filerUrl": "", "transactionText": "", "filerName": "Reddy (Sudhakiran S)", "filerRelation": "UNREPORTED", "moneyText": "", "startDate": "2015-03-25", "ownership": "D"}], "maxAge": 1}, "quoteType": {"exchange": "NSI", "quoteType": "EQUITY", "symbol": "ADROITINFO.NS", "underlyingSymbol": "ADROITINFO.NS", "shortName": "ADROIT INFOTECH LT", "longName": "Adroit Infotech Limited", "firstTradeDateEpochUtc": "2015-10-13 09:15:00", "timeZoneFullName": "Asia/Kolkata", "timeZoneShortName": "IST", "uuid": "e2cb5643-283c-3ca1-8614-7aae9c1225be", "messageBoardId": "finmb_20336185", "gmtOffSetMilliseconds": 19800000, "maxAge": 1}, "incomeStatementHistory": {"incomeStatementHistory": [{"maxAge": 1, "endDate": "2020-03-31", "totalRevenue": 80192874, "costOfRevenue": 48988842, "grossProfit": 31204032, "researchDevelopment": {}, "sellingGeneralAdministrative": 25492322, "nonRecurring": {}, "otherOperatingExpenses": {}, "totalOperatingExpenses": 77784722, "operatingIncome": 2408152, "totalOtherIncomeExpenseNet": -314596673, "ebit": 2408152, "interestExpense": -1585740, "incomeBeforeTax": -312188521, "incomeTaxExpense": -250929, "minorityInterest": {}, "netIncomeFromContinuingOps": -311937592, "discontinuedOperations": {}, "extraordinaryItems": {}, "effectOfAccountingCharges": {}, "otherItems": {}, "netIncome": -311937592, "netIncomeApplicableToCommonShares": -311937592}, {"maxAge": 1, "endDate": "2019-03-31", "totalRevenue": 157119289, "costOfRevenue": 108543886, "grossProfit": 48575403, "researchDevelopment": {}, "sellingGeneralAdministrative": 54066789, "nonRecurring": {}, "otherOperatingExpenses": {}, "totalOperatingExpenses": 168058959, "operatingIncome": -10939670, "totalOtherIncomeExpenseNet": 38654, "ebit": -10939670, "interestExpense": -1674044, "incomeBeforeTax": -10901016, "incomeTaxExpense": -617073, "minorityInterest": {}, "netIncomeFromContinuingOps": -10283943, "discontinuedOperations": {}, "extraordinaryItems": {}, "effectOfAccountingCharges": {}, "otherItems": {}, "netIncome": -10283943, "netIncomeApplicableToCommonShares": -10283943}, {"maxAge": 1, "endDate": "2018-03-31", "totalRevenue": 379480005, "costOfRevenue": 189361298, "grossProfit": 190118707, "researchDevelopment": {}, "sellingGeneralAdministrative": 72820269, "nonRecurring": {}, "otherOperatingExpenses": {}, "totalOperatingExpenses": 266402713, "operatingIncome": 113077292, "totalOtherIncomeExpenseNet": -856635, "ebit": 113077292, "interestExpense": -1685524, "incomeBeforeTax": 112220657, "incomeTaxExpense": 7442562, "minorityInterest": {}, "netIncomeFromContinuingOps": 104778095, "discontinuedOperations": {}, "extraordinaryItems": {}, "effectOfAccountingCharges": {}, "otherItems": {}, "netIncome": 104778095, "netIncomeApplicableToCommonShares": 104778095}, {"maxAge": 1, "endDate": "2017-03-31", "totalRevenue": 529452500, "costOfRevenue": 280185975, "grossProfit": 249266525, "researchDevelopment": {}, "sellingGeneralAdministrative": 55497536, "nonRecurring": {}, "otherOperatingExpenses": {}, "totalOperatingExpenses": 337756696, "operatingIncome": 191695804, "totalOtherIncomeExpenseNet": -2093886, "ebit": 191695804, "interestExpense": -2666544, "incomeBeforeTax": 189601918, "incomeTaxExpense": 33570957, "minorityInterest": {}, "netIncomeFromContinuingOps": 156030961, "discontinuedOperations": {}, "extraordinaryItems": {}, "effectOfAccountingCharges": {}, "otherItems": {}, "netIncome": 156030961, "netIncomeApplicableToCommonShares": 156030961}], "maxAge": 86400}, "fundOwnership": {"maxAge": 1, "ownershipList": []}, "summaryDetail": {"maxAge": 1, "priceHint": 2, "previousClose": 8.9, "open": 9.3, "dayLow": 8.6, "dayHigh": 9.3, "regularMarketPreviousClose": 8.9, "regularMarketOpen": 9.3, "regularMarketDayLow": 8.6, "regularMarketDayHigh": 9.3, "exDividendDate": "2017-08-21 05:30:00", "payoutRatio": 0.0, "beta": 1.103243, "volume": 7562, "regularMarketVolume": 7562, "averageVolume": 5988, "averageVolume10days": 11028, "averageDailyVolume10Day": 11028, "bid": 0.0, "ask": 0.0, "bidSize": 0, "askSize": 0, "marketCap": 182103296, "fiftyTwoWeekLow": 4.6, "fiftyTwoWeekHigh": 13.1, "priceToSalesTrailing12Months": 2.4052463, "fiftyDayAverage": 9.321212, "twoHundredDayAverage": 8.653901, "currency": "INR", "fromCurrency": null, "toCurrency": null, "lastMarket": null, "algorithm": null, "tradeable": false}, "incomeStatementHistoryQuarterly": {"incomeStatementHistory": [{"maxAge": 1, "endDate": "2020-12-31", "totalRevenue": 19420000, "costOfRevenue": 9426000, "grossProfit": 9994000, "researchDevelopment": {}, "sellingGeneralAdministrative": {}, "nonRecurring": {}, "otherOperatingExpenses": 3408000, "totalOperatingExpenses": 13160000, "operatingIncome": 6260000, "totalOtherIncomeExpenseNet": -317000, "ebit": 6260000, "interestExpense": -320000, "incomeBeforeTax": 5943000, "incomeTaxExpense": 0, "minorityInterest": {}, "netIncomeFromContinuingOps": 5943000, "discontinuedOperations": {}, "extraordinaryItems": {}, "effectOfAccountingCharges": {}, "otherItems": {}, "netIncome": 5943000, "netIncomeApplicableToCommonShares": 5943000}, {"maxAge": 1, "endDate": "2020-09-30", "totalRevenue": 18631000, "costOfRevenue": 9861000, "grossProfit": 8770000, "researchDevelopment": {}, "sellingGeneralAdministrative": {}, "nonRecurring": {}, "otherOperatingExpenses": 2427000, "totalOperatingExpenses": 12614000, "operatingIncome": 6017000, "totalOtherIncomeExpenseNet": -569000, "ebit": 6017000, "interestExpense": -569000, "incomeBeforeTax": 5448000, "incomeTaxExpense": 0, "minorityInterest": {}, "netIncomeFromContinuingOps": 5448000, "discontinuedOperations": {}, "extraordinaryItems": {}, "effectOfAccountingCharges": {}, "otherItems": {}, "netIncome": 5448000, "netIncomeApplicableToCommonShares": 5448000}, {"maxAge": 1, "endDate": "2020-06-30", "totalRevenue": 17708000, "costOfRevenue": 11238000, "grossProfit": 6470000, "researchDevelopment": {}, "sellingGeneralAdministrative": {}, "nonRecurring": {}, "otherOperatingExpenses": 2856000, "totalOperatingExpenses": 14420000, "operatingIncome": 3288000, "totalOtherIncomeExpenseNet": 525000, "ebit": 3288000, "interestExpense": -352000, "incomeBeforeTax": 3813000, "incomeTaxExpense": 0, "minorityInterest": {}, "netIncomeFromContinuingOps": 3813000, "discontinuedOperations": {}, "extraordinaryItems": {}, "effectOfAccountingCharges": {}, "otherItems": {}, "netIncome": 3813000, "netIncomeApplicableToCommonShares": 3813000}, {"maxAge": 1, "endDate": "2020-03-31", "totalRevenue": 19951874, "costOfRevenue": 9974842, "grossProfit": 9977032, "researchDevelopment": {}, "sellingGeneralAdministrative": 25492322, "nonRecurring": {}, "otherOperatingExpenses": -20992000, "totalOperatingExpenses": 15068722, "operatingIncome": 4883152, "totalOtherIncomeExpenseNet": -314851673, "ebit": 4883152, "interestExpense": -574740, "incomeBeforeTax": -309968521, "incomeTaxExpense": -250929, "minorityInterest": {}, "netIncomeFromContinuingOps": -309717592, "discontinuedOperations": {}, "extraordinaryItems": {}, "effectOfAccountingCharges": {}, "otherItems": {}, "netIncome": -309717592, "netIncomeApplicableToCommonShares": -309717592}], "maxAge": 86400}, "cashflowStatementHistoryQuarterly": {"cashflowStatements": [{"maxAge": 1, "endDate": "2020-12-31", "netIncome": 5943000, "changeToLiabilities": 0}, {"maxAge": 1, "endDate": "2020-09-30", "netIncome": 5448000, "changeToLiabilities": 0}, {"maxAge": 1, "endDate": "2020-06-30", "netIncome": 3813000, "changeToLiabilities": 0}, {"maxAge": 1, "endDate": "2020-03-31", "netIncome": -309717592, "changeToLiabilities": 0}], "maxAge": 86400}, "insiderHolders": {"holders": [{"maxAge": 1, "name": "Ramabhotla (Sreelakshmi)", "relation": "UNREPORTED", "url": "", "transactionDescription": "Sale", "latestTransDate": "2015-10-06", "positionDirect": 0, "positionDirectDate": "2015-10-06"}, {"maxAge": 1, "name": "Ravikaanth Portfolio Services Pvt Ltd", "relation": "Promoter", "url": "", "transactionDescription": "Sale", "latestTransDate": "2015-10-05", "positionDirect": 425970, "positionDirectDate": "2015-10-05"}, {"maxAge": 1, "name": "Reddy (Sudhakiran S)", "relation": "UNREPORTED", "url": "", "transactionDescription": "Acquisition", "latestTransDate": "2016-11-17", "positionDirectDate": "2016-11-17"}, {"maxAge": 1, "name": "Softpoint Technologies Pvt. Ltd.", "relation": "Promoter", "url": "", "transactionDescription": "Sale", "latestTransDate": "2017-04-18", "positionDirect": 8480795, "positionDirectDate": "2017-04-18"}], "maxAge": 1}, "calendarEvents": {"maxAge": 1, "earnings": {"earningsDate": []}, "exDividendDate": "2017-08-21 05:30:00"}, "price": {"maxAge": 1, "regularMarketChangePercent": 0.044943884, "regularMarketChange": 0.40000057, "regularMarketTime": "2021-04-30 15:21:37", "priceHint": 2, "regularMarketPrice": 9.3, "regularMarketDayHigh": 9.3, "regularMarketDayLow": 8.6, "regularMarketVolume": 7562, "averageDailyVolume10Day": 11028, "averageDailyVolume3Month": 5988, "regularMarketPreviousClose": 8.9, "regularMarketSource": "FREE_REALTIME", "regularMarketOpen": 9.3, "exchange": "NSI", "exchangeName": "NSE", "exchangeDataDelayedBy": 15, "marketState": "CLOSED", "quoteType": "EQUITY", "symbol": "ADROITINFO.NS", "underlyingSymbol": null, "shortName": "ADROIT INFOTECH LT", "longName": "Adroit Infotech Limited", "currency": "INR", "quoteSourceName": "Delayed Quote", "currencySymbol": "\u20b9", "fromCurrency": null, "toCurrency": null, "lastMarket": null, "marketCap": 182103296}, "balanceSheetHistory": {"balanceSheetStatements": [{"maxAge": 1, "endDate": "2020-03-31", "cash": 34115, "shortTermInvestments": 304849, "netReceivables": 34452390, "otherCurrentAssets": 1014459, "totalCurrentAssets": 49545944, "propertyPlantEquipment": 23948414, "intangibleAssets": 96228459, "otherAssets": 3537894, "deferredLongTermAssetCharges": 3355369, "totalAssets": 173260711, "accountsPayable": 5894791, "otherCurrentLiab": 2359651, "otherLiab": 1499275, "totalCurrentLiabilities": 109361619, "totalLiab": 110860894, "commonStock": 182673720, "retainedEarnings": -149273903, "treasuryStock": 5000000, "capitalSurplus": 24000000, "otherStockholderEquity": 5000000, "totalStockholderEquity": 62399817, "netTangibleAssets": -33828642}, {"maxAge": 1, "endDate": "2019-03-31", "cash": 13693, "shortTermInvestments": 281732, "netReceivables": 178753181, "otherCurrentAssets": 183171443, "totalCurrentAssets": 383890106, "propertyPlantEquipment": 9156982, "goodWill": 29000000, "intangibleAssets": 84180151, "otherAssets": 7132420, "deferredLongTermAssetCharges": 3104440, "totalAssets": 513359659, "accountsPayable": 14123014, "otherCurrentLiab": 15213179, "otherLiab": 1794950, "totalCurrentLiabilities": 137227299, "totalLiab": 139022249, "commonStock": 182673720, "retainedEarnings": 162663690, "treasuryStock": 5000000, "capitalSurplus": 24000000, "otherStockholderEquity": 5000000, "totalStockholderEquity": 374337410, "netTangibleAssets": 261157259}, {"maxAge": 1, "endDate": "2018-03-31", "cash": 97446, "shortTermInvestments": 1936328, "netReceivables": 236272285, "otherCurrentAssets": 250402180, "totalCurrentAssets": 509037310, "propertyPlantEquipment": 13795306, "goodWill": 29000000, "intangibleAssets": 463702, "otherAssets": 6965527, "deferredLongTermAssetCharges": 2528597, "totalAssets": 559261845, "accountsPayable": 7943873, "otherCurrentLiab": 35615077, "otherLiab": 2586180, "totalCurrentLiabilities": 110547296, "totalLiab": 113133476, "commonStock": 182673720, "retainedEarnings": 234454649, "treasuryStock": 5000000, "capitalSurplus": 24000000, "otherStockholderEquity": 5000000, "totalStockholderEquity": 446128369, "netTangibleAssets": 416664667}, {"maxAge": 1, "endDate": "2017-03-31", "cash": 162660, "shortTermInvestments": 72388525, "netReceivables": 215658064, "otherCurrentAssets": 112603044, "totalCurrentAssets": 422877102, "propertyPlantEquipment": 5667277, "goodWill": 29000000, "intangibleAssets": 550087, "otherAssets": 6771958, "deferredLongTermAssetCharges": 1758248, "totalAssets": 464866424, "accountsPayable": 5935051, "otherCurrentLiab": 39819402, "otherLiab": 2309939, "totalCurrentLiabilities": 81287473, "totalLiab": 83597412, "commonStock": 180688720, "retainedEarnings": 171580292, "treasuryStock": 5000000, "capitalSurplus": 24000000, "otherStockholderEquity": 5000000, "totalStockholderEquity": 381269012, "netTangibleAssets": 351718925}], "maxAge": 86400}, "financialData": {"maxAge": 86400, "currentPrice": 9.3, "recommendationKey": "none", "totalCash": 490000, "totalCashPerShare": 0.027, "ebitda": 22217072, "totalDebt": 47803000, "totalRevenue": 75710872, "debtToEquity": 66.779, "revenuePerShare": 4.176, "grossProfits": 31204032, "earningsGrowth": 2.342, "revenueGrowth": -0.256, "grossMargins": 0.46507, "ebitdaMargins": 0.29345, "operatingMargins": 0.2701, "profitMargins": 0.0, "financialCurrency": "INR"}}}