{"ADSL.NS": {"assetProfile": {"address1": "Premises No.13A, Earnest House", "address2": "13th Floor, Block III Back Bay Rclamation, NCPA Road Nariman Point", "city": "Mumbai", "zip": "400021", "country": "India", "phone": "91 22 6681 6400", "fax": "91 22 2282 2030", "website": "http://www.allieddigital.net", "industry": "Information Technology Services", "sector": "Technology", "longBusinessSummary": "Allied Digital Services Limited designs, develops, deploys, and delivers IT infrastructure management services in India and internationally. The company offers IT-as-a-Service, such as IT transformation consulting, IT optimization and modernization, and disaster recovery hosting services, as well as datacenter hosting, migration, and management; and infrastructure services, such as Infrastructure-as-a-Service, infrastructure management, managed security, and professional services. It also provides end user IT support services, including service desk management, remote device management, virtual desktop infrastructure, enterprise mobility management, desk-side support, and professional services; and IT asset lifecycle services comprising deployment, maintenance, and disposal services, as well as install, move, add, and change services. In addition, the company offers enterprise applications consisting of custom application development, product engineering, ERP and CRM development and support, and business monitoring and management services; helpdesk/service desk management and work order management system solutions; and integrated solutions, such as security command and control center, video surveillance, access control, IoT, and RFID and smart card integrated solutions. Further, it provides perimeter intrusion detection, fire alarm, building management, public address, baggage scanning/explosive detection, and toll plaza and highway traffic management systems; and dispatch and depot services, including installation, datacenter smart hand, VOIP/PBX, datacenter transformation, maintenance and warranty, end user device, site survey, and satellite AV services. The company offers its services in 35 countries across 5 continents. Allied Digital Services Limited was incorporated in 1995 and is based in Mumbai, India.", "fullTimeEmployees": 680, "companyOfficers": [{"maxAge": 1, "name": "Mr. Nitin Dhanji Shah", "age": 66, "title": "Founder, Chairman & MD", "yearBorn": 1954, "exercisedValue": 0, "unexercisedValue": 0}, {"maxAge": 1, "name": "Mr. Paresh Bipinchandra Shah", "age": 53, "title": "Chief Exec. Officer", "yearBorn": 1967, "fiscalYear": 2020, "totalPay": 1157000, "exercisedValue": 0, "unexercisedValue": 0}, {"maxAge": 1, "name": "Mr. Gopal  Tiwari", "title": "Chief Financial Officer", "fiscalYear": 2020, "totalPay": 3563000, "exercisedValue": 0, "unexercisedValue": 0}, {"maxAge": 1, "name": "Mohinder  Chandna", "age": 58, "title": "VP of Operations", "yearBorn": 1962, "exercisedValue": 0, "unexercisedValue": 0}, {"maxAge": 1, "name": "Ms. Neha Sunil Bagla", "title": "Compliance Officer & Company Sec.", "fiscalYear": 2020, "totalPay": 792000, "exercisedValue": 0, "unexercisedValue": 0}, {"maxAge": 1, "name": "Mr. Prakash Dhanji Shah", "age": 58, "title": "Exec. Director of Commercial & Whole-Time Director", "yearBorn": 1962, "exercisedValue": 0, "unexercisedValue": 0}, {"maxAge": 1, "name": "Mr. Nehal Nitin Shah", "age": 35, "title": "Exec. Director", "yearBorn": 1985, "exercisedValue": 0, "unexercisedValue": 0}, {"maxAge": 1, "name": "Sahoo  Srinibash", "age": 53, "title": "Chief Transformation Officer", "yearBorn": 1967, "exercisedValue": 0, "unexercisedValue": 0}, {"maxAge": 1, "name": "Mr. Jawahar Mohammad Ali", "age": 67, "title": "Chief Exec. Officer of Integrated Solutions Group", "yearBorn": 1953, "exercisedValue": 0, "unexercisedValue": 0}, {"maxAge": 1, "name": "Mr. Sunil Vasudev Bhatt", "age": 46, "title": "Chief Technology Officer", "yearBorn": 1974, "exercisedValue": 0, "unexercisedValue": 0}], "compensationAsOfEpochDate": "2020-12-31 05:30:00", "maxAge": 86400}, "recommendationTrend": {"trend": [{"period": "0m", "strongBuy": 0, "buy": 0, "hold": 0, "sell": 0, "strongSell": 0}, {"period": "-1m", "strongBuy": 0, "buy": 0, "hold": 0, "sell": 0, "strongSell": 0}, {"period": "-2m", "strongBuy": 0, "buy": 0, "hold": 0, "sell": 0, "strongSell": 0}, {"period": "-3m", "strongBuy": 0, "buy": 0, "hold": 0, "sell": 0, "strongSell": 0}], "maxAge": 86400}, "cashflowStatementHistory": {"cashflowStatements": [{"maxAge": 1, "endDate": "2020-03-31", "netIncome": 192400000, "depreciation": 222100000, "changeToNetincome": 166100000, "changeToAccountReceivables": -60300000, "changeToLiabilities": 361000000, "changeToInventory": -10100000, "changeToOperatingActivities": -518600000, "totalCashFromOperatingActivities": 352600000, "capitalExpenditures": -157700000, "investments": 7800000, "otherCashflowsFromInvestingActivities": 55800000, "totalCashflowsFromInvestingActivities": -16800000, "netBorrowings": -117500000, "otherCashflowsFromFinancingActivities": -220200000, "totalCashFromFinancingActivities": -337700000, "changeInCash": -1900000}, {"maxAge": 1, "endDate": "2019-03-31", "netIncome": 123700000, "depreciation": 222100000, "changeToNetincome": 374600000, "changeToAccountReceivables": -461700000, "changeToLiabilities": -210700000, "changeToInventory": -9700000, "changeToOperatingActivities": 375100000, "totalCashFromOperatingActivities": 191300000, "capitalExpenditures": -157700000, "investments": 9200000, "otherCashflowsFromInvestingActivities": 41100000, "totalCashflowsFromInvestingActivities": 52500000, "netBorrowings": -219800000, "otherCashflowsFromFinancingActivities": -100300000, "totalCashFromFinancingActivities": -320100000, "changeInCash": -76200000}, {"maxAge": 1, "endDate": "2018-03-31", "netIncome": 99700000, "depreciation": 231400000, "changeToNetincome": 34200000, "changeToAccountReceivables": 1242400000, "changeToLiabilities": -22300000, "changeToInventory": 4000000, "changeToOperatingActivities": -1266400000, "totalCashFromOperatingActivities": 323200000, "capitalExpenditures": -1700000, "investments": 1100000, "otherCashflowsFromInvestingActivities": 43800000, "totalCashflowsFromInvestingActivities": 43200000, "netBorrowings": -183300000, "otherCashflowsFromFinancingActivities": -54700000, "totalCashFromFinancingActivities": -238000000, "changeInCash": 128400000}, {"maxAge": 1, "endDate": "2017-03-31", "netIncome": -3500000, "depreciation": 214200000, "changeToNetincome": 149900000, "changeToAccountReceivables": -1406600000, "changeToLiabilities": 187900000, "changeToInventory": 6400000, "changeToOperatingActivities": 1116600000, "totalCashFromOperatingActivities": 264900000, "capitalExpenditures": -8600000, "investments": 9000000, "otherCashflowsFromInvestingActivities": 22900000, "totalCashflowsFromInvestingActivities": 23300000, "netBorrowings": -149500000, "otherCashflowsFromFinancingActivities": -165000000, "totalCashFromFinancingActivities": -314500000, "changeInCash": -26300000}], "maxAge": 86400}, "indexTrend": {"maxAge": 1, "symbol": "SP5", "peRatio": 19.7411, "pegRatio": 1.34172, "estimates": [{"period": "0q", "growth": 0.549}, {"period": "+1q", "growth": 0.431}, {"period": "0y", "growth": 0.305}, {"period": "+1y", "growth": 0.109}, {"period": "+5y", "growth": 0.120865}, {"period": "-5y"}]}, "defaultKeyStatistics": {"maxAge": 1, "priceHint": 2, "enterpriseValue": 1956266880, "profitMargins": 0.05163, "floatShares": 18717893, "sharesOutstanding": 50205500, "heldPercentInsiders": 0.56049997, "heldPercentInstitutions": 0.0025099998, "beta": 0.648698, "category": null, "bookValue": 91.359, "priceToBook": 0.52321064, "fundFamily": null, "legalType": null, "lastFiscalYearEnd": "2020-03-31 05:30:00", "nextFiscalYearEnd": "2022-03-31 05:30:00", "mostRecentQuarter": "2020-12-31 05:30:00", "earningsQuarterlyGrowth": 1.336, "netIncomeToCommon": 181800000, "trailingEps": 3.405, "lastSplitFactor": "2:1", "lastSplitDate": "2009-11-11 05:30:00", "enterpriseToRevenue": 0.556, "enterpriseToEbitda": 4.623, "52WeekChange": 2.7054265, "SandP52WeekChange": 0.48148263, "lastDividendValue": 0.5, "lastDividendDate": 1598486400}, "industryTrend": {"maxAge": 1, "symbol": null, "estimates": []}, "quoteType": {"exchange": "NSI", "quoteType": "EQUITY", "symbol": "ADSL.NS", "underlyingSymbol": "ADSL.NS", "shortName": "ALLIED DIGITAL SER", "longName": "Allied Digital Services Limited", "firstTradeDateEpochUtc": "2007-07-25 09:15:00", "timeZoneFullName": "Asia/Kolkata", "timeZoneShortName": "IST", "uuid": "130200ea-2308-3aca-b011-a499e1c319a1", "messageBoardId": "finmb_32582825", "gmtOffSetMilliseconds": 19800000, "maxAge": 1}, "incomeStatementHistory": {"incomeStatementHistory": [{"maxAge": 1, "endDate": "2020-03-31", "totalRevenue": 3301400000, "costOfRevenue": 2442900000, "grossProfit": 858500000, "researchDevelopment": {}, "sellingGeneralAdministrative": 7200000, "nonRecurring": {}, "otherOperatingExpenses": 360000000, "totalOperatingExpenses": 3032200000, "operatingIncome": 269200000, "totalOtherIncomeExpenseNet": -28500000, "ebit": 269200000, "interestExpense": -68700000, "incomeBeforeTax": 240700000, "incomeTaxExpense": 48300000, "minorityInterest": 119600000, "netIncomeFromContinuingOps": 192400000, "discontinuedOperations": {}, "extraordinaryItems": {}, "effectOfAccountingCharges": {}, "otherItems": {}, "netIncome": 192400000, "netIncomeApplicableToCommonShares": 192400000}, {"maxAge": 1, "endDate": "2019-03-31", "totalRevenue": 2397300000, "costOfRevenue": 1731400000, "grossProfit": 665900000, "researchDevelopment": {}, "sellingGeneralAdministrative": 11600000, "nonRecurring": {}, "otherOperatingExpenses": 268200000, "totalOperatingExpenses": 2227400000, "operatingIncome": 169900000, "totalOtherIncomeExpenseNet": -24700000, "ebit": 169900000, "interestExpense": -80100000, "incomeBeforeTax": 145200000, "incomeTaxExpense": 21500000, "minorityInterest": 88900000, "netIncomeFromContinuingOps": 123700000, "discontinuedOperations": {}, "extraordinaryItems": {}, "effectOfAccountingCharges": {}, "otherItems": {}, "netIncome": 123700000, "netIncomeApplicableToCommonShares": 123700000}, {"maxAge": 1, "endDate": "2018-03-31", "totalRevenue": 2249000000, "costOfRevenue": 1476200000, "grossProfit": 772800000, "researchDevelopment": {}, "sellingGeneralAdministrative": 8600000, "nonRecurring": {}, "otherOperatingExpenses": 295600000, "totalOperatingExpenses": 2012000000, "operatingIncome": 237000000, "totalOtherIncomeExpenseNet": -47000000, "ebit": 237000000, "interestExpense": -53100000, "incomeBeforeTax": 190000000, "incomeTaxExpense": 90300000, "minorityInterest": 77200000, "netIncomeFromContinuingOps": 99700000, "discontinuedOperations": {}, "extraordinaryItems": {}, "effectOfAccountingCharges": {}, "otherItems": {}, "netIncome": 99700000, "netIncomeApplicableToCommonShares": 99700000}, {"maxAge": 1, "endDate": "2017-03-31", "totalRevenue": 2153000000, "costOfRevenue": 1490400000, "grossProfit": 662600000, "researchDevelopment": {}, "sellingGeneralAdministrative": 27500000, "nonRecurring": {}, "otherOperatingExpenses": 197300000, "totalOperatingExpenses": 1956400000, "operatingIncome": 196600000, "totalOtherIncomeExpenseNet": -142600000, "ebit": 196600000, "interestExpense": -136800000, "incomeBeforeTax": 54000000, "incomeTaxExpense": 57500000, "minorityInterest": 67400000, "netIncomeFromContinuingOps": -3500000, "discontinuedOperations": {}, "extraordinaryItems": {}, "effectOfAccountingCharges": {}, "otherItems": {}, "netIncome": -3500000, "netIncomeApplicableToCommonShares": -3500000}], "maxAge": 86400}, "fundOwnership": {"maxAge": 1, "ownershipList": []}, "summaryDetail": {"maxAge": 1, "priceHint": 2, "previousClose": 46.8, "open": 46.5, "dayLow": 46.45, "dayHigh": 48.2, "regularMarketPreviousClose": 46.8, "regularMarketOpen": 46.5, "regularMarketDayLow": 46.45, "regularMarketDayHigh": 48.2, "dividendRate": 0.5, "dividendYield": 0.0106, "exDividendDate": "2020-08-27 05:30:00", "payoutRatio": 0.1479, "beta": 0.648698, "trailingPE": 14.038179, "volume": 91018, "regularMarketVolume": 91018, "averageVolume": 223659, "averageVolume10days": 143293, "averageDailyVolume10Day": 143293, "bid": 0.0, "ask": 0.0, "bidSize": 0, "askSize": 0, "marketCap": 2402389760, "fiftyTwoWeekLow": 11.85, "fiftyTwoWeekHigh": 53.75, "priceToSalesTrailing12Months": 0.68224514, "fiftyDayAverage": 47.036366, "twoHundredDayAverage": 35.638382, "trailingAnnualDividendRate": 0.5, "trailingAnnualDividendYield": 0.010683761, "currency": "INR", "fromCurrency": null, "toCurrency": null, "lastMarket": null, "algorithm": null, "tradeable": false}, "insiderHolders": {"holders": [{"maxAge": 1, "name": "Bhatt (Sunil)", "relation": "Chief Technology Officer", "url": "", "transactionDescription": "Sale", "latestTransDate": "2010-06-23", "positionDirect": 36000, "positionDirectDate": "2010-06-23"}, {"maxAge": 1, "name": "Padma Pragna Trust", "relation": "Promoter", "url": "", "transactionDescription": "Acquisition", "latestTransDate": "2017-06-07", "positionDirect": 93622, "positionDirectDate": "2017-06-07"}, {"maxAge": 1, "name": "Raj (Bimal Haridas)", "relation": "Chief Executive Officer", "url": "", "transactionDescription": "Sale", "latestTransDate": "2010-09-06", "positionDirect": 4202, "positionDirectDate": "2010-09-06"}, {"maxAge": 1, "name": "Ramamurthy (Ramachandar)", "relation": "UNREPORTED", "url": "", "transactionDescription": "Sale", "latestTransDate": "2010-02-22", "positionDirect": 6600, "positionDirectDate": "2010-02-22"}, {"maxAge": 1, "name": "Shah (Manoj B)", "relation": "Director (Executive)", "url": "", "transactionDescription": "Acquisition", "latestTransDate": "2010-11-12", "positionDirect": 35250, "positionDirectDate": "2010-11-12"}, {"maxAge": 1, "name": "Shah (Nitin Dhanji)", "relation": "Executive Chairman", "url": "", "transactionDescription": "Acquisition", "latestTransDate": "2014-06-18", "positionDirect": 12596364, "positionDirectDate": "2014-06-18"}, {"maxAge": 1, "name": "Shah (Prakash Dhanji)", "relation": "Director (Executive)", "url": "", "transactionDescription": "Purchase", "latestTransDate": "2016-03-11", "positionDirect": 6346214, "positionDirectDate": "2016-03-11"}, {"maxAge": 1, "name": "Shaikh (Basit)", "relation": "UNREPORTED", "url": "", "transactionDescription": "Sale", "latestTransDate": "2010-03-23", "positionDirect": 12500, "positionDirectDate": "2010-03-23"}], "maxAge": 1}, "calendarEvents": {"maxAge": 1, "earnings": {"earningsDate": []}, "exDividendDate": "2020-08-27 05:30:00"}, "price": {"maxAge": 1, "regularMarketChangePercent": 0.021367522, "regularMarketChange": 1.0, "regularMarketTime": "2021-04-30 15:29:17", "priceHint": 2, "regularMarketPrice": 47.8, "regularMarketDayHigh": 48.2, "regularMarketDayLow": 46.45, "regularMarketVolume": 91018, "averageDailyVolume10Day": 143293, "averageDailyVolume3Month": 223659, "regularMarketPreviousClose": 46.8, "regularMarketSource": "FREE_REALTIME", "regularMarketOpen": 46.5, "exchange": "NSI", "exchangeName": "NSE", "exchangeDataDelayedBy": 15, "marketState": "CLOSED", "quoteType": "EQUITY", "symbol": "ADSL.NS", "underlyingSymbol": null, "shortName": "ALLIED DIGITAL SER", "longName": "Allied Digital Services Limited", "currency": "INR", "quoteSourceName": "Delayed Quote", "currencySymbol": "\u20b9", "fromCurrency": null, "toCurrency": null, "lastMarket": null, "marketCap": 2402389760}, "balanceSheetHistory": {"balanceSheetStatements": [{"maxAge": 1, "endDate": "2020-03-31", "cash": 178400000, "shortTermInvestments": 66400000, "netReceivables": 2357200000, "inventory": 350900000, "otherCurrentAssets": 296800000, "totalCurrentAssets": 3249700000, "longTermInvestments": 115000000, "propertyPlantEquipment": 540000000, "goodWill": 962200000, "intangibleAssets": 418600000, "otherAssets": 944500000, "totalAssets": 6230000000, "accountsPayable": 596700000, "otherCurrentLiab": 161800000, "longTermDebt": 55300000, "otherLiab": 253700000, "minorityInterest": 119600000, "totalCurrentLiabilities": 1222400000, "totalLiab": 1546600000, "commonStock": 251000000, "retainedEarnings": 580600000, "treasuryStock": 26600000, "capitalSurplus": 3705600000, "otherStockholderEquity": 26600000, "totalStockholderEquity": 4563800000, "netTangibleAssets": 3183000000}, {"maxAge": 1, "endDate": "2019-03-31", "cash": 139600000, "shortTermInvestments": 58700000, "netReceivables": 2394300000, "inventory": 340800000, "otherCurrentAssets": 298000000, "totalCurrentAssets": 3231400000, "longTermInvestments": 123900000, "propertyPlantEquipment": 472800000, "goodWill": 962200000, "intangibleAssets": 520900000, "otherAssets": 1021500000, "totalAssets": 6332700000, "accountsPayable": 235800000, "otherCurrentLiab": 738600000, "longTermDebt": 131700000, "otherLiab": 256400000, "minorityInterest": 88900000, "totalCurrentLiabilities": 1487600000, "totalLiab": 1875700000, "commonStock": 251000000, "retainedEarnings": 321500000, "treasuryStock": 90000000, "capitalSurplus": 3705600000, "otherStockholderEquity": 90000000, "totalStockholderEquity": 4368100000, "netTangibleAssets": 2885000000}, {"maxAge": 1, "endDate": "2018-03-31", "cash": 156700000, "shortTermInvestments": 13100000, "netReceivables": 1878500000, "inventory": 331100000, "otherCurrentAssets": 234800000, "totalCurrentAssets": 2656900000, "longTermInvestments": 114800000, "propertyPlantEquipment": 526500000, "goodWill": 962200000, "intangibleAssets": 621700000, "otherAssets": 1313000000, "deferredLongTermAssetCharges": 160300000, "totalAssets": 6195100000, "accountsPayable": 586700000, "otherCurrentLiab": 67100000, "longTermDebt": 45100000, "otherLiab": 242700000, "minorityInterest": 77200000, "totalCurrentLiabilities": 1592600000, "totalLiab": 1880400000, "commonStock": 251000000, "retainedEarnings": 198400000, "treasuryStock": 82500000, "capitalSurplus": 3705600000, "otherStockholderEquity": 82500000, "totalStockholderEquity": 4237500000, "netTangibleAssets": 2653600000}, {"maxAge": 1, "endDate": "2017-03-31", "cash": 57100000, "netReceivables": 3360400000, "inventory": 335100000, "otherCurrentAssets": 187300000, "totalCurrentAssets": 3951600000, "longTermInvestments": 73700000, "propertyPlantEquipment": 576200000, "goodWill": 962200000, "intangibleAssets": 723900000, "otherAssets": 1571300000, "totalAssets": 7858900000, "accountsPayable": 683900000, "shortLongTermDebt": 165200000, "otherCurrentLiab": 139100000, "longTermDebt": 25800000, "otherLiab": 177200000, "deferredLongTermLiab": 36200000, "minorityInterest": 67400000, "totalCurrentLiabilities": 3168900000, "totalLiab": 3371900000, "commonStock": 251000000, "retainedEarnings": 341300000, "treasuryStock": 121700000, "capitalSurplus": 3705600000, "otherStockholderEquity": 121700000, "totalStockholderEquity": 4419600000, "netTangibleAssets": 2733500000}], "maxAge": 86400}, "earningsTrend": {"trend": [{"maxAge": 1, "period": "0q", "endDate": null, "growth": {}, "earningsEstimate": {"avg": 0.0, "low": 0.0, "high": 0.0, "yearAgoEps": {}, "numberOfAnalysts": 0, "growth": {}}, "revenueEstimate": {"avg": 0, "low": 0, "high": 0, "numberOfAnalysts": 0, "yearAgoRevenue": {}, "growth": {}}, "epsTrend": {"current": 0.0, "7daysAgo": 0.0, "30daysAgo": 0.0, "60daysAgo": 0.0, "90daysAgo": 0.0}, "epsRevisions": {"upLast7days": 0, "upLast30days": 0, "downLast30days": 0, "downLast90days": {}}}, {"maxAge": 1, "period": "+1q", "endDate": null, "growth": {}, "earningsEstimate": {"avg": 0.0, "low": 0.0, "high": 0.0, "yearAgoEps": {}, "numberOfAnalysts": 0, "growth": {}}, "revenueEstimate": {"avg": 0, "low": 0, "high": 0, "numberOfAnalysts": 0, "yearAgoRevenue": {}, "growth": {}}, "epsTrend": {"current": 0.0, "7daysAgo": 0.0, "30daysAgo": 0.0, "60daysAgo": 0.0, "90daysAgo": 0.0}, "epsRevisions": {"upLast7days": 0, "upLast30days": 0, "downLast30days": 0, "downLast90days": {}}}, {"maxAge": 1, "period": "0y", "endDate": null, "growth": {}, "earningsEstimate": {"avg": 0.0, "low": 0.0, "high": 0.0, "yearAgoEps": {}, "numberOfAnalysts": 0, "growth": {}}, "revenueEstimate": {"avg": 0, "low": 0, "high": 0, "numberOfAnalysts": 0, "yearAgoRevenue": {}, "growth": {}}, "epsTrend": {"current": 0.0, "7daysAgo": 0.0, "30daysAgo": 0.0, "60daysAgo": 0.0, "90daysAgo": 0.0}, "epsRevisions": {"upLast7days": 0, "upLast30days": 0, "downLast30days": 0, "downLast90days": {}}}, {"maxAge": 1, "period": "+1y", "endDate": null, "growth": {}, "earningsEstimate": {"avg": 0.0, "low": 0.0, "high": 0.0, "yearAgoEps": {}, "numberOfAnalysts": 0, "growth": {}}, "revenueEstimate": {"avg": 0, "low": 0, "high": 0, "numberOfAnalysts": 0, "yearAgoRevenue": {}, "growth": {}}, "epsTrend": {"current": 0.0, "7daysAgo": 0.0, "30daysAgo": 0.0, "60daysAgo": 0.0, "90daysAgo": 0.0}, "epsRevisions": {"upLast7days": 0, "upLast30days": 0, "downLast30days": 0, "downLast90days": {}}}, {"maxAge": 1, "period": "+5y", "endDate": null, "growth": {}, "earningsEstimate": {"avg": {}, "low": {}, "high": {}, "yearAgoEps": {}, "numberOfAnalysts": {}, "growth": {}}, "revenueEstimate": {"avg": {}, "low": {}, "high": {}, "numberOfAnalysts": {}, "yearAgoRevenue": {}, "growth": {}}, "epsTrend": {"current": {}, "7daysAgo": {}, "30daysAgo": {}, "60daysAgo": {}, "90daysAgo": {}}, "epsRevisions": {"upLast7days": {}, "upLast30days": {}, "downLast30days": {}, "downLast90days": {}}}, {"maxAge": 1, "period": "-5y", "endDate": null, "growth": {}, "earningsEstimate": {"avg": {}, "low": {}, "high": {}, "yearAgoEps": {}, "numberOfAnalysts": {}, "growth": {}}, "revenueEstimate": {"avg": {}, "low": {}, "high": {}, "numberOfAnalysts": {}, "yearAgoRevenue": {}, "growth": {}}, "epsTrend": {"current": {}, "7daysAgo": {}, "30daysAgo": {}, "60daysAgo": {}, "90daysAgo": {}}, "epsRevisions": {"upLast7days": {}, "upLast30days": {}, "downLast30days": {}, "downLast90days": {}}}], "maxAge": 1}, "institutionOwnership": {"maxAge": 1, "ownershipList": []}, "majorHoldersBreakdown": {"maxAge": 1, "insidersPercentHeld": 0.56049997, "institutionsPercentHeld": 0.0025099998, "institutionsFloatPercentHeld": 0.0057200002, "institutionsCount": 1}, "balanceSheetHistoryQuarterly": {"balanceSheetStatements": [{"maxAge": 1, "endDate": "2020-12-31", "totalStockholderEquity": 4614200000, "netTangibleAssets": 3285800000}, {"maxAge": 1, "endDate": "2020-09-30", "cash": 707600000, "shortTermInvestments": 416200000, "netReceivables": 1684800000, "inventory": 352300000, "otherCurrentAssets": 150200000, "totalCurrentAssets": 3311100000, "longTermInvestments": 105400000, "propertyPlantEquipment": 584500000, "goodWill": 962200000, "intangibleAssets": 366200000, "otherAssets": 1000700000, "totalAssets": 6330100000, "accountsPayable": 579000000, "otherCurrentLiab": 139100000, "longTermDebt": 53100000, "otherLiab": 261100000, "minorityInterest": 125500000, "totalCurrentLiabilities": 1276200000, "totalLiab": 1590400000, "commonStock": 251000000, "treasuryStock": 4363200000, "otherStockholderEquity": 4363200000, "totalStockholderEquity": 4614200000, "netTangibleAssets": 3285800000}, {"maxAge": 1, "endDate": "2020-06-30", "totalStockholderEquity": 4563800000, "netTangibleAssets": 3183000000}, {"maxAge": 1, "endDate": "2020-03-31", "cash": 178400000, "shortTermInvestments": 66400000, "netReceivables": 2357200000, "inventory": 350900000, "otherCurrentAssets": 296800000, "totalCurrentAssets": 3249700000, "longTermInvestments": 115000000, "propertyPlantEquipment": 540000000, "goodWill": 962200000, "intangibleAssets": 418600000, "otherAssets": 944500000, "totalAssets": 6230000000, "accountsPayable": 596700000, "otherCurrentLiab": 161800000, "longTermDebt": 55300000, "otherLiab": 253700000, "minorityInterest": 119600000, "totalCurrentLiabilities": 1222400000, "totalLiab": 1546600000, "commonStock": 251000000, "retainedEarnings": 580600000, "treasuryStock": 26600000, "capitalSurplus": 3705600000, "otherStockholderEquity": 26600000, "totalStockholderEquity": 4563800000, "netTangibleAssets": 3183000000}], "maxAge": 86400}, "earningsHistory": {"history": [{"maxAge": 1, "epsActual": {}, "epsEstimate": {}, "epsDifference": {}, "surprisePercent": {}, "quarter": {}, "period": "-4q"}, {"maxAge": 1, "epsActual": {}, "epsEstimate": {}, "epsDifference": {}, "surprisePercent": {}, "quarter": {}, "period": "-3q"}, {"maxAge": 1, "epsActual": {}, "epsEstimate": {}, "epsDifference": {}, "surprisePercent": {}, "quarter": {}, "period": "-2q"}, {"maxAge": 1, "epsActual": {}, "epsEstimate": {}, "epsDifference": {}, "surprisePercent": {}, "quarter": {}, "period": "-1q"}], "maxAge": 86400}, "summaryProfile": {"address1": "Premises No.13A, Earnest House", "address2": "13th Floor, Block III Back Bay Rclamation, NCPA Road Nariman Point", "city": "Mumbai", "zip": "400021", "country": "India", "phone": "91 22 6681 6400", "fax": "91 22 2282 2030", "website": "http://www.allieddigital.net", "industry": "Information Technology Services", "sector": "Technology", "longBusinessSummary": "Allied Digital Services Limited designs, develops, deploys, and delivers IT infrastructure management services in India and internationally. The company offers IT-as-a-Service, such as IT transformation consulting, IT optimization and modernization, and disaster recovery hosting services, as well as datacenter hosting, migration, and management; and infrastructure services, such as Infrastructure-as-a-Service, infrastructure management, managed security, and professional services. It also provides end user IT support services, including service desk management, remote device management, virtual desktop infrastructure, enterprise mobility management, desk-side support, and professional services; and IT asset lifecycle services comprising deployment, maintenance, and disposal services, as well as install, move, add, and change services. In addition, the company offers enterprise applications consisting of custom application development, product engineering, ERP and CRM development and support, and business monitoring and management services; helpdesk/service desk management and work order management system solutions; and integrated solutions, such as security command and control center, video surveillance, access control, IoT, and RFID and smart card integrated solutions. Further, it provides perimeter intrusion detection, fire alarm, building management, public address, baggage scanning/explosive detection, and toll plaza and highway traffic management systems; and dispatch and depot services, including installation, datacenter smart hand, VOIP/PBX, datacenter transformation, maintenance and warranty, end user device, site survey, and satellite AV services. The company offers its services in 35 countries across 5 continents. Allied Digital Services Limited was incorporated in 1995 and is based in Mumbai, India.", "fullTimeEmployees": 680, "companyOfficers": [], "maxAge": 86400}, "netSharePurchaseActivity": {"maxAge": 1, "period": "6m", "buyInfoCount": 0, "buyInfoShares": 0, "sellInfoCount": 0, "netInfoCount": 0, "netInfoShares": 0, "netPercentInsiderShares": 0.0, "totalInsiderShares": 28065322}, "insiderTransactions": {"transactions": [{"maxAge": 1, "shares": 61622, "filerUrl": "", "transactionText": "", "filerName": "Padma Pragna Trust", "filerRelation": "Promoter", "moneyText": "", "startDate": "2017-06-07", "ownership": "D"}, {"maxAge": 1, "shares": 160000, "filerUrl": "", "transactionText": "", "filerName": "Shah (Prakash Dhanji)", "filerRelation": "Director (Executive)", "moneyText": "", "startDate": "2016-03-11", "ownership": "D"}, {"maxAge": 1, "shares": 69360, "filerUrl": "", "transactionText": "", "filerName": "Shah (Nitin Dhanji)", "filerRelation": "Executive Chairman", "moneyText": "", "startDate": "2014-06-18", "ownership": "D"}, {"maxAge": 1, "shares": 50050, "filerUrl": "", "transactionText": "", "filerName": "Shah (Nitin Dhanji)", "filerRelation": "Executive Chairman", "moneyText": "", "startDate": "2014-06-13", "ownership": "D"}, {"maxAge": 1, "shares": 9000, "filerUrl": "", "transactionText": "", "filerName": "Shah (Manoj B)", "filerRelation": "Director (Executive)", "moneyText": "", "startDate": "2010-11-12", "ownership": "D"}, {"maxAge": 1, "shares": 10004, "filerUrl": "", "transactionText": "", "filerName": "Raj (Bimal Haridas)", "filerRelation": "Chief Executive Officer", "moneyText": "", "startDate": "2010-09-06", "ownership": "D"}, {"maxAge": 1, "shares": 10350, "filerUrl": "", "transactionText": "", "filerName": "Bhatt (Sunil)", "filerRelation": "Chief Technology Officer", "moneyText": "", "startDate": "2010-06-23", "ownership": "D"}, {"maxAge": 1, "shares": 4500, "filerUrl": "", "transactionText": "", "filerName": "Shaikh (Basit)", "filerRelation": "UNREPORTED", "moneyText": "", "startDate": "2010-03-23", "ownership": "D"}, {"maxAge": 1, "shares": 3750, "filerUrl": "", "transactionText": "", "filerName": "Shah (Manoj B)", "filerRelation": "Director (Executive)", "moneyText": "", "startDate": "2010-03-10", "ownership": "D"}, {"maxAge": 1, "shares": 3687, "filerUrl": "", "transactionText": "", "filerName": "Shah (Manoj B)", "filerRelation": "Director (Executive)", "moneyText": "", "startDate": "2010-03-02", "ownership": "D"}, {"maxAge": 1, "shares": 6313, "filerUrl": "", "transactionText": "", "filerName": "Shah (Manoj B)", "filerRelation": "Director (Executive)", "moneyText": "", "startDate": "2010-02-26", "ownership": "D"}, {"maxAge": 1, "shares": 750, "filerUrl": "", "transactionText": "", "filerName": "Shaikh (Basit)", "filerRelation": "UNREPORTED", "moneyText": "", "startDate": "2010-02-24", "ownership": "D"}, {"maxAge": 1, "shares": 2350, "filerUrl": "", "transactionText": "", "filerName": "Shaikh (Basit)", "filerRelation": "UNREPORTED", "moneyText": "", "startDate": "2010-02-24", "ownership": "D"}, {"maxAge": 1, "shares": 8152, "filerUrl": "", "transactionText": "", "filerName": "Bhatt (Sunil)", "filerRelation": "Chief Technology Officer", "moneyText": "", "startDate": "2010-02-23", "ownership": "D"}, {"maxAge": 1, "shares": 5579, "filerUrl": "", "transactionText": "", "filerName": "Shaikh (Basit)", "filerRelation": "UNREPORTED", "moneyText": "", "startDate": "2010-02-23", "ownership": "D"}, {"maxAge": 1, "shares": 5500, "filerUrl": "", "transactionText": "", "filerName": "Bhatt (Sunil)", "filerRelation": "Chief Technology Officer", "moneyText": "", "startDate": "2010-02-23", "ownership": "D"}, {"maxAge": 1, "shares": 1321, "filerUrl": "", "transactionText": "", "filerName": "Shaikh (Basit)", "filerRelation": "UNREPORTED", "moneyText": "", "startDate": "2010-02-23", "ownership": "D"}, {"maxAge": 1, "shares": 4500, "filerUrl": "", "transactionText": "", "filerName": "Shaikh (Basit)", "filerRelation": "UNREPORTED", "moneyText": "", "startDate": "2010-02-22", "ownership": "D"}, {"maxAge": 1, "shares": 2400, "filerUrl": "", "transactionText": "", "filerName": "Ramamurthy (Ramachandar)", "filerRelation": "UNREPORTED", "moneyText": "", "startDate": "2010-02-22", "ownership": "D"}, {"maxAge": 1, "shares": 4500, "filerUrl": "", "transactionText": "", "filerName": "Shaikh (Basit)", "filerRelation": "UNREPORTED", "moneyText": "", "startDate": "2010-02-22", "ownership": "D"}, {"maxAge": 1, "shares": 10000, "filerUrl": "", "transactionText": "", "filerName": "Raj (Bimal Haridas)", "filerRelation": "Chief Executive Officer", "moneyText": "", "startDate": "2010-02-17", "ownership": "D"}, {"maxAge": 1, "shares": 4500, "filerUrl": "", "transactionText": "", "filerName": "Shah (Manoj B)", "filerRelation": "Director (Executive)", "moneyText": "", "startDate": "2010-02-10", "ownership": "D"}, {"maxAge": 1, "shares": 20000, "filerUrl": "", "transactionText": "", "filerName": "Shah (Manoj B)", "filerRelation": "Director (Executive)", "moneyText": "", "startDate": "2010-02-09", "ownership": "D"}, {"maxAge": 1, "shares": 20000, "filerUrl": "", "transactionText": "", "filerName": "Shah (Manoj B)", "filerRelation": "Director (Executive)", "moneyText": "", "startDate": "2009-10-30", "ownership": "D"}, {"maxAge": 1, "shares": 30000, "filerUrl": "", "transactionText": "", "filerName": "Bhatt (Sunil)", "filerRelation": "Chief Technology Officer", "moneyText": "", "startDate": "2009-10-30", "ownership": "D"}], "maxAge": 1}, "sectorTrend": {"maxAge": 1, "symbol": null, "estimates": []}, "incomeStatementHistoryQuarterly": {"incomeStatementHistory": [{"maxAge": 1, "endDate": "2020-12-31", "totalRevenue": 909200000, "costOfRevenue": 671200000, "grossProfit": 238000000, "researchDevelopment": {}, "sellingGeneralAdministrative": {}, "nonRecurring": {}, "otherOperatingExpenses": 101100000, "totalOperatingExpenses": 827500000, "operatingIncome": 81700000, "totalOtherIncomeExpenseNet": 1000000, "ebit": 81700000, "interestExpense": -12300000, "incomeBeforeTax": 82700000, "incomeTaxExpense": 13100000, "minorityInterest": {}, "netIncomeFromContinuingOps": 69600000, "discontinuedOperations": {}, "extraordinaryItems": {}, "effectOfAccountingCharges": {}, "otherItems": {}, "netIncome": 69600000, "netIncomeApplicableToCommonShares": 69600000}, {"maxAge": 1, "endDate": "2020-09-30", "totalRevenue": 884300000, "costOfRevenue": 688600000, "grossProfit": 195700000, "researchDevelopment": {}, "sellingGeneralAdministrative": {}, "nonRecurring": {}, "otherOperatingExpenses": 105300000, "totalOperatingExpenses": 850000000, "operatingIncome": 34300000, "totalOtherIncomeExpenseNet": 8400000, "ebit": 34300000, "interestExpense": -9300000, "incomeBeforeTax": 42700000, "incomeTaxExpense": 2800000, "minorityInterest": 125500000, "netIncomeFromContinuingOps": 39900000, "discontinuedOperations": {}, "extraordinaryItems": {}, "effectOfAccountingCharges": {}, "otherItems": {}, "netIncome": 39900000, "netIncomeApplicableToCommonShares": 39900000}, {"maxAge": 1, "endDate": "2020-06-30", "totalRevenue": 826500000, "costOfRevenue": 616700000, "grossProfit": 209800000, "researchDevelopment": {}, "sellingGeneralAdministrative": {}, "nonRecurring": {}, "otherOperatingExpenses": 99500000, "totalOperatingExpenses": 773000000, "operatingIncome": 53500000, "totalOtherIncomeExpenseNet": -899999, "ebit": 53500000, "interestExpense": -8200000, "incomeBeforeTax": 52600000, "incomeTaxExpense": 8700000, "minorityInterest": 125500000, "netIncomeFromContinuingOps": 43900000, "discontinuedOperations": {}, "extraordinaryItems": {}, "effectOfAccountingCharges": {}, "otherItems": {}, "netIncome": 43900000, "netIncomeApplicableToCommonShares": 43900000}, {"maxAge": 1, "endDate": "2020-03-31", "totalRevenue": 901300000, "costOfRevenue": 700900000, "grossProfit": 200400000, "researchDevelopment": {}, "sellingGeneralAdministrative": 7200000, "nonRecurring": {}, "otherOperatingExpenses": 96500000, "totalOperatingExpenses": 867700000, "operatingIncome": 33600000, "totalOtherIncomeExpenseNet": 6900000, "ebit": 33600000, "interestExpense": -21400000, "incomeBeforeTax": 40500000, "incomeTaxExpense": 12000000, "minorityInterest": 119600000, "netIncomeFromContinuingOps": 28500000, "discontinuedOperations": {}, "extraordinaryItems": {}, "effectOfAccountingCharges": {}, "otherItems": {}, "netIncome": 28500000, "netIncomeApplicableToCommonShares": 28500000}], "maxAge": 86400}, "cashflowStatementHistoryQuarterly": {"cashflowStatements": [{"maxAge": 1, "endDate": "2020-12-31", "netIncome": 69600000, "changeToLiabilities": 0}, {"maxAge": 1, "endDate": "2020-09-30", "netIncome": 39900000, "changeToLiabilities": 0}, {"maxAge": 1, "endDate": "2020-06-30", "netIncome": 43900000, "changeToLiabilities": 0}, {"maxAge": 1, "endDate": "2020-03-31", "netIncome": 28500000, "changeToLiabilities": 0}], "maxAge": 86400}, "earnings": {"maxAge": 86400, "earningsChart": {"quarterly": [], "earningsDate": []}, "financialsChart": {"yearly": [{"date": 2017, "revenue": 2153000000, "earnings": -3500000}, {"date": 2018, "revenue": 2249000000, "earnings": 99700000}, {"date": 2019, "revenue": 2397300000, "earnings": 123700000}, {"date": 2020, "revenue": 3301400000, "earnings": 192400000}], "quarterly": [{"date": "1Q2020", "revenue": 901300000, "earnings": 28500000}, {"date": "2Q2020", "revenue": 826500000, "earnings": 43900000}, {"date": "3Q2020", "revenue": 884300000, "earnings": 39900000}, {"date": "4Q2020", "revenue": 909200000, "earnings": 69600000}]}, "financialCurrency": "INR"}, "financialData": {"maxAge": 86400, "currentPrice": 47.8, "targetHighPrice": 158.0, "targetLowPrice": 158.0, "targetMeanPrice": 158.0, "targetMedianPrice": 158.0, "recommendationKey": "none", "numberOfAnalystOpinions": 1, "totalCash": 1123800064, "totalCashPerShare": 22.444, "ebitda": 423124992, "totalDebt": 611200000, "totalRevenue": 3521299968, "debtToEquity": 12.895, "revenuePerShare": 70.003, "grossProfits": 858500000, "earningsGrowth": 1.186, "revenueGrowth": 0.081, "grossMargins": 0.23963, "ebitdaMargins": 0.12016, "operatingMargins": 0.05762, "profitMargins": 0.05163, "financialCurrency": "INR"}}}