{"ADVANIHOTR.BO": {"recommendationTrend": {"trend": [{"period": "0m", "strongBuy": 0, "buy": 0, "hold": 0, "sell": 0, "strongSell": 0}, {"period": "-1m", "strongBuy": 0, "buy": 0, "hold": 0, "sell": 0, "strongSell": 0}, {"period": "-2m", "strongBuy": 0, "buy": 0, "hold": 0, "sell": 0, "strongSell": 0}, {"period": "-3m", "strongBuy": 0, "buy": 0, "hold": 0, "sell": 0, "strongSell": 0}], "maxAge": 86400}, "cashflowStatementHistory": {"cashflowStatements": [{"maxAge": 1, "endDate": "2020-03-31", "netIncome": 112616000, "depreciation": 37443000, "changeToNetincome": -16126000, "changeToAccountReceivables": 8182000, "changeToLiabilities": 906000, "changeToInventory": -2788000, "changeToOperatingActivities": -1132000, "totalCashFromOperatingActivities": 139101000, "capitalExpenditures": -11266000, "investments": 80755000, "otherCashflowsFromInvestingActivities": 5056000, "totalCashflowsFromInvestingActivities": 75036000, "dividendsPaid": -182820000, "netBorrowings": -16784000, "otherCashflowsFromFinancingActivities": -1129000, "totalCashFromFinancingActivities": -200733000, "changeInCash": 13404000}, {"maxAge": 1, "endDate": "2019-03-31", "netIncome": 113705976, "depreciation": 35952791, "changeToNetincome": -18449594, "changeToAccountReceivables": -2312115, "changeToLiabilities": -11666067, "changeToInventory": 861277, "changeToOperatingActivities": -4686188, "totalCashFromOperatingActivities": 113988711, "capitalExpenditures": -15444008, "investments": -190651660, "otherCashflowsFromInvestingActivities": 8352547, "totalCashflowsFromInvestingActivities": -197743121, "dividendsPaid": -44617426, "netBorrowings": 9640543, "otherCashflowsFromFinancingActivities": -638001, "totalCashFromFinancingActivities": -35614884, "changeInCash": -119369294}, {"maxAge": 1, "endDate": "2018-03-31", "netIncome": 86343135, "depreciation": 34726520, "changeToNetincome": 1766455, "changeToAccountReceivables": -3959782, "changeToLiabilities": 38355076, "changeToInventory": -563325, "changeToOperatingActivities": -3134509, "totalCashFromOperatingActivities": 153998789, "capitalExpenditures": -37024113, "investments": -190651660, "otherCashflowsFromInvestingActivities": 3810231, "totalCashflowsFromInvestingActivities": -31378882, "dividendsPaid": -26941940, "netBorrowings": -207611, "otherCashflowsFromFinancingActivities": -594697, "totalCashFromFinancingActivities": -27744248, "changeInCash": 94875659}, {"maxAge": 1, "endDate": "2017-03-31", "netIncome": 89341388, "depreciation": 36602612, "changeToNetincome": 7198838, "changeToAccountReceivables": 14098116, "changeToLiabilities": -4342028, "changeToInventory": -247199, "changeToOperatingActivities": -2849663, "totalCashFromOperatingActivities": 140112055, "capitalExpenditures": -9227830, "investments": -190651660, "otherCashflowsFromInvestingActivities": 1495672, "totalCashflowsFromInvestingActivities": -7683783, "dividendsPaid": -32783636, "netBorrowings": -72599960, "otherCashflowsFromFinancingActivities": -3512908, "totalCashFromFinancingActivities": -108896504, "changeInCash": 23531768}], "maxAge": 86400}, "institutionOwnership": {"maxAge": 1, "ownershipList": []}, "balanceSheetHistoryQuarterly": {"balanceSheetStatements": [{"maxAge": 1, "endDate": "2020-06-30", "totalStockholderEquity": 472985000, "netTangibleAssets": 472356000}, {"maxAge": 1, "endDate": "2020-03-31", "cash": 22247000, "shortTermInvestments": 112260000, "netReceivables": 27774000, "inventory": 16651000, "otherCurrentAssets": 11739000, "totalCurrentAssets": 190671000, "longTermInvestments": 8898000, "propertyPlantEquipment": 468929000, "intangibleAssets": 629000, "otherAssets": 7370000, "totalAssets": 676497000, "accountsPayable": 34570000, "otherCurrentLiab": 96653000, "longTermDebt": 3320000, "otherLiab": 66849000, "totalCurrentLiabilities": 133343000, "totalLiab": 203512000, "commonStock": 92439000, "treasuryStock": 380546000, "otherStockholderEquity": 380546000, "totalStockholderEquity": 472985000, "netTangibleAssets": 472356000}, {"maxAge": 1, "endDate": "2019-12-31", "totalStockholderEquity": 426004000, "netTangibleAssets": 421863000}, {"maxAge": 1, "endDate": "2019-09-30", "cash": 19531000, "shortTermInvestments": 111526000, "netReceivables": 19256000, "inventory": 13641000, "otherCurrentAssets": 25376000, "totalCurrentAssets": 189330000, "longTermInvestments": 8620000, "propertyPlantEquipment": 468026000, "intangibleAssets": 4141000, "otherAssets": 5138000, "totalAssets": 675255000, "accountsPayable": 24443000, "otherCurrentLiab": 139482000, "longTermDebt": 3875000, "otherLiab": 74325000, "totalCurrentLiabilities": 171051000, "totalLiab": 249251000, "commonStock": 92439000, "treasuryStock": 333565000, "otherStockholderEquity": 333565000, "totalStockholderEquity": 426004000, "netTangibleAssets": 421863000}], "maxAge": 86400}, "earningsHistory": {"history": [{"maxAge": 1, "epsActual": {}, "epsEstimate": {}, "epsDifference": {}, "surprisePercent": {}, "quarter": {}, "period": "-4q"}, {"maxAge": 1, "epsActual": {}, "epsEstimate": {}, "epsDifference": {}, "surprisePercent": {}, "quarter": {}, "period": "-3q"}, {"maxAge": 1, "epsActual": {}, "epsEstimate": {}, "epsDifference": {}, "surprisePercent": {}, "quarter": {}, "period": "-2q"}, {"maxAge": 1, "epsActual": -0.09, "epsEstimate": 0.24, "epsDifference": -0.33, "surprisePercent": -1.375, "quarter": "2017-09-30", "period": "-1q"}], "maxAge": 86400}, "indexTrend": {"maxAge": 1, "symbol": "SP5", "peRatio": 19.7411, "pegRatio": 1.34172, "estimates": [{"period": "0q", "growth": 0.549}, {"period": "+1q", "growth": 0.431}, {"period": "0y", "growth": 0.305}, {"period": "+1y", "growth": 0.109}, {"period": "+5y", "growth": 0.120865}, {"period": "-5y"}]}, "industryTrend": {"maxAge": 1, "symbol": null, "estimates": []}, "insiderTransactions": {"transactions": [{"maxAge": 1, "shares": 501000, "value": 281261, "filerUrl": "", "transactionText": "Acquisition at price 0.56 per share.", "filerName": "Advani (Alekha Haresh)", "filerRelation": "Promoter", "moneyText": "", "startDate": "2020-09-30", "ownership": "D"}, {"maxAge": 1, "shares": 1000, "value": 563, "filerUrl": "", "transactionText": "Acquisition at price 0.56 per share.", "filerName": "Advani (Haresh Gurudas)", "filerRelation": "Promoter", "moneyText": "", "startDate": "2020-09-29", "ownership": "D"}, {"maxAge": 1, "shares": 1000, "value": 563, "filerUrl": "", "transactionText": "Acquisition at price 0.56 per share.", "filerName": "Advani (Nina Haresh)", "filerRelation": "Promoter", "moneyText": "", "startDate": "2020-09-29", "ownership": "D"}, {"maxAge": 1, "shares": 540000, "filerUrl": "", "transactionText": "", "filerName": "Advani (Haresh Gurudas)", "filerRelation": "Director (Executive)", "moneyText": "", "startDate": "2019-04-01", "ownership": "D"}, {"maxAge": 1, "shares": 540000, "filerUrl": "", "transactionText": "", "filerName": "Advani (Jihan Haresh)", "filerRelation": "Promoter", "moneyText": "", "startDate": "2019-04-01", "ownership": "D"}], "maxAge": 1}, "quoteType": {"exchange": "BSE", "quoteType": "EQUITY", "symbol": "ADVANIHOTR.BO", "underlyingSymbol": "ADVANIHOTR.BO", "shortName": "ADVANI HOTELS & RESORTS (INDIA", "longName": "Advani Hotels & Resorts (India) Limited", "firstTradeDateEpochUtc": "2002-01-03 09:15:00", "timeZoneFullName": "Asia/Kolkata", "timeZoneShortName": "IST", "uuid": "62ccae01-8187-3891-bce6-979299baa4df", "messageBoardId": null, "gmtOffSetMilliseconds": 19800000, "maxAge": 1}, "incomeStatementHistory": {"incomeStatementHistory": [{"maxAge": 1, "endDate": "2020-03-31", "totalRevenue": 701266000, "costOfRevenue": 348174000, "grossProfit": 353092000, "researchDevelopment": {}, "sellingGeneralAdministrative": {}, "nonRecurring": {}, "otherOperatingExpenses": 183164000, "totalOperatingExpenses": 568781000, "operatingIncome": 132485000, "totalOtherIncomeExpenseNet": 8032000, "ebit": 132485000, "interestExpense": -2254000, "incomeBeforeTax": 140517000, "incomeTaxExpense": 27901000, "minorityInterest": {}, "netIncomeFromContinuingOps": 112616000, "discontinuedOperations": {}, "extraordinaryItems": {}, "effectOfAccountingCharges": {}, "otherItems": {}, "netIncome": 112616000, "netIncomeApplicableToCommonShares": 112616000}, {"maxAge": 1, "endDate": "2019-03-31", "totalRevenue": 702755025, "costOfRevenue": 329914840, "grossProfit": 372840185, "researchDevelopment": {}, "sellingGeneralAdministrative": 17228548, "nonRecurring": {}, "otherOperatingExpenses": 193671225, "totalOperatingExpenses": 577350035, "operatingIncome": 125404990, "totalOtherIncomeExpenseNet": 13840229, "ebit": 125404990, "interestExpense": -478793, "incomeBeforeTax": 139245219, "incomeTaxExpense": 25539243, "minorityInterest": {}, "netIncomeFromContinuingOps": 113705976, "discontinuedOperations": {}, "extraordinaryItems": {}, "effectOfAccountingCharges": {}, "otherItems": {}, "netIncome": 113705976, "netIncomeApplicableToCommonShares": 113705976}, {"maxAge": 1, "endDate": "2018-03-31", "totalRevenue": 624770165, "costOfRevenue": 294247091, "grossProfit": 330523074, "researchDevelopment": {}, "sellingGeneralAdministrative": 13651997, "nonRecurring": {}, "otherOperatingExpenses": 164289523, "totalOperatingExpenses": 507380350, "operatingIncome": 117389815, "totalOtherIncomeExpenseNet": 11687271, "ebit": 117389815, "interestExpense": -495908, "incomeBeforeTax": 129077086, "incomeTaxExpense": 42733951, "minorityInterest": {}, "netIncomeFromContinuingOps": 86343135, "discontinuedOperations": {}, "extraordinaryItems": {}, "effectOfAccountingCharges": {}, "otherItems": {}, "netIncome": 86343135, "netIncomeApplicableToCommonShares": 86343135}, {"maxAge": 1, "endDate": "2017-03-31", "totalRevenue": 596397775, "costOfRevenue": 257045706, "grossProfit": 339352069, "researchDevelopment": {}, "sellingGeneralAdministrative": 13241674, "nonRecurring": {}, "otherOperatingExpenses": 154544993, "totalOperatingExpenses": 461744976, "operatingIncome": 134652799, "totalOtherIncomeExpenseNet": 8947670, "ebit": 134652799, "interestExpense": -2652066, "incomeBeforeTax": 143600469, "incomeTaxExpense": 54259081, "minorityInterest": {}, "netIncomeFromContinuingOps": 89341388, "discontinuedOperations": {}, "extraordinaryItems": {}, "effectOfAccountingCharges": {}, "otherItems": {}, "netIncome": 89341388, "netIncomeApplicableToCommonShares": 89341388}], "maxAge": 86400}, "fundOwnership": {"maxAge": 1, "ownershipList": []}, "summaryDetail": {"maxAge": 1, "priceHint": 2, "previousClose": 53.95, "open": 52.8, "dayLow": 52.5, "dayHigh": 56.6, "regularMarketPreviousClose": 53.95, "regularMarketOpen": 52.8, "regularMarketDayLow": 52.5, "regularMarketDayHigh": 56.6, "trailingPE": 55.6331, "forwardPE": 22.5, "volume": 5177, "regularMarketVolume": 5177, "averageVolume": 4713, "averageVolume10days": 2868, "averageDailyVolume10Day": 2868, "bid": 54.55, "ask": 56.4, "bidSize": 0, "askSize": 0, "marketCap": 2579031296, "fiftyTwoWeekLow": 24.9, "fiftyTwoWeekHigh": 62.65, "fiftyDayAverage": 49.39143, "twoHundredDayAverage": 46.809124, "trailingAnnualDividendRate": 1.9, "trailingAnnualDividendYield": 0.03521779, "currency": "INR", "fromCurrency": null, "toCurrency": null, "lastMarket": null, "algorithm": null, "tradeable": false}, "sectorTrend": {"maxAge": 1, "symbol": null, "estimates": []}, "incomeStatementHistoryQuarterly": {"incomeStatementHistory": [{"maxAge": 1, "endDate": "2020-06-30", "totalRevenue": 58000, "costOfRevenue": 41247000, "grossProfit": -41189000, "researchDevelopment": {}, "sellingGeneralAdministrative": {}, "nonRecurring": {}, "otherOperatingExpenses": 15823000, "totalOperatingExpenses": 65607000, "operatingIncome": -65549000, "totalOtherIncomeExpenseNet": 1609000, "ebit": -65549000, "interestExpense": -373000, "incomeBeforeTax": -63940000, "incomeTaxExpense": -16587000, "minorityInterest": {}, "netIncomeFromContinuingOps": -47353000, "discontinuedOperations": {}, "extraordinaryItems": {}, "effectOfAccountingCharges": {}, "otherItems": {}, "netIncome": -47353000, "netIncomeApplicableToCommonShares": -47353000}, {"maxAge": 1, "endDate": "2020-03-31", "totalRevenue": 202569000, "costOfRevenue": 86464000, "grossProfit": 116105000, "researchDevelopment": {}, "sellingGeneralAdministrative": {}, "nonRecurring": {}, "otherOperatingExpenses": 45532000, "totalOperatingExpenses": 142847000, "operatingIncome": 59722000, "totalOtherIncomeExpenseNet": 3107000, "ebit": 59722000, "interestExpense": -1320000, "incomeBeforeTax": 62829000, "incomeTaxExpense": 16537000, "minorityInterest": {}, "netIncomeFromContinuingOps": 46292000, "discontinuedOperations": {}, "extraordinaryItems": {}, "effectOfAccountingCharges": {}, "otherItems": {}, "netIncome": 46292000, "netIncomeApplicableToCommonShares": 46292000}, {"maxAge": 1, "endDate": "2019-12-31", "totalRevenue": 219819000, "costOfRevenue": 84620000, "grossProfit": 135199000, "researchDevelopment": {}, "sellingGeneralAdministrative": {}, "nonRecurring": {}, "otherOperatingExpenses": 54503000, "totalOperatingExpenses": 147466000, "operatingIncome": 72353000, "totalOtherIncomeExpenseNet": 1121000, "ebit": 72353000, "interestExpense": -543000, "incomeBeforeTax": 73474000, "incomeTaxExpense": 11248000, "minorityInterest": {}, "netIncomeFromContinuingOps": 62226000, "discontinuedOperations": {}, "extraordinaryItems": {}, "effectOfAccountingCharges": {}, "otherItems": {}, "netIncome": 62226000, "netIncomeApplicableToCommonShares": 62226000}, {"maxAge": 1, "endDate": "2019-09-30", "totalRevenue": 115271000, "costOfRevenue": 86840000, "grossProfit": 28431000, "researchDevelopment": {}, "sellingGeneralAdministrative": {}, "nonRecurring": {}, "otherOperatingExpenses": 38611000, "totalOperatingExpenses": 134531000, "operatingIncome": -19260000, "totalOtherIncomeExpenseNet": 1896000, "ebit": -19260000, "interestExpense": -194000, "incomeBeforeTax": -17364000, "incomeTaxExpense": -2624000, "minorityInterest": {}, "netIncomeFromContinuingOps": -14740000, "discontinuedOperations": {}, "extraordinaryItems": {}, "effectOfAccountingCharges": {}, "otherItems": {}, "netIncome": -14740000, "netIncomeApplicableToCommonShares": -14740000}], "maxAge": 86400}, "cashflowStatementHistoryQuarterly": {"cashflowStatements": [{"maxAge": 1, "endDate": "2020-06-30", "netIncome": -47353000, "changeToLiabilities": 0}, {"maxAge": 1, "endDate": "2020-03-31", "netIncome": 46292000, "changeToLiabilities": 0}, {"maxAge": 1, "endDate": "2019-12-31", "netIncome": 62226000, "changeToLiabilities": 0}, {"maxAge": 1, "endDate": "2019-09-30", "netIncome": -14740000, "changeToLiabilities": 0}], "maxAge": 86400}, "insiderHolders": {"holders": [{"maxAge": 1, "name": "Advani (Alekha Haresh)", "relation": "Promoter", "url": "", "transactionDescription": "Acquisition", "latestTransDate": "2020-09-30", "positionDirect": 519451, "positionDirectDate": "2020-09-30"}, {"maxAge": 1, "name": "Advani (Haresh Gurudas)", "relation": "Promoter", "url": "", "transactionDescription": "Acquisition", "latestTransDate": "2020-09-29", "positionDirect": 4791139, "positionDirectDate": "2020-09-29"}, {"maxAge": 1, "name": "Advani (Jihan Haresh)", "relation": "Promoter", "url": "", "transactionDescription": "Gift", "latestTransDate": "2019-04-01", "positionDirect": 662500, "positionDirectDate": "2019-04-01"}, {"maxAge": 1, "name": "Advani (Nina Haresh)", "relation": "Promoter", "url": "", "transactionDescription": "Acquisition", "latestTransDate": "2020-09-29", "positionDirect": 2137350, "positionDirectDate": "2020-09-29"}], "maxAge": 1}, "earnings": {"maxAge": 86400, "earningsChart": {"quarterly": [{"date": "3Q2017", "actual": -0.09, "estimate": 0.24}], "currentQuarterEstimateDate": "4Q", "currentQuarterEstimateYear": 2017, "earningsDate": []}, "financialsChart": {"yearly": [{"date": 2017, "revenue": 596397775, "earnings": 89341388}, {"date": 2018, "revenue": 624770165, "earnings": 86343135}, {"date": 2019, "revenue": 702755025, "earnings": 113705976}, {"date": 2020, "revenue": 701266000, "earnings": 112616000}], "quarterly": [{"date": "3Q2019", "revenue": 115271000, "earnings": -14740000}, {"date": "4Q2019", "revenue": 219819000, "earnings": 62226000}, {"date": "1Q2020", "revenue": 202569000, "earnings": 46292000}, {"date": "2Q2020", "revenue": 58000, "earnings": -47353000}]}, "financialCurrency": "INR"}, "calendarEvents": {"maxAge": 1, "earnings": {"earningsDate": [], "revenueAverage": 200271000}}, "price": {"maxAge": 1, "regularMarketChangePercent": 0.03429098, "regularMarketChange": 1.8499985, "regularMarketTime": "2021-04-30 15:50:06", "priceHint": 2, "regularMarketPrice": 55.8, "regularMarketDayHigh": 56.6, "regularMarketDayLow": 52.5, "regularMarketVolume": 5177, "averageDailyVolume10Day": 2868, "averageDailyVolume3Month": 4713, "regularMarketPreviousClose": 53.95, "regularMarketSource": "FREE_REALTIME", "regularMarketOpen": 52.8, "exchange": "BSE", "exchangeName": "BSE", "exchangeDataDelayedBy": 0, "marketState": "CLOSED", "quoteType": "EQUITY", "symbol": "ADVANIHOTR.BO", "underlyingSymbol": null, "shortName": "ADVANI HOTELS & RESORTS (INDIA", "longName": "Advani Hotels & Resorts (India) Limited", "currency": "INR", "quoteSourceName": "Delayed Quote", "currencySymbol": "\u20b9", "fromCurrency": null, "toCurrency": null, "lastMarket": null, "marketCap": 2579031296}, "balanceSheetHistory": {"balanceSheetStatements": [{"maxAge": 1, "endDate": "2020-03-31", "cash": 22247000, "shortTermInvestments": 112260000, "netReceivables": 27774000, "inventory": 16651000, "otherCurrentAssets": 11739000, "totalCurrentAssets": 190671000, "longTermInvestments": 8898000, "propertyPlantEquipment": 468929000, "intangibleAssets": 629000, "otherAssets": 7370000, "totalAssets": 676497000, "accountsPayable": 34570000, "otherCurrentLiab": 96653000, "longTermDebt": 3320000, "otherLiab": 66849000, "totalCurrentLiabilities": 133343000, "totalLiab": 203512000, "commonStock": 92439000, "treasuryStock": 380546000, "otherStockholderEquity": 380546000, "totalStockholderEquity": 472985000, "netTangibleAssets": 472356000}, {"maxAge": 1, "endDate": "2019-03-31", "cash": 1994373, "shortTermInvestments": 193368625, "netReceivables": 36755129, "inventory": 13863543, "otherCurrentAssets": 17659917, "totalCurrentAssets": 267749147, "longTermInvestments": 3416687, "propertyPlantEquipment": 483781256, "intangibleAssets": 984536, "otherAssets": 4529284, "totalAssets": 760460910, "accountsPayable": 32276005, "shortLongTermDebt": 1365536, "otherCurrentLiab": 47400501, "longTermDebt": 4408583, "otherLiab": 70407256, "totalCurrentLiabilities": 140761978, "totalLiab": 215577817, "commonStock": 92438500, "retainedEarnings": 312999410, "treasuryStock": 92355283, "capitalSurplus": 47089900, "otherStockholderEquity": 92355283, "totalStockholderEquity": 544883093, "netTangibleAssets": 543898557}, {"maxAge": 1, "endDate": "2018-03-31", "cash": 121363667, "shortTermInvestments": 2562203, "netReceivables": 40654161, "inventory": 14724820, "otherCurrentAssets": 13875867, "totalCurrentAssets": 196694351, "longTermInvestments": 3125434, "propertyPlantEquipment": 504595506, "intangibleAssets": 1282167, "otherAssets": 6085309, "totalAssets": 711782767, "accountsPayable": 37568310, "shortLongTermDebt": 2124231, "otherCurrentLiab": 59448279, "longTermDebt": 4151661, "otherLiab": 86855583, "totalCurrentLiabilities": 144926043, "totalLiab": 235933287, "commonStock": 92438500, "retainedEarnings": 243965797, "treasuryStock": 92355283, "capitalSurplus": 47089900, "otherStockholderEquity": 92355283, "totalStockholderEquity": 475849480, "netTangibleAssets": 474567313}, {"maxAge": 1, "endDate": "2017-03-31", "cash": 26488008, "shortTermInvestments": 2331031, "netReceivables": 30286408, "inventory": 14161495, "otherCurrentAssets": 9699348, "totalCurrentAssets": 88437971, "longTermInvestments": 1544704, "propertyPlantEquipment": 506362489, "intangibleAssets": 690126, "otherAssets": 13522085, "totalAssets": 610557375, "accountsPayable": 30272389, "shortLongTermDebt": 2931583, "otherCurrentLiab": 38956912, "longTermDebt": 3051798, "otherLiab": 85534081, "totalCurrentLiabilities": 105569606, "totalLiab": 194155485, "commonStock": 92438500, "retainedEarnings": 184518207, "treasuryStock": 92355283, "capitalSurplus": 47089900, "otherStockholderEquity": 92355283, "totalStockholderEquity": 416401890, "netTangibleAssets": 415711764}], "maxAge": 86400}, "earningsTrend": {"trend": [{"maxAge": 1, "period": "0q", "endDate": "2017-12-31", "growth": {}, "earningsEstimate": {"avg": 0.0, "low": 0.0, "high": 0.0, "yearAgoEps": {}, "numberOfAnalysts": 0, "growth": {}}, "revenueEstimate": {"avg": 200271000, "low": 0, "high": 0, "numberOfAnalysts": 0, "yearAgoRevenue": {}, "growth": {}}, "epsTrend": {"current": 0.0, "7daysAgo": 0.0, "30daysAgo": 0.0, "60daysAgo": 0.0, "90daysAgo": 0.0}, "epsRevisions": {"upLast7days": 0, "upLast30days": 0, "downLast30days": 0, "downLast90days": {}}}, {"maxAge": 1, "period": "+1q", "endDate": "2018-03-31", "growth": {}, "earningsEstimate": {"avg": 0.0, "low": 0.0, "high": 0.0, "yearAgoEps": {}, "numberOfAnalysts": 0, "growth": {}}, "revenueEstimate": {"avg": 198633000, "low": 0, "high": 0, "numberOfAnalysts": 0, "yearAgoRevenue": 184229000, "growth": 0.078}, "epsTrend": {"current": 0.0, "7daysAgo": 0.0, "30daysAgo": 0.0, "60daysAgo": 0.0, "90daysAgo": 0.0}, "epsRevisions": {"upLast7days": 0, "upLast30days": 0, "downLast30days": 0, "downLast90days": {}}}, {"maxAge": 1, "period": "0y", "endDate": "2018-03-31", "growth": {}, "earningsEstimate": {"avg": 0.0, "low": 0.0, "high": 0.0, "yearAgoEps": {}, "numberOfAnalysts": 0, "growth": {}}, "revenueEstimate": {"avg": 638224000, "low": 662000000, "high": 662000000, "numberOfAnalysts": 1, "yearAgoRevenue": 608414000, "growth": 0.049000002}, "epsTrend": {"current": 0.0, "7daysAgo": 2.18, "30daysAgo": 2.18, "60daysAgo": 2.18, "90daysAgo": 2.18}, "epsRevisions": {"upLast7days": 0, "upLast30days": 0, "downLast30days": 0, "downLast90days": {}}}, {"maxAge": 1, "period": "+1y", "endDate": "2019-03-31", "growth": {}, "earningsEstimate": {"avg": 0.0, "low": 0.0, "high": 0.0, "yearAgoEps": {}, "numberOfAnalysts": 0, "growth": {}}, "revenueEstimate": {"avg": 741440000, "low": 741440000, "high": 741440000, "numberOfAnalysts": 1, "yearAgoRevenue": 638224000, "growth": 0.162}, "epsTrend": {"current": 0.0, "7daysAgo": 2.48, "30daysAgo": 2.48, "60daysAgo": 2.48, "90daysAgo": 2.48}, "epsRevisions": {"upLast7days": 0, "upLast30days": 0, "downLast30days": 0, "downLast90days": {}}}, {"maxAge": 1, "period": "+5y", "endDate": null, "growth": {}, "earningsEstimate": {"avg": {}, "low": {}, "high": {}, "yearAgoEps": {}, "numberOfAnalysts": {}, "growth": {}}, "revenueEstimate": {"avg": {}, "low": {}, "high": {}, "numberOfAnalysts": {}, "yearAgoRevenue": {}, "growth": {}}, "epsTrend": {"current": {}, "7daysAgo": {}, "30daysAgo": {}, "60daysAgo": {}, "90daysAgo": {}}, "epsRevisions": {"upLast7days": {}, "upLast30days": {}, "downLast30days": {}, "downLast90days": {}}}, {"maxAge": 1, "period": "-5y", "endDate": null, "growth": {}, "earningsEstimate": {"avg": {}, "low": {}, "high": {}, "yearAgoEps": {}, "numberOfAnalysts": {}, "growth": {}}, "revenueEstimate": {"avg": {}, "low": {}, "high": {}, "numberOfAnalysts": {}, "yearAgoRevenue": {}, "growth": {}}, "epsTrend": {"current": {}, "7daysAgo": {}, "30daysAgo": {}, "60daysAgo": {}, "90daysAgo": {}}, "epsRevisions": {"upLast7days": {}, "upLast30days": {}, "downLast30days": {}, "downLast90days": {}}}], "maxAge": 1}, "financialData": {"maxAge": 86400, "currentPrice": 55.8, "recommendationKey": "none", "grossProfits": 353092000, "financialCurrency": "INR"}}}