{"ADVENZYMES.BO": {"recommendationTrend": {"trend": [{"period": "0m", "strongBuy": 0, "buy": 0, "hold": 0, "sell": 0, "strongSell": 0}, {"period": "-1m", "strongBuy": 0, "buy": 0, "hold": 0, "sell": 0, "strongSell": 0}, {"period": "-2m", "strongBuy": 0, "buy": 0, "hold": 0, "sell": 0, "strongSell": 0}, {"period": "-3m", "strongBuy": 0, "buy": 0, "hold": 0, "sell": 0, "strongSell": 0}], "maxAge": 86400}, "cashflowStatementHistory": {"cashflowStatements": [{"maxAge": 1, "endDate": "2020-03-31", "netIncome": 1292940000, "depreciation": 248780000, "changeToNetincome": 14240000, "changeToAccountReceivables": -139050000, "changeToLiabilities": -6790000, "changeToInventory": -5200000, "changeToOperatingActivities": -4920000, "totalCashFromOperatingActivities": 1409000000, "capitalExpenditures": -506510000, "investments": -10240000, "otherCashflowsFromInvestingActivities": 69730000, "totalCashflowsFromInvestingActivities": -444980000, "dividendsPaid": -66280000, "netBorrowings": -257130000, "otherCashflowsFromFinancingActivities": -63900000, "totalCashFromFinancingActivities": -385540000, "effectOfExchangeRate": 17540000, "changeInCash": 596020000, "issuanceOfStock": 1770000}, {"maxAge": 1, "endDate": "2019-03-31", "netIncome": 1110590000, "depreciation": 202160000, "changeToNetincome": 84920000, "changeToAccountReceivables": -85160000, "changeToLiabilities": -77250000, "changeToInventory": -2220000, "changeToOperatingActivities": 43610000, "totalCashFromOperatingActivities": 1285650000, "capitalExpenditures": -117650000, "investments": -1110270000, "otherCashflowsFromInvestingActivities": 3500000, "totalCashflowsFromInvestingActivities": -1246530000, "dividendsPaid": -56410000, "netBorrowings": -312890000, "otherCashflowsFromFinancingActivities": -62700000, "totalCashFromFinancingActivities": -430860000, "effectOfExchangeRate": 11080000, "changeInCash": -380660000, "issuanceOfStock": 1140000}, {"maxAge": 1, "endDate": "2018-03-31", "netIncome": 900550000, "depreciation": 381470000, "changeToNetincome": -70530000, "changeToAccountReceivables": 44840000, "changeToLiabilities": -26250000, "changeToInventory": -37950000, "changeToOperatingActivities": -37000000, "totalCashFromOperatingActivities": 1159750000, "capitalExpenditures": -93910000, "investments": 1230000, "otherCashflowsFromInvestingActivities": 1400000, "totalCashflowsFromInvestingActivities": -781880000, "dividendsPaid": -76000000, "netBorrowings": 99500000, "otherCashflowsFromFinancingActivities": -44160000, "totalCashFromFinancingActivities": -20660000, "effectOfExchangeRate": 28200000, "changeInCash": 536230000, "issuanceOfStock": 1140000}, {"maxAge": 1, "endDate": "2017-03-31", "netIncome": 915490000, "depreciation": 127010000, "changeToNetincome": -13910000, "changeToAccountReceivables": -74380000, "changeToLiabilities": -129260000, "changeToInventory": -28580000, "changeToOperatingActivities": 276570000, "totalCashFromOperatingActivities": 1073540000, "capitalExpenditures": -103440000, "investments": -2370000, "otherCashflowsFromInvestingActivities": 14880000, "totalCashflowsFromInvestingActivities": -603480000, "dividendsPaid": -25090000, "netBorrowings": -1053090000, "otherCashflowsFromFinancingActivities": -43020000, "totalCashFromFinancingActivities": -653020000, "effectOfExchangeRate": 3880000, "changeInCash": -177580000, "issuanceOfStock": 468180000}], "maxAge": 86400}, "institutionOwnership": {"maxAge": 1, "ownershipList": []}, "balanceSheetHistoryQuarterly": {"balanceSheetStatements": [{"maxAge": 1, "endDate": "2020-06-30", "totalStockholderEquity": 8396530000, "netTangibleAssets": 4809830000}, {"maxAge": 1, "endDate": "2020-03-31", "cash": 826640000, "shortTermInvestments": 14380000, "netReceivables": 777320000, "inventory": 800300000, "otherCurrentAssets": 127540000, "totalCurrentAssets": 3803910000, "longTermInvestments": 670000, "propertyPlantEquipment": 2143320000, "goodWill": 2941260000, "intangibleAssets": 645440000, "otherAssets": 251460000, "deferredLongTermAssetCharges": 74240000, "totalAssets": 9786060000, "accountsPayable": 96420000, "shortLongTermDebt": 29250000, "otherCurrentLiab": 223070000, "longTermDebt": 41080000, "otherLiab": 341520000, "minorityInterest": 277950000, "totalCurrentLiabilities": 650230000, "totalLiab": 1111580000, "commonStock": 223360000, "retainedEarnings": 6613310000, "treasuryStock": 786880000, "capitalSurplus": 772980000, "otherStockholderEquity": 786880000, "totalStockholderEquity": 8396530000, "netTangibleAssets": 4809830000}, {"maxAge": 1, "endDate": "2019-12-31", "otherCurrentAssets": 3532000000, "totalCurrentAssets": 3532000000, "propertyPlantEquipment": 2197000000, "goodWill": 2792000000, "intangibleAssets": 591000000, "otherAssets": 184000000, "totalAssets": 9296000000, "otherCurrentLiab": 756000000, "otherLiab": 453000000, "minorityInterest": 264000000, "totalCurrentLiabilities": 756000000, "totalLiab": 1209000000, "commonStock": 223000000, "treasuryStock": 7600000000, "otherStockholderEquity": 7600000000, "totalStockholderEquity": 7823000000, "netTangibleAssets": 4440000000}, {"maxAge": 1, "endDate": "2019-09-30", "cash": 691730000, "shortTermInvestments": 1171480000, "netReceivables": 694160000, "inventory": 745760000, "otherCurrentAssets": 140850000, "totalCurrentAssets": 3443980000, "longTermInvestments": 660000, "propertyPlantEquipment": 1809270000, "goodWill": 2763900000, "intangibleAssets": 647610000, "otherAssets": 184360000, "deferredLongTermAssetCharges": 65550000, "totalAssets": 8849780000, "accountsPayable": 80680000, "otherCurrentLiab": 469830000, "longTermDebt": 56460000, "otherLiab": 302660000, "minorityInterest": 267230000, "totalCurrentLiabilities": 685040000, "totalLiab": 1144440000, "commonStock": 223350000, "treasuryStock": 7214760000, "otherStockholderEquity": 7214760000, "totalStockholderEquity": 7438110000, "netTangibleAssets": 4026600000}], "maxAge": 86400}, "earningsHistory": {"history": [{"maxAge": 1, "epsActual": 2.25, "epsEstimate": 2.1, "epsDifference": 0.15, "surprisePercent": 0.071, "quarter": "2017-12-31", "period": "-4q"}, {"maxAge": 1, "epsActual": 2.43, "epsEstimate": 2.86, "epsDifference": -0.43, "surprisePercent": -0.15, "quarter": "2018-03-31", "period": "-3q"}, {"maxAge": 1, "epsActual": 2.66, "epsEstimate": 2.2, "epsDifference": 0.46, "surprisePercent": 0.20899999, "quarter": "2018-06-30", "period": "-2q"}, {"maxAge": 1, "epsActual": 2.21, "epsEstimate": 2.5, "epsDifference": -0.29, "surprisePercent": -0.116000004, "quarter": "2018-09-30", "period": "-1q"}], "maxAge": 86400}, "indexTrend": {"maxAge": 1, "symbol": "SP5", "peRatio": 19.7411, "pegRatio": 1.34172, "estimates": [{"period": "0q", "growth": 0.549}, {"period": "+1q", "growth": 0.431}, {"period": "0y", "growth": 0.305}, {"period": "+1y", "growth": 0.109}, {"period": "+5y", "growth": 0.120865}, {"period": "-5y"}]}, "industryTrend": {"maxAge": 1, "symbol": null, "estimates": []}, "insiderTransactions": {"transactions": [{"maxAge": 1, "shares": 2000, "value": 8548, "filerUrl": "", "transactionText": "Sale at price 4.27 per share.", "filerName": "Chakor (Subhash D)", "filerRelation": "UNREPORTED", "moneyText": "", "startDate": "2020-09-30", "ownership": "D"}, {"maxAge": 1, "shares": 775, "value": 3085, "filerUrl": "", "transactionText": "Sale at price 3.98 per share.", "filerName": "Chakor (Subhash D)", "filerRelation": "UNREPORTED", "moneyText": "", "startDate": "2020-09-29", "ownership": "D"}, {"maxAge": 1, "shares": 2000, "value": 8216, "filerUrl": "", "transactionText": "Sale at price 4.11 per share.", "filerName": "Chakor (Subhash D)", "filerRelation": "UNREPORTED", "moneyText": "", "startDate": "2020-09-28", "ownership": "D"}, {"maxAge": 1, "shares": 3000000, "value": 10757700, "filerUrl": "", "transactionText": "Sale at price 3.59 per share.", "filerName": "Advanced Vital Enzymes Pvt. Ltd.", "filerRelation": "Institution- Corporation", "moneyText": "", "startDate": "2020-09-24", "ownership": "D"}, {"maxAge": 1, "shares": 500, "value": 1621, "filerUrl": "", "transactionText": "Sale at price 3.24 per share.", "filerName": "Gupta (Anil Kumar)", "filerRelation": "UNREPORTED", "moneyText": "", "startDate": "2020-08-24", "ownership": "D"}, {"maxAge": 1, "shares": 300, "value": 945, "filerUrl": "", "transactionText": "Sale at price 3.15 per share.", "filerName": "Gupta (Anil Kumar)", "filerRelation": "Divisional Officer", "moneyText": "", "startDate": "2020-08-19", "ownership": "D"}, {"maxAge": 1, "shares": 700, "value": 2215, "filerUrl": "", "transactionText": "Sale at price 3.16 per share.", "filerName": "Gupta (Anil Kumar)", "filerRelation": "Divisional Officer", "moneyText": "", "startDate": "2020-08-19", "ownership": "D"}, {"maxAge": 1, "shares": 114950, "value": 368840, "filerUrl": "", "transactionText": "Sale at price 3.21 per share.", "filerName": "Gupta (Anil Kumar)", "filerRelation": "Divisional Officer", "moneyText": "", "startDate": "2020-08-18", "ownership": "D"}, {"maxAge": 1, "shares": 2200, "value": 7053, "filerUrl": "", "transactionText": "Sale at price 3.21 per share.", "filerName": "Gupta (Anil Kumar)", "filerRelation": "Divisional Officer", "moneyText": "", "startDate": "2020-08-18", "ownership": "D"}, {"maxAge": 1, "shares": 16371876, "filerUrl": "", "transactionText": "Other at price 0.00 per share.", "filerName": "Chandrakant Rathi Innovations and Projects Pvt. Ltd.", "filerRelation": "Promoter", "moneyText": "", "startDate": "2020-07-10", "ownership": "D"}, {"maxAge": 1, "shares": 71700, "filerUrl": "", "transactionText": "", "filerName": "Rathi (Rasika)", "filerRelation": "Director (Non-Executive)", "moneyText": "", "startDate": "2020-03-31", "ownership": "D"}, {"maxAge": 1, "shares": 76500, "filerUrl": "", "transactionText": "", "filerName": "Rathi (Rachna Vasant)", "filerRelation": "Promoter", "moneyText": "", "startDate": "2020-03-30", "ownership": "D"}, {"maxAge": 1, "shares": 54000, "filerUrl": "", "transactionText": "", "filerName": "Rathi (Reshma)", "filerRelation": "Promoter", "moneyText": "", "startDate": "2020-03-30", "ownership": "D"}, {"maxAge": 1, "shares": 27858, "filerUrl": "", "transactionText": "", "filerName": "Rathi (Reshma)", "filerRelation": "Promoter", "moneyText": "", "startDate": "2020-03-27", "ownership": "D"}, {"maxAge": 1, "shares": 49000, "filerUrl": "", "transactionText": "", "filerName": "Rathi (Vasant L)", "filerRelation": "Promoter", "moneyText": "", "startDate": "2020-03-27", "ownership": "D"}, {"maxAge": 1, "shares": 25202, "filerUrl": "", "transactionText": "", "filerName": "Rathi (Vasant L)", "filerRelation": "Promoter", "moneyText": "", "startDate": "2020-03-26", "ownership": "D"}, {"maxAge": 1, "shares": 60000, "filerUrl": "", "transactionText": "", "filerName": "Kabra (Mukund Madhusudan)", "filerRelation": "Promoter", "moneyText": "", "startDate": "2020-03-25", "ownership": "D"}, {"maxAge": 1, "shares": 1552650, "filerUrl": "", "transactionText": "", "filerName": "Kabra (Mukund Madhusudan)", "filerRelation": "Promoter", "moneyText": "", "startDate": "2020-03-24", "ownership": "D"}, {"maxAge": 1, "shares": 1563650, "filerUrl": "", "transactionText": "", "filerName": "Kabra (Mukund Madhusudan)", "filerRelation": "Promoter", "moneyText": "", "startDate": "2020-03-23", "ownership": "D"}, {"maxAge": 1, "shares": 80000, "filerUrl": "", "transactionText": "", "filerName": "Rathi (Prabhavati Vasant)", "filerRelation": "Promoter", "moneyText": "", "startDate": "2020-03-17", "ownership": "D"}, {"maxAge": 1, "shares": 2853350, "filerUrl": "", "transactionText": "", "filerName": "Atharva Green Ecotech L.L.P.", "filerRelation": "Promoter", "moneyText": "", "startDate": "2019-09-26", "ownership": "D"}, {"maxAge": 1, "shares": 2000, "filerUrl": "", "transactionText": "", "filerName": "Newase (Rajendra)", "filerRelation": "Divisional Officer", "moneyText": "", "startDate": "2019-03-15", "ownership": "D"}, {"maxAge": 1, "shares": 2800, "filerUrl": "", "transactionText": "", "filerName": "Newase (Rajendra)", "filerRelation": "Divisional Officer", "moneyText": "", "startDate": "2019-03-14", "ownership": "D"}, {"maxAge": 1, "shares": 300, "filerUrl": "", "transactionText": "", "filerName": "Newase (Rajendra)", "filerRelation": "Divisional Officer", "moneyText": "", "startDate": "2019-03-13", "ownership": "D"}, {"maxAge": 1, "shares": 2456277, "filerUrl": "", "transactionText": "", "filerName": "Chandrakant Rathi Innovations and Projects Pvt. Ltd.", "filerRelation": "Promoter", "moneyText": "", "startDate": "2019-03-11", "ownership": "D"}, {"maxAge": 1, "shares": 3482350, "filerUrl": "", "transactionText": "", "filerName": "Atharva Green Ecotech L.L.P.", "filerRelation": "Promoter", "moneyText": "", "startDate": "2019-03-08", "ownership": "D"}, {"maxAge": 1, "shares": 3482350, "filerUrl": "", "transactionText": "", "filerName": "Atharva Green Ecotech L.L.P.", "filerRelation": "Promoter", "moneyText": "", "startDate": "2019-03-08", "ownership": "D"}, {"maxAge": 1, "shares": 2859734, "filerUrl": "", "transactionText": "", "filerName": "Chandrakant Rathi Innovations and Projects Pvt. Ltd.", "filerRelation": "Promoter", "moneyText": "", "startDate": "2019-03-08", "ownership": "D"}, {"maxAge": 1, "shares": 431208, "filerUrl": "", "transactionText": "", "filerName": "Chandrakant Rathi Innovations and Projects Pvt. Ltd.", "filerRelation": "Promoter", "moneyText": "", "startDate": "2019-03-08", "ownership": "D"}, {"maxAge": 1, "shares": 940000, "filerUrl": "", "transactionText": "", "filerName": "Rathi (Rachna Vasant)", "filerRelation": "Promoter", "moneyText": "", "startDate": "2019-01-16", "ownership": "D"}, {"maxAge": 1, "shares": 940000, "filerUrl": "", "transactionText": "", "filerName": "Rathi (Rasika)", "filerRelation": "Promoter", "moneyText": "", "startDate": "2019-01-16", "ownership": "D"}, {"maxAge": 1, "shares": 940000, "filerUrl": "", "transactionText": "", "filerName": "Rathi (Reshma)", "filerRelation": "Promoter", "moneyText": "", "startDate": "2019-01-16", "ownership": "D"}, {"maxAge": 1, "shares": 29004500, "filerUrl": "", "transactionText": "", "filerName": "Rathi (Vasant L)", "filerRelation": "Promoter", "moneyText": "", "startDate": "2019-01-16", "ownership": "D"}, {"maxAge": 1, "shares": 100000, "filerUrl": "", "transactionText": "", "filerName": "Rathi (Piyush)", "filerRelation": "UNREPORTED", "moneyText": "", "startDate": "2019-01-14", "ownership": "D"}], "maxAge": 1}, "quoteType": {"exchange": "BSE", "quoteType": "EQUITY", "symbol": "ADVENZYMES.BO", "underlyingSymbol": "ADVENZYMES.BO", "shortName": "Advanced Enzyme Technologies L", "longName": "Advanced Enzyme Technologies Limited", "firstTradeDateEpochUtc": "2016-08-01 09:15:00", "timeZoneFullName": "Asia/Kolkata", "timeZoneShortName": "IST", "uuid": "1f4fde40-6a56-3255-8fd4-9bce091ae3de", "messageBoardId": null, "gmtOffSetMilliseconds": 19800000, "maxAge": 1}, "incomeStatementHistory": {"incomeStatementHistory": [{"maxAge": 1, "endDate": "2020-03-31", "totalRevenue": 4478180000, "costOfRevenue": 870280000, "grossProfit": 3607900000, "researchDevelopment": {}, "sellingGeneralAdministrative": 852450000, "nonRecurring": {}, "otherOperatingExpenses": 689940000, "totalOperatingExpenses": 2670380000, "operatingIncome": 1807800000, "totalOtherIncomeExpenseNet": -16230000, "ebit": 1807800000, "interestExpense": -25820000, "incomeBeforeTax": 1791570000, "incomeTaxExpense": 461080000, "minorityInterest": 277950000, "netIncomeFromContinuingOps": 1330490000, "discontinuedOperations": {}, "extraordinaryItems": {}, "effectOfAccountingCharges": {}, "otherItems": {}, "netIncome": 1292940000, "netIncomeApplicableToCommonShares": 1292940000}, {"maxAge": 1, "endDate": "2019-03-31", "totalRevenue": 4220200000, "costOfRevenue": 815420000, "grossProfit": 3404780000, "researchDevelopment": {}, "sellingGeneralAdministrative": 887600000, "nonRecurring": {}, "otherOperatingExpenses": 669980000, "totalOperatingExpenses": 2584090000, "operatingIncome": 1636110000, "totalOtherIncomeExpenseNet": -16470000, "ebit": 1636110000, "interestExpense": -38600000, "incomeBeforeTax": 1619640000, "incomeTaxExpense": 460610000, "minorityInterest": 259620000, "netIncomeFromContinuingOps": 1159030000, "discontinuedOperations": {}, "extraordinaryItems": {}, "effectOfAccountingCharges": {}, "otherItems": {}, "netIncome": 1110590000, "netIncomeApplicableToCommonShares": 1110590000}, {"maxAge": 1, "endDate": "2018-03-31", "totalRevenue": 3918050000, "costOfRevenue": 856350000, "grossProfit": 3061700000, "researchDevelopment": {}, "sellingGeneralAdministrative": 752420000, "nonRecurring": {}, "otherOperatingExpenses": 659990000, "totalOperatingExpenses": 2451670000, "operatingIncome": 1466380000, "totalOtherIncomeExpenseNet": -76710000, "ebit": 1466380000, "interestExpense": -47180000, "incomeBeforeTax": 1389670000, "incomeTaxExpense": 454110000, "minorityInterest": 225980000, "netIncomeFromContinuingOps": 935560000, "discontinuedOperations": {}, "extraordinaryItems": {}, "effectOfAccountingCharges": {}, "otherItems": {}, "netIncome": 900550000, "netIncomeApplicableToCommonShares": 900550000}, {"maxAge": 1, "endDate": "2017-03-31", "totalRevenue": 3289880000, "costOfRevenue": 741910000, "grossProfit": 2547970000, "researchDevelopment": {}, "sellingGeneralAdministrative": 546430000, "nonRecurring": {}, "otherOperatingExpenses": 481170000, "totalOperatingExpenses": 1897120000, "operatingIncome": 1392760000, "totalOtherIncomeExpenseNet": -22250000, "ebit": 1392760000, "interestExpense": -35770000, "incomeBeforeTax": 1370510000, "incomeTaxExpense": 441070000, "minorityInterest": 211420000, "netIncomeFromContinuingOps": 929440000, "discontinuedOperations": {}, "extraordinaryItems": {}, "effectOfAccountingCharges": {}, "otherItems": {}, "netIncome": 915490000, "netIncomeApplicableToCommonShares": 915490000}], "maxAge": 86400}, "fundOwnership": {"maxAge": 1, "ownershipList": [{"maxAge": 1, "reportDate": "2020-07-31", "organization": "DFA Emerging Markets Small Cap Series", "pctHeld": 0.0016, "position": 180273, "value": 34233842}, {"maxAge": 1, "reportDate": "2020-07-31", "organization": "DFA Emerging Markets Core Equity Portfolio", "pctHeld": 0.0007, "position": 75148, "value": 14270605}, {"maxAge": 1, "reportDate": "2020-07-31", "organization": "DFA Investment Dimensions-DFA Emerging Mkts Value", "pctHeld": 0.0002, "position": 26799, "value": 5089130}, {"maxAge": 1, "reportDate": "2020-07-31", "organization": "DFA Investment Dimensions-World Ex U.S. Core Equity Port", "pctHeld": 0.0001, "position": 14719, "value": 2795138}, {"maxAge": 1, "reportDate": "2020-07-31", "organization": "DFA Emerging Markets Sustainability Core 1 Portfolio", "pctHeld": 0.0001, "position": 14393, "value": 2733230}, {"maxAge": 1, "reportDate": "2020-07-31", "organization": "DFA Investment Dimensions-Emerging Markets Social Core Equity", "pctHeld": 0.0001, "position": 12879, "value": 2445722}, {"maxAge": 1, "reportDate": "2020-07-31", "organization": "DFA T.A. World Ex U.S. Core Equity Portfolio", "pctHeld": 0.0001, "position": 11772, "value": 2235502}]}, "summaryDetail": {"maxAge": 1, "priceHint": 2, "previousClose": 404.5, "open": 413.65, "dayLow": 393.0, "dayHigh": 413.65, "regularMarketPreviousClose": 404.5, "regularMarketOpen": 413.65, "regularMarketDayLow": 393.0, "regularMarketDayHigh": 413.65, "trailingPE": 34.380913, "forwardPE": 27.575863, "volume": 21274, "regularMarketVolume": 21274, "averageVolume": 36344, "averageVolume10days": 47048, "averageDailyVolume10Day": 47048, "bid": 399.85, "ask": 402.8, "bidSize": 0, "askSize": 0, "marketCap": 44689637376, "fiftyTwoWeekLow": 91.05, "fiftyTwoWeekHigh": 416.5, "fiftyDayAverage": 339.34, "twoHundredDayAverage": 306.25037, "trailingAnnualDividendRate": 0.6, "trailingAnnualDividendYield": 0.0014833128, "currency": "INR", "fromCurrency": null, "toCurrency": null, "lastMarket": null, "algorithm": null, "tradeable": false}, "sectorTrend": {"maxAge": 1, "symbol": null, "estimates": []}, "incomeStatementHistoryQuarterly": {"incomeStatementHistory": [{"maxAge": 1, "endDate": "2020-06-30", "totalRevenue": 1116650000, "costOfRevenue": 211010000, "grossProfit": 905640000, "researchDevelopment": {}, "sellingGeneralAdministrative": 210970000, "nonRecurring": {}, "otherOperatingExpenses": 125050000, "totalOperatingExpenses": 614250000, "operatingIncome": 502400000, "totalOtherIncomeExpenseNet": -4570000, "ebit": 502400000, "interestExpense": -4570000, "incomeBeforeTax": 497830000, "incomeTaxExpense": 149780000, "minorityInterest": {}, "netIncomeFromContinuingOps": 348050000, "discontinuedOperations": {}, "extraordinaryItems": {}, "effectOfAccountingCharges": {}, "otherItems": {}, "netIncome": 342490000, "netIncomeApplicableToCommonShares": 342490000}, {"maxAge": 1, "endDate": "2020-03-31", "totalRevenue": 1102960000, "costOfRevenue": 241150000, "grossProfit": 861810000, "researchDevelopment": {}, "sellingGeneralAdministrative": 251860000, "nonRecurring": {}, "otherOperatingExpenses": 118710000, "totalOperatingExpenses": 678180000, "operatingIncome": 424780000, "totalOtherIncomeExpenseNet": 7190000, "ebit": 424780000, "interestExpense": -2400000, "incomeBeforeTax": 431970000, "incomeTaxExpense": 105190000, "minorityInterest": 277950000, "netIncomeFromContinuingOps": 326780000, "discontinuedOperations": {}, "extraordinaryItems": {}, "effectOfAccountingCharges": {}, "otherItems": {}, "netIncome": 313320000, "netIncomeApplicableToCommonShares": 313320000}, {"maxAge": 1, "endDate": "2019-12-31", "totalRevenue": 1131490000, "costOfRevenue": 199520000, "grossProfit": 931970000, "researchDevelopment": {}, "sellingGeneralAdministrative": 191350000, "nonRecurring": {}, "otherOperatingExpenses": 199870000, "totalOperatingExpenses": 654680000, "operatingIncome": 476810000, "totalOtherIncomeExpenseNet": -7920000, "ebit": 476810000, "interestExpense": -7920000, "incomeBeforeTax": 468890000, "incomeTaxExpense": 123310000, "minorityInterest": 264000000, "netIncomeFromContinuingOps": 345580000, "discontinuedOperations": {}, "extraordinaryItems": {}, "effectOfAccountingCharges": {}, "otherItems": {}, "netIncome": 336050000, "netIncomeApplicableToCommonShares": 336050000}, {"maxAge": 1, "endDate": "2019-09-30", "totalRevenue": 1129780000, "costOfRevenue": 242160000, "grossProfit": 887620000, "researchDevelopment": {}, "sellingGeneralAdministrative": 204830000, "nonRecurring": {}, "otherOperatingExpenses": 194750000, "totalOperatingExpenses": 706450000, "operatingIncome": 423330000, "totalOtherIncomeExpenseNet": -7350000, "ebit": 423330000, "interestExpense": -7350000, "incomeBeforeTax": 415980000, "incomeTaxExpense": 97550000, "minorityInterest": 267230000, "netIncomeFromContinuingOps": 318430000, "discontinuedOperations": {}, "extraordinaryItems": {}, "effectOfAccountingCharges": {}, "otherItems": {}, "netIncome": 309530000, "netIncomeApplicableToCommonShares": 309530000}], "maxAge": 86400}, "cashflowStatementHistoryQuarterly": {"cashflowStatements": [{"maxAge": 1, "endDate": "2020-06-30", "netIncome": 342490000, "changeToLiabilities": 0}, {"maxAge": 1, "endDate": "2020-03-31", "netIncome": 313320000, "changeToLiabilities": 0}, {"maxAge": 1, "endDate": "2019-12-31", "netIncome": 336050000, "changeToLiabilities": 0}, {"maxAge": 1, "endDate": "2019-09-30", "netIncome": 309530000, "changeToLiabilities": 0}], "maxAge": 86400}, "insiderHolders": {"holders": [{"maxAge": 1, "name": "Advanced Vital Enzymes Pvt. Ltd.", "relation": "Institution- Corporation", "url": "", "transactionDescription": "Sale", "latestTransDate": "2020-09-24", "positionDirect": 13371876, "positionDirectDate": "2020-09-24"}, {"maxAge": 1, "name": "Chakor (Subhash D)", "relation": "UNREPORTED", "url": "", "transactionDescription": "Sale", "latestTransDate": "2020-09-30", "positionDirect": 26000, "positionDirectDate": "2020-09-30"}, {"maxAge": 1, "name": "Chandrakant Rathi Innovations and Projects Pvt. Ltd.", "relation": "Promoter", "url": "", "transactionDescription": "Other", "latestTransDate": "2020-07-10", "positionDirect": 0, "positionDirectDate": "2020-07-10"}, {"maxAge": 1, "name": "Gupta (Anil Kumar)", "relation": "UNREPORTED", "url": "", "transactionDescription": "Sale", "latestTransDate": "2020-08-24", "positionDirect": 139250, "positionDirectDate": "2020-08-24"}, {"maxAge": 1, "name": "Kabra (Mukund Madhusudan)", "relation": "Promoter", "url": "", "transactionDescription": "Acquisition", "latestTransDate": "2020-03-25", "positionDirect": 280000, "positionDirectDate": "2020-03-25"}, {"maxAge": 1, "name": "Rathi (Prabhavati Vasant)", "relation": "Promoter", "url": "", "transactionDescription": "Gift", "latestTransDate": "2020-03-17", "positionDirect": 963000, "positionDirectDate": "2020-03-17"}, {"maxAge": 1, "name": "Rathi (Rachna Vasant)", "relation": "Promoter", "url": "", "transactionDescription": "Acquisition", "latestTransDate": "2020-03-30", "positionDirect": 2641500, "positionDirectDate": "2020-03-30"}, {"maxAge": 1, "name": "Rathi (Rasika)", "relation": "Director (Non-Executive)", "url": "", "transactionDescription": "Acquisition", "latestTransDate": "2020-03-31", "positionDirect": 2636700, "positionDirectDate": "2020-03-31"}, {"maxAge": 1, "name": "Rathi (Reshma)", "relation": "Promoter", "url": "", "transactionDescription": "Acquisition", "latestTransDate": "2020-03-30", "positionDirect": 2646858, "positionDirectDate": "2020-03-30"}, {"maxAge": 1, "name": "Rathi (Vasant L)", "relation": "Promoter", "url": "", "transactionDescription": "Acquisition", "latestTransDate": "2020-03-27", "positionDirect": 36578702, "positionDirectDate": "2020-03-27"}], "maxAge": 1}, "earnings": {"maxAge": 86400, "earningsChart": {"quarterly": [{"date": "4Q2017", "actual": 2.25, "estimate": 2.1}, {"date": "1Q2018", "actual": 2.43, "estimate": 2.86}, {"date": "2Q2018", "actual": 2.66, "estimate": 2.2}, {"date": "3Q2018", "actual": 2.21, "estimate": 2.5}], "currentQuarterEstimateDate": "4Q", "currentQuarterEstimateYear": 2018, "earningsDate": []}, "financialsChart": {"yearly": [{"date": 2017, "revenue": 3289880000, "earnings": 915490000}, {"date": 2018, "revenue": 3918050000, "earnings": 900550000}, {"date": 2019, "revenue": 4220200000, "earnings": 1110590000}, {"date": 2020, "revenue": 4478180000, "earnings": 1292940000}], "quarterly": [{"date": "3Q2019", "revenue": 1129780000, "earnings": 309530000}, {"date": "4Q2019", "revenue": 1131490000, "earnings": 336050000}, {"date": "1Q2020", "revenue": 1102960000, "earnings": 313320000}, {"date": "2Q2020", "revenue": 1116650000, "earnings": 342490000}]}, "financialCurrency": "INR"}, "calendarEvents": {"maxAge": 1, "earnings": {"earningsDate": []}}, "price": {"maxAge": 1, "regularMarketChangePercent": -0.011495658, "regularMarketChange": -4.649994, "regularMarketTime": "2021-04-30 15:28:29", "priceHint": 2, "regularMarketPrice": 399.85, "regularMarketDayHigh": 413.65, "regularMarketDayLow": 393.0, "regularMarketVolume": 21274, "averageDailyVolume10Day": 47048, "averageDailyVolume3Month": 36344, "regularMarketPreviousClose": 404.5, "regularMarketSource": "FREE_REALTIME", "regularMarketOpen": 413.65, "exchange": "BSE", "exchangeName": "BSE", "exchangeDataDelayedBy": 0, "marketState": "CLOSED", "quoteType": "EQUITY", "symbol": "ADVENZYMES.BO", "underlyingSymbol": null, "shortName": "Advanced Enzyme Technologies L", "longName": "Advanced Enzyme Technologies Limited", "currency": "INR", "quoteSourceName": "Delayed Quote", "currencySymbol": "\u20b9", "fromCurrency": null, "toCurrency": null, "lastMarket": null, "marketCap": 44689637376}, "balanceSheetHistory": {"balanceSheetStatements": [{"maxAge": 1, "endDate": "2020-03-31", "cash": 826640000, "shortTermInvestments": 14380000, "netReceivables": 777320000, "inventory": 800300000, "otherCurrentAssets": 127540000, "totalCurrentAssets": 3803910000, "longTermInvestments": 670000, "propertyPlantEquipment": 2143320000, "goodWill": 2941260000, "intangibleAssets": 645440000, "otherAssets": 251460000, "deferredLongTermAssetCharges": 74240000, "totalAssets": 9786060000, "accountsPayable": 96420000, "shortLongTermDebt": 29250000, "otherCurrentLiab": 223070000, "longTermDebt": 41080000, "otherLiab": 341520000, "minorityInterest": 277950000, "totalCurrentLiabilities": 650230000, "totalLiab": 1111580000, "commonStock": 223360000, "retainedEarnings": 6613310000, "treasuryStock": 786880000, "capitalSurplus": 772980000, "otherStockholderEquity": 786880000, "totalStockholderEquity": 8396530000, "netTangibleAssets": 4809830000}, {"maxAge": 1, "endDate": "2019-03-31", "cash": 230620000, "shortTermInvestments": 12100000, "netReceivables": 605430000, "inventory": 768990000, "otherCurrentAssets": 128750000, "totalCurrentAssets": 2868800000, "longTermInvestments": 660000, "propertyPlantEquipment": 1665180000, "goodWill": 2714740000, "intangibleAssets": 679670000, "otherAssets": 181880000, "deferredLongTermAssetCharges": 59140000, "totalAssets": 8110930000, "accountsPayable": 96850000, "shortLongTermDebt": 63990000, "otherCurrentLiab": 218660000, "longTermDebt": 68460000, "otherLiab": 287440000, "minorityInterest": 259620000, "totalCurrentLiabilities": 704940000, "totalLiab": 1062860000, "commonStock": 223300000, "retainedEarnings": 5414740000, "treasuryStock": 387220000, "capitalSurplus": 763190000, "otherStockholderEquity": 387220000, "totalStockholderEquity": 6788450000, "netTangibleAssets": 3394040000}, {"maxAge": 1, "endDate": "2018-03-31", "cash": 611280000, "shortTermInvestments": 13350000, "netReceivables": 640150000, "inventory": 755720000, "otherCurrentAssets": 119670000, "totalCurrentAssets": 2155260000, "longTermInvestments": 660000, "propertyPlantEquipment": 1693150000, "goodWill": 2584200000, "intangibleAssets": 740980000, "otherAssets": 142190000, "deferredLongTermAssetCharges": 42360000, "totalAssets": 7316440000, "accountsPayable": 174730000, "shortLongTermDebt": 87360000, "otherCurrentLiab": 261870000, "longTermDebt": 193020000, "otherLiab": 272400000, "minorityInterest": 225980000, "totalCurrentLiabilities": 1028900000, "totalLiab": 1499650000, "commonStock": 223260000, "retainedEarnings": 4370930000, "treasuryStock": 239720000, "capitalSurplus": 756900000, "otherStockholderEquity": 239720000, "totalStockholderEquity": 5590810000, "netTangibleAssets": 2265630000}, {"maxAge": 1, "endDate": "2017-03-31", "cash": 75380000, "shortTermInvestments": 2010000, "netReceivables": 534840000, "inventory": 684800000, "otherCurrentAssets": 119730000, "totalCurrentAssets": 1429820000, "longTermInvestments": 620000, "propertyPlantEquipment": 1678610000, "goodWill": 2279880000, "intangibleAssets": 335570000, "otherAssets": 165510000, "deferredLongTermAssetCharges": 63380000, "totalAssets": 5890010000, "accountsPayable": 110100000, "shortLongTermDebt": 76560000, "otherCurrentLiab": 111920000, "longTermDebt": 185650000, "otherLiab": 190610000, "minorityInterest": 211420000, "totalCurrentLiabilities": 652590000, "totalLiab": 1038120000, "commonStock": 223260000, "retainedEarnings": 3523940000, "treasuryStock": 138560000, "capitalSurplus": 754710000, "otherStockholderEquity": 138560000, "totalStockholderEquity": 4640470000, "netTangibleAssets": 2025020000}], "maxAge": 86400}, "earningsTrend": {"trend": [{"maxAge": 1, "period": "0q", "endDate": "2018-12-31", "growth": {}, "earningsEstimate": {"avg": 0.0, "low": 0.0, "high": 0.0, "yearAgoEps": 2.25, "numberOfAnalysts": 0, "growth": {}}, "revenueEstimate": {"avg": 0, "low": 0, "high": 0, "numberOfAnalysts": 0, "yearAgoRevenue": {}, "growth": {}}, "epsTrend": {"current": 0.0, "7daysAgo": 0.0, "30daysAgo": 0.0, "60daysAgo": 0.0, "90daysAgo": 0.0}, "epsRevisions": {"upLast7days": 0, "upLast30days": 0, "downLast30days": 0, "downLast90days": {}}}, {"maxAge": 1, "period": "+1q", "endDate": "2019-03-31", "growth": {}, "earningsEstimate": {"avg": 0.0, "low": 0.0, "high": 0.0, "yearAgoEps": 2.43, "numberOfAnalysts": 0, "growth": {}}, "revenueEstimate": {"avg": 0, "low": 0, "high": 0, "numberOfAnalysts": 0, "yearAgoRevenue": {}, "growth": {}}, "epsTrend": {"current": 0.0, "7daysAgo": 0.0, "30daysAgo": 0.0, "60daysAgo": 0.0, "90daysAgo": 0.0}, "epsRevisions": {"upLast7days": 0, "upLast30days": 0, "downLast30days": 0, "downLast90days": {}}}, {"maxAge": 1, "period": "0y", "endDate": "2019-03-31", "growth": {}, "earningsEstimate": {"avg": 0.0, "low": 0.0, "high": 0.0, "yearAgoEps": {}, "numberOfAnalysts": 0, "growth": {}}, "revenueEstimate": {"avg": 4497000000, "low": 4497000000, "high": 4497000000, "numberOfAnalysts": 1, "yearAgoRevenue": 3956990000, "growth": 0.136}, "epsTrend": {"current": 0.0, "7daysAgo": 10.7, "30daysAgo": 10.7, "60daysAgo": 10.7, "90daysAgo": 10.7}, "epsRevisions": {"upLast7days": 0, "upLast30days": 0, "downLast30days": 0, "downLast90days": {}}}, {"maxAge": 1, "period": "+1y", "endDate": "2020-03-31", "growth": {}, "earningsEstimate": {"avg": 0.0, "low": 0.0, "high": 0.0, "yearAgoEps": {}, "numberOfAnalysts": 0, "growth": {}}, "revenueEstimate": {"avg": 5396000000, "low": 5396000000, "high": 5396000000, "numberOfAnalysts": 1, "yearAgoRevenue": 4497000000, "growth": 0.2}, "epsTrend": {"current": 0.0, "7daysAgo": 14.5, "30daysAgo": 14.5, "60daysAgo": 14.5, "90daysAgo": 14.5}, "epsRevisions": {"upLast7days": 0, "upLast30days": 0, "downLast30days": 0, "downLast90days": {}}}, {"maxAge": 1, "period": "+5y", "endDate": null, "growth": {}, "earningsEstimate": {"avg": {}, "low": {}, "high": {}, "yearAgoEps": {}, "numberOfAnalysts": {}, "growth": {}}, "revenueEstimate": {"avg": {}, "low": {}, "high": {}, "numberOfAnalysts": {}, "yearAgoRevenue": {}, "growth": {}}, "epsTrend": {"current": {}, "7daysAgo": {}, "30daysAgo": {}, "60daysAgo": {}, "90daysAgo": {}}, "epsRevisions": {"upLast7days": {}, "upLast30days": {}, "downLast30days": {}, "downLast90days": {}}}, {"maxAge": 1, "period": "-5y", "endDate": null, "growth": {}, "earningsEstimate": {"avg": {}, "low": {}, "high": {}, "yearAgoEps": {}, "numberOfAnalysts": {}, "growth": {}}, "revenueEstimate": {"avg": {}, "low": {}, "high": {}, "numberOfAnalysts": {}, "yearAgoRevenue": {}, "growth": {}}, "epsTrend": {"current": {}, "7daysAgo": {}, "30daysAgo": {}, "60daysAgo": {}, "90daysAgo": {}}, "epsRevisions": {"upLast7days": {}, "upLast30days": {}, "downLast30days": {}, "downLast90days": {}}}], "maxAge": 1}, "financialData": {"maxAge": 86400, "currentPrice": 399.85, "targetHighPrice": 333.0, "targetLowPrice": 333.0, "targetMeanPrice": 333.0, "targetMedianPrice": 333.0, "recommendationKey": "none", "numberOfAnalystOpinions": 1, "grossProfits": 3607900000, "financialCurrency": "INR"}}}