{"ADVIKCA.BO": {"cashflowStatementHistory": {"cashflowStatements": [{"maxAge": 1, "endDate": "2019-03-31", "netIncome": 1188222, "depreciation": 2458569, "changeToNetincome": 172040, "changeToAccountReceivables": 4273557, "changeToLiabilities": -3677018, "changeToInventory": 2578641, "changeToOperatingActivities": -2345138, "totalCashFromOperatingActivities": 4648872, "capitalExpenditures": -1368791, "totalCashflowsFromInvestingActivities": -4885474, "otherCashflowsFromFinancingActivities": 236602, "totalCashFromFinancingActivities": 236602}, {"maxAge": 1, "endDate": "2018-03-31", "netIncome": 1014177, "depreciation": 2963032, "changeToNetincome": 273828, "changeToAccountReceivables": 11325713, "changeToLiabilities": -15691234, "changeToInventory": -3453384, "changeToOperatingActivities": 13703508, "totalCashFromOperatingActivities": 10135637, "capitalExpenditures": -384553, "investments": -14350000, "otherCashflowsFromInvestingActivities": 10875000, "totalCashflowsFromInvestingActivities": -27685289, "otherCashflowsFromFinancingActivities": 3049651, "totalCashFromFinancingActivities": 17549651, "issuanceOfStock": 14500000}, {"maxAge": 1, "endDate": "2017-03-31", "netIncome": 673275, "depreciation": 3629954, "changeToNetincome": -609009, "changeToAccountReceivables": -23915002, "changeToLiabilities": 18666897, "changeToInventory": -2145377, "changeToOperatingActivities": -5907578, "totalCashFromOperatingActivities": -9598562, "capitalExpenditures": -384553, "investments": -14350000, "otherCashflowsFromInvestingActivities": 480613, "totalCashflowsFromInvestingActivities": 8510632, "netBorrowings": 3329596, "otherCashflowsFromFinancingActivities": 3049651, "totalCashFromFinancingActivities": 3329596, "changeInCash": 2241666, "issuanceOfStock": 14500000}, {"maxAge": 1, "endDate": "2016-03-31", "netIncome": 123551, "depreciation": 1990441, "changeToNetincome": 508130, "changeToAccountReceivables": -23915002, "changeToLiabilities": 3114307, "changeToInventory": -2635305, "changeToOperatingActivities": 1669680, "totalCashFromOperatingActivities": 4779081, "capitalExpenditures": -384553, "investments": -14350000, "otherCashflowsFromInvestingActivities": -3304013, "totalCashflowsFromInvestingActivities": -4454162, "netBorrowings": 3329596, "otherCashflowsFromFinancingActivities": 3049651, "totalCashFromFinancingActivities": 3329596, "changeInCash": -708305, "issuanceOfStock": 14500000}], "maxAge": 86400}, "institutionOwnership": {"ownershipList": [], "maxAge": 1}, "balanceSheetHistoryQuarterly": {"balanceSheetStatements": [{"maxAge": 1, "endDate": "2020-06-30"}, {"maxAge": 1, "endDate": "2019-06-30"}, {"maxAge": 1, "endDate": "2019-03-31", "cash": 306113, "netReceivables": 71543795, "inventory": 17745594, "otherCurrentAssets": 4450925, "totalCurrentAssets": 94046427, "longTermInvestments": 14844000, "propertyPlantEquipment": 22572074, "otherAssets": 310162, "deferredLongTermAssetCharges": 299728, "totalAssets": 131772663, "accountsPayable": 3509631, "otherCurrentLiab": 1326449, "longTermDebt": 9831618, "otherLiab": 44188, "totalCurrentLiabilities": 5318515, "totalLiab": 15194321, "commonStock": 60873600, "retainedEarnings": 4693092, "treasuryStock": 4416651, "capitalSurplus": 46595000, "otherStockholderEquity": 4416651, "totalStockholderEquity": 116578343, "netTangibleAssets": 116578343}, {"maxAge": 1, "endDate": "2018-12-31", "totalStockholderEquity": 116966000, "netTangibleAssets": 116966000}], "maxAge": 86400}, "indexTrend": {"maxAge": 1, "symbol": "SP5", "peRatio": 19.7411, "pegRatio": 1.34172, "estimates": [{"period": "0q", "growth": 0.549}, {"period": "+1q", "growth": 0.431}, {"period": "0y", "growth": 0.305}, {"period": "+1y", "growth": 0.109}, {"period": "+5y", "growth": 0.120859005}, {"period": "-5y"}]}, "quoteType": {"exchange": "BSE", "quoteType": "EQUITY", "symbol": "ADVIKCA.BO", "underlyingSymbol": "ADVIKCA.BO", "shortName": "Advik Capital Limited", "longName": "Advik Capital Limited", "firstTradeDateEpochUtc": "2016-03-31 09:15:00", "timeZoneFullName": "Asia/Kolkata", "timeZoneShortName": "IST", "uuid": "037cf643-83de-3fe2-8aba-1d3bd7795d66", "gmtOffSetMilliseconds": 19800000, "maxAge": 1}, "incomeStatementHistory": {"incomeStatementHistory": [{"maxAge": 1, "endDate": "2019-03-31", "totalRevenue": 45369143, "costOfRevenue": 33246906, "grossProfit": 12122237, "researchDevelopment": {}, "sellingGeneralAdministrative": 6044468, "nonRecurring": {}, "otherOperatingExpenses": 1170015, "totalOperatingExpenses": 42919958, "operatingIncome": 2449185, "totalOtherIncomeExpenseNet": -699911, "ebit": 2449185, "interestExpense": -625336, "incomeBeforeTax": 1749274, "incomeTaxExpense": 561052, "minorityInterest": {}, "netIncomeFromContinuingOps": 1188222, "discontinuedOperations": {}, "extraordinaryItems": {}, "effectOfAccountingCharges": {}, "otherItems": {}, "netIncome": 1188222, "netIncomeApplicableToCommonShares": 1188222}, {"maxAge": 1, "endDate": "2018-03-31", "totalRevenue": 30887661, "costOfRevenue": 13479556, "grossProfit": 17408105, "researchDevelopment": {}, "sellingGeneralAdministrative": 5281874, "nonRecurring": {}, "otherOperatingExpenses": 4675038, "totalOperatingExpenses": 26399500, "operatingIncome": 4488161, "totalOtherIncomeExpenseNet": -2259573, "ebit": 4488161, "interestExpense": -2197654, "incomeBeforeTax": 2228588, "incomeTaxExpense": 1214411, "minorityInterest": {}, "netIncomeFromContinuingOps": 1014177, "discontinuedOperations": {}, "extraordinaryItems": {}, "effectOfAccountingCharges": {}, "otherItems": {}, "netIncome": 1014177, "netIncomeApplicableToCommonShares": 1014177}, {"maxAge": 1, "endDate": "2017-03-31", "totalRevenue": 71354768, "costOfRevenue": 58106914, "grossProfit": 13247854, "researchDevelopment": {}, "sellingGeneralAdministrative": 5093171, "nonRecurring": {}, "otherOperatingExpenses": 1963929, "totalOperatingExpenses": 68793968, "operatingIncome": 2560800, "totalOtherIncomeExpenseNet": -1739051, "ebit": 2560800, "interestExpense": -1674330, "incomeBeforeTax": 821749, "incomeTaxExpense": 148474, "minorityInterest": {}, "netIncomeFromContinuingOps": 673275, "discontinuedOperations": {}, "extraordinaryItems": {}, "effectOfAccountingCharges": {}, "otherItems": {}, "netIncome": 673275, "netIncomeApplicableToCommonShares": 673275}, {"maxAge": 1, "endDate": "2016-03-31", "totalRevenue": 27970802, "costOfRevenue": 18596559, "grossProfit": 9374243, "researchDevelopment": {}, "sellingGeneralAdministrative": 4332073, "nonRecurring": {}, "otherOperatingExpenses": 2649920, "totalOperatingExpenses": 27568993, "operatingIncome": 401809, "totalOtherIncomeExpenseNet": -3688, "ebit": 401809, "interestExpense": -1674330, "incomeBeforeTax": 398121, "incomeTaxExpense": 274570, "minorityInterest": {}, "netIncomeFromContinuingOps": 123551, "discontinuedOperations": {}, "extraordinaryItems": {}, "effectOfAccountingCharges": {}, "otherItems": {}, "netIncome": 123551, "netIncomeApplicableToCommonShares": 123551}], "maxAge": 86400}, "fundOwnership": {"ownershipList": [], "maxAge": 1}, "summaryDetail": {"maxAge": 1, "priceHint": 4, "previousClose": 1.55, "open": 1.6, "dayLow": 1.6, "dayHigh": 1.61, "regularMarketPreviousClose": 1.55, "regularMarketOpen": 1.6, "regularMarketDayLow": 1.6, "regularMarketDayHigh": 1.61, "trailingPE": 114.28571, "volume": 29, "regularMarketVolume": 29, "averageVolume": 1297, "averageVolume10days": 1066, "averageDailyVolume10Day": 1066, "bid": 1.6, "ask": 0.0, "bidSize": 0, "askSize": 0, "marketCap": 73397760, "fiftyTwoWeekLow": 0.35, "fiftyTwoWeekHigh": 1.7, "fiftyDayAverage": 0.68454546, "twoHundredDayAverage": 0.59367645, "currency": "INR", "fromCurrency": null, "lastMarket": null, "algorithm": null, "tradeable": false}, "incomeStatementHistoryQuarterly": {"incomeStatementHistory": [{"maxAge": 1, "endDate": "2020-06-30", "totalRevenue": 1155000, "costOfRevenue": 5022000, "grossProfit": -3867000, "researchDevelopment": {}, "sellingGeneralAdministrative": 1293000, "nonRecurring": {}, "otherOperatingExpenses": -5560000, "totalOperatingExpenses": 755000, "operatingIncome": 400000, "totalOtherIncomeExpenseNet": -585000, "ebit": 400000, "interestExpense": -585000, "incomeBeforeTax": -185000, "incomeTaxExpense": 0, "minorityInterest": {}, "netIncomeFromContinuingOps": -185000, "discontinuedOperations": {}, "extraordinaryItems": {}, "effectOfAccountingCharges": {}, "otherItems": {}, "netIncome": -185000, "netIncomeApplicableToCommonShares": -185000}, {"maxAge": 1, "endDate": "2019-06-30", "totalRevenue": 14918000, "costOfRevenue": 10102000, "grossProfit": 4816000, "researchDevelopment": {}, "sellingGeneralAdministrative": 1669000, "nonRecurring": {}, "otherOperatingExpenses": 2485000, "totalOperatingExpenses": 14256000, "operatingIncome": 662000, "totalOtherIncomeExpenseNet": -181000, "ebit": 662000, "interestExpense": -181000, "incomeBeforeTax": 481000, "incomeTaxExpense": 125000, "minorityInterest": {}, "netIncomeFromContinuingOps": 356000, "discontinuedOperations": {}, "extraordinaryItems": {}, "effectOfAccountingCharges": {}, "otherItems": {}, "netIncome": 356000, "netIncomeApplicableToCommonShares": 356000}, {"maxAge": 1, "endDate": "2019-03-31", "totalRevenue": 11736143, "costOfRevenue": 11689906, "grossProfit": 46237, "researchDevelopment": {}, "sellingGeneralAdministrative": 2786468, "nonRecurring": {}, "otherOperatingExpenses": -58985, "totalOperatingExpenses": 16875958, "operatingIncome": -5139815, "totalOtherIncomeExpenseNet": -316911, "ebit": -5139815, "interestExpense": -242336, "incomeBeforeTax": -5456726, "incomeTaxExpense": -1294948, "minorityInterest": {}, "netIncomeFromContinuingOps": -4161778, "discontinuedOperations": {}, "extraordinaryItems": {}, "effectOfAccountingCharges": {}, "otherItems": {}, "netIncome": -4161778, "netIncomeApplicableToCommonShares": -4161778}, {"maxAge": 1, "endDate": "2018-12-31", "totalRevenue": 14846000, "costOfRevenue": 9200000, "grossProfit": 5646000, "researchDevelopment": {}, "sellingGeneralAdministrative": 1300000, "nonRecurring": {}, "otherOperatingExpenses": -934000, "totalOperatingExpenses": 9566000, "operatingIncome": 5280000, "totalOtherIncomeExpenseNet": -108000, "ebit": 5280000, "interestExpense": -108000, "incomeBeforeTax": 5172000, "incomeTaxExpense": 1332000, "minorityInterest": {}, "netIncomeFromContinuingOps": 3840000, "discontinuedOperations": {}, "extraordinaryItems": {}, "effectOfAccountingCharges": {}, "otherItems": {}, "netIncome": 3840000, "netIncomeApplicableToCommonShares": 3840000}], "maxAge": 86400}, "cashflowStatementHistoryQuarterly": {"cashflowStatements": [{"maxAge": 1, "endDate": "2020-06-30", "netIncome": -185000, "changeToLiabilities": 0}, {"maxAge": 1, "endDate": "2019-06-30", "netIncome": 356000, "changeToLiabilities": 0}, {"maxAge": 1, "endDate": "2019-03-31", "netIncome": -4161778, "changeToLiabilities": 0}, {"maxAge": 1, "endDate": "2018-12-31", "netIncome": 3840000, "changeToLiabilities": 0}], "maxAge": 86400}, "insiderHolders": {"holders": [], "maxAge": 1}, "calendarEvents": {"maxAge": 1, "earnings": {"earningsDate": []}}, "upgradeDowngradeHistory": {"history": [], "maxAge": 86400}, "price": {"maxAge": 1, "regularMarketChangePercent": 0.032258112, "regularMarketChange": 0.05000007, "regularMarketTime": "2021-04-30 15:13:53", "priceHint": 4, "regularMarketPrice": 1.6, "regularMarketDayHigh": 1.61, "regularMarketDayLow": 1.6, "regularMarketVolume": 29, "averageDailyVolume10Day": 1066, "averageDailyVolume3Month": 1297, "regularMarketPreviousClose": 1.55, "regularMarketSource": "FREE_REALTIME", "regularMarketOpen": 1.6, "exchange": "BSE", "exchangeName": "BSE", "exchangeDataDelayedBy": 0, "marketState": "CLOSED", "quoteType": "EQUITY", "symbol": "ADVIKCA.BO", "underlyingSymbol": null, "shortName": "Advik Capital Limited", "longName": "Advik Capital Limited", "currency": "INR", "quoteSourceName": "Delayed Quote", "currencySymbol": "\u20b9", "fromCurrency": null, "lastMarket": null, "marketCap": 73397760}, "balanceSheetHistory": {"balanceSheetStatements": [{"maxAge": 1, "endDate": "2019-03-31", "cash": 306113, "netReceivables": 71543795, "inventory": 17745594, "otherCurrentAssets": 4450925, "totalCurrentAssets": 94046427, "longTermInvestments": 14844000, "propertyPlantEquipment": 22572074, "otherAssets": 310162, "deferredLongTermAssetCharges": 299728, "totalAssets": 131772663, "accountsPayable": 3509631, "otherCurrentLiab": 1326449, "longTermDebt": 9831618, "otherLiab": 44188, "totalCurrentLiabilities": 5318515, "totalLiab": 15194321, "commonStock": 60873600, "retainedEarnings": 4693092, "treasuryStock": 4416651, "capitalSurplus": 46595000, "otherStockholderEquity": 4416651, "totalStockholderEquity": 116578343, "netTangibleAssets": 116578343}, {"maxAge": 1, "endDate": "2018-03-31", "cash": 542715, "netReceivables": 74658913, "inventory": 20324236, "otherCurrentAssets": 5664215, "totalCurrentAssets": 101190079, "longTermInvestments": 14844000, "propertyPlantEquipment": 23661853, "otherAssets": 259123, "deferredLongTermAssetCharges": 248689, "totalAssets": 139955055, "accountsPayable": 7186650, "otherCurrentLiab": 3067983, "longTermDebt": 13373859, "otherLiab": 31223, "totalCurrentLiabilities": 11369967, "totalLiab": 24775049, "commonStock": 60873600, "retainedEarnings": 3294756, "treasuryStock": 4416651, "capitalSurplus": 46595000, "otherStockholderEquity": 4416651, "totalStockholderEquity": 115180007, "netTangibleAssets": 115180007}, {"maxAge": 1, "endDate": "2017-03-31", "cash": 3592366, "netReceivables": 25195348, "inventory": 16870852, "otherCurrentAssets": 80359939, "totalCurrentAssets": 126018505, "longTermInvestments": 494000, "propertyPlantEquipment": 26240332, "otherAssets": 54557, "deferredLongTermAssetCharges": 54557, "totalAssets": 152807394, "accountsPayable": 22877884, "otherCurrentLiab": 4182722, "longTermDebt": 37199596, "totalCurrentLiabilities": 27253704, "totalLiab": 64453300, "commonStock": 46373600, "retainedEarnings": 1843843, "treasuryStock": 4416651, "capitalSurplus": 35720000, "otherStockholderEquity": 4416651, "totalStockholderEquity": 88354094, "netTangibleAssets": 88354094}, {"maxAge": 1, "endDate": "2016-03-31", "cash": 1350699, "netReceivables": 70782637, "inventory": 14725474, "otherCurrentAssets": 4954710, "totalCurrentAssets": 91813520, "longTermInvestments": 764761, "propertyPlantEquipment": 33480305, "otherAssets": 205212, "totalAssets": 126263798, "accountsPayable": 4210986, "otherCurrentLiab": 18842, "longTermDebt": 33870000, "otherLiab": 193001, "totalCurrentLiabilities": 4537223, "totalLiab": 38600224, "commonStock": 46373600, "retainedEarnings": 5569976, "capitalSurplus": 35720000, "totalStockholderEquity": 87663576, "netTangibleAssets": 87663576}], "maxAge": 86400}, "financialData": {"maxAge": 86400, "currentPrice": 1.6, "recommendationKey": "none", "grossProfits": 12122237, "financialCurrency": "INR"}}}