{"AEGISCHEM.NS": {"assetProfile": {"address1": "1202, Tower B", "address2": "12th Floor, Peninsula Business Park Ganpatrao Kadam Marg Lower Parel (West)", "city": "Mumbai", "zip": "400013", "country": "India", "phone": "91 22 6666 3666", "fax": "91 22 6666 3777", "website": "http://www.aegisindia.com", "industry": "Oil & Gas Midstream", "sector": "Energy", "longBusinessSummary": "Aegis Logistics Limited, together with its subsidiaries, operates as an oil, gas, and chemical logistics company in the downstream oil and gas sector primarily in India. It operates through Liquid Terminal Division and Gas Terminal Division segments. The company operates a network of bulk liquid handling terminals, liquefied petroleum gas (LPG) terminals, filling plants, pipelines, and gas stations to deliver products and services. It also owns and operates a network of shore based tank farm installations for the receipt and handling of bulk liquids, including hazardous chemicals, petroleum products, and petrochemicals. In addition, the company engages in sourcing, shipping, and distribution of LPG and propane; offers supply chain management services from product planning, sourcing, and shipping to receipt, storage, and dispatch by pipeline and tankers to the point of consumption; delivers pressurized and refrigerated cargoes to various ports on the coastline of India; markets LPG and propane in bulk to industrial clients; provides clean energy solutions to companies for their various processes and applications; and offers conversion services to switch from other energy sources to LPG. Further, it provides engineering, procurement, and construction services in the oil and gas sector; and refueling services to ship owners and charterers. The company serves industrial companies, as well as individual retail customers at its Aegis Autogas stations. Aegis Logistics Limited was incorporated in 1956 and is based in Mumbai, India.", "fullTimeEmployees": 428, "companyOfficers": [{"maxAge": 1, "name": "Mr. Raj Kapurchand Chandaria", "age": 60, "title": "Exec. Chairman & MD", "yearBorn": 1960, "fiscalYear": 2020, "totalPay": 0, "exercisedValue": 0, "unexercisedValue": 0}, {"maxAge": 1, "name": "Mr. Anish K. Chandaria", "age": 53, "title": "Exec. Vice Chairman, CEO & MD", "yearBorn": 1967, "fiscalYear": 2020, "totalPay": 0, "exercisedValue": 0, "unexercisedValue": 0}, {"maxAge": 1, "name": "Sudhir Omprakash Malhotra", "title": "Group Pres & COO", "exercisedValue": 0, "unexercisedValue": 0}, {"maxAge": 1, "name": "Mr. Murad M. Moledina", "title": "Chief Financial Officer", "exercisedValue": 0, "unexercisedValue": 0}, {"maxAge": 1, "name": "Ms. Monica T. Gandhi", "title": "Company Sec., Compliance Officer & Deputy GM", "exercisedValue": 0, "unexercisedValue": 0}, {"maxAge": 1, "name": "Mr. Rajiv M. Chohan", "title": "Pres of Bus. Devel.", "exercisedValue": 0, "unexercisedValue": 0}, {"maxAge": 1, "name": "Kamlakar S. Sawant", "title": "Pres of Projects", "exercisedValue": 0, "unexercisedValue": 0}, {"maxAge": 1, "name": "Keshav  Shenoy", "title": "Pres of Strategic Planning", "exercisedValue": 0, "unexercisedValue": 0}], "compensationAsOfEpochDate": "2020-12-31 05:30:00", "maxAge": 86400}, "cashflowStatementHistory": {"cashflowStatements": [{"maxAge": 1, "endDate": "2020-03-31", "netIncome": 995941000, "depreciation": 683701000, "changeToNetincome": 2862644000, "changeToAccountReceivables": -2255901000, "changeToLiabilities": -837835000, "changeToInventory": -83107000, "changeToOperatingActivities": 94226000, "totalCashFromOperatingActivities": 1463112000, "capitalExpenditures": -1708000000, "investments": 32105000, "otherCashflowsFromInvestingActivities": 161240000, "totalCashflowsFromInvestingActivities": -1514082000, "dividendsPaid": -866215000, "netBorrowings": -140190000, "otherCashflowsFromFinancingActivities": -257645000, "totalCashFromFinancingActivities": -1258383000, "changeInCash": -1309353000, "issuanceOfStock": 5667000}, {"maxAge": 1, "endDate": "2019-03-31", "netIncome": 2213883000, "depreciation": 501837000, "changeToNetincome": 394146000, "changeToAccountReceivables": 1182055000, "changeToLiabilities": 1066465000, "changeToInventory": -78013000, "changeToOperatingActivities": 279000000, "totalCashFromOperatingActivities": 5562952000, "capitalExpenditures": -1540857000, "investments": 827000, "otherCashflowsFromInvestingActivities": 47609000, "totalCashflowsFromInvestingActivities": -1546831000, "dividendsPaid": -308076000, "netBorrowings": -850782000, "otherCashflowsFromFinancingActivities": -272389000, "totalCashFromFinancingActivities": -1431247000, "changeInCash": 2584874000, "issuanceOfStock": 5667000}, {"maxAge": 1, "endDate": "2018-03-31", "netIncome": 1978085000, "depreciation": 340160000, "changeToNetincome": -214463000, "changeToAccountReceivables": 3578464000, "changeToLiabilities": -2964674000, "changeToInventory": -42283000, "changeToOperatingActivities": -763658000, "totalCashFromOperatingActivities": 1914581000, "capitalExpenditures": -2991206000, "investments": 2623000, "otherCashflowsFromInvestingActivities": 28437000, "totalCashflowsFromInvestingActivities": -2961699000, "dividendsPaid": -412936000, "netBorrowings": 175321000, "otherCashflowsFromFinancingActivities": 2079913000, "totalCashFromFinancingActivities": 1842298000, "changeInCash": 795180000, "issuanceOfStock": 5667000}, {"maxAge": 1, "endDate": "2017-03-31", "netIncome": 1192297000, "depreciation": 234411000, "changeToNetincome": 325623000, "changeToAccountReceivables": -6084942000, "changeToLiabilities": 6012116000, "changeToInventory": -102448000, "changeToOperatingActivities": 188856000, "totalCashFromOperatingActivities": 1769609000, "capitalExpenditures": -2231444000, "investments": 4568000, "otherCashflowsFromInvestingActivities": 60601000, "totalCashflowsFromInvestingActivities": -2200516000, "dividendsPaid": -310475000, "netBorrowings": 982184000, "otherCashflowsFromFinancingActivities": -204523000, "totalCashFromFinancingActivities": 467186000, "changeInCash": 36279000, "issuanceOfStock": 5667000}], "maxAge": 86400}, "institutionOwnership": {"maxAge": 1, "ownershipList": []}, "majorHoldersBreakdown": {"maxAge": 1, "insidersPercentHeld": 0.63464, "institutionsPercentHeld": 0.10231, "institutionsFloatPercentHeld": 0.28003, "institutionsCount": 31}, "balanceSheetHistoryQuarterly": {"balanceSheetStatements": [{"maxAge": 1, "endDate": "2020-12-31"}, {"maxAge": 1, "endDate": "2020-09-30", "cash": 3668400000, "shortTermInvestments": 1095400000, "netReceivables": 2211200000, "inventory": 265300000, "otherCurrentAssets": 802900000, "totalCurrentAssets": 8043200000, "longTermInvestments": 130500000, "propertyPlantEquipment": 20032900000, "goodWill": 12500000, "intangibleAssets": 7600000, "otherAssets": 811100000, "deferredLongTermAssetCharges": 395800000, "totalAssets": 29037800000, "accountsPayable": 1869800000, "otherCurrentLiab": 2501800000, "longTermDebt": 489000000, "otherLiab": 3729200000, "minorityInterest": 1048500000, "totalCurrentLiabilities": 6207500000, "totalLiab": 10425700000, "commonStock": 345400000, "treasuryStock": 17218200000, "otherStockholderEquity": 17218200000, "totalStockholderEquity": 17563600000, "netTangibleAssets": 17543500000}, {"maxAge": 1, "endDate": "2020-06-30", "totalStockholderEquity": 16546100000, "netTangibleAssets": 16525000000}, {"maxAge": 1, "endDate": "2020-03-31", "cash": 2224747000, "shortTermInvestments": 80142000, "netReceivables": 5584793000, "inventory": 421101000, "otherCurrentAssets": 649682000, "totalCurrentAssets": 8999107000, "longTermInvestments": 111000, "propertyPlantEquipment": 19167061000, "goodWill": 12547000, "intangibleAssets": 8618000, "otherAssets": 1019573000, "deferredLongTermAssetCharges": 473243000, "totalAssets": 29207017000, "accountsPayable": 4015485000, "shortLongTermDebt": 375482000, "otherCurrentLiab": 1070126000, "longTermDebt": 485000000, "otherLiab": 743154000, "minorityInterest": 906022000, "totalCurrentLiabilities": 7644016000, "totalLiab": 11754863000, "commonStock": 339667000, "retainedEarnings": 10643610000, "treasuryStock": 1921478000, "capitalSurplus": 3641377000, "otherStockholderEquity": 1921478000, "totalStockholderEquity": 16546132000, "netTangibleAssets": 16524967000}], "maxAge": 86400}, "indexTrend": {"maxAge": 1, "symbol": "SP5", "peRatio": 19.7411, "pegRatio": 1.34172, "estimates": [{"period": "0q", "growth": 0.549}, {"period": "+1q", "growth": 0.431}, {"period": "0y", "growth": 0.305}, {"period": "+1y", "growth": 0.109}, {"period": "+5y", "growth": 0.120865}, {"period": "-5y"}]}, "defaultKeyStatistics": {"maxAge": 1, "priceHint": 2, "enterpriseValue": 148643217408, "profitMargins": -0.014889999, "floatShares": 178044268, "sharesOutstanding": 351000000, "heldPercentInsiders": 0.63464, "heldPercentInstitutions": 0.10231, "category": null, "bookValue": 48.713, "priceToBook": 6.2447395, "fundFamily": null, "legalType": null, "lastFiscalYearEnd": "2020-03-31 05:30:00", "nextFiscalYearEnd": "2022-03-31 05:30:00", "mostRecentQuarter": "2020-12-31 05:30:00", "earningsQuarterlyGrowth": 0.989, "netIncomeToCommon": -607758976, "trailingEps": -1.262, "lastSplitFactor": "10:1", "lastSplitDate": "2015-09-16 05:30:00", "enterpriseToRevenue": 3.641, "enterpriseToEbitda": 117.288, "52WeekChange": 0.85941315, "SandP52WeekChange": 0.48148263, "lastDividendValue": 1.2, "lastDividendDate": 1600041600}, "summaryProfile": {"address1": "1202, Tower B", "address2": "12th Floor, Peninsula Business Park Ganpatrao Kadam Marg Lower Parel (West)", "city": "Mumbai", "zip": "400013", "country": "India", "phone": "91 22 6666 3666", "fax": "91 22 6666 3777", "website": "http://www.aegisindia.com", "industry": "Oil & Gas Midstream", "sector": "Energy", "longBusinessSummary": "Aegis Logistics Limited, together with its subsidiaries, operates as an oil, gas, and chemical logistics company in the downstream oil and gas sector primarily in India. It operates through Liquid Terminal Division and Gas Terminal Division segments. The company operates a network of bulk liquid handling terminals, liquefied petroleum gas (LPG) terminals, filling plants, pipelines, and gas stations to deliver products and services. It also owns and operates a network of shore based tank farm installations for the receipt and handling of bulk liquids, including hazardous chemicals, petroleum products, and petrochemicals. In addition, the company engages in sourcing, shipping, and distribution of LPG and propane; offers supply chain management services from product planning, sourcing, and shipping to receipt, storage, and dispatch by pipeline and tankers to the point of consumption; delivers pressurized and refrigerated cargoes to various ports on the coastline of India; markets LPG and propane in bulk to industrial clients; provides clean energy solutions to companies for their various processes and applications; and offers conversion services to switch from other energy sources to LPG. Further, it provides engineering, procurement, and construction services in the oil and gas sector; and refueling services to ship owners and charterers. The company serves industrial companies, as well as individual retail customers at its Aegis Autogas stations. Aegis Logistics Limited was incorporated in 1956 and is based in Mumbai, India.", "fullTimeEmployees": 428, "companyOfficers": [], "maxAge": 86400}, "netSharePurchaseActivity": {"maxAge": 1, "period": "6m", "buyInfoCount": 0, "buyInfoShares": 0, "sellInfoCount": 0, "netInfoCount": 0, "netInfoShares": 0, "netPercentInsiderShares": 0.0, "totalInsiderShares": 305736288}, "insiderTransactions": {"transactions": [{"maxAge": 1, "shares": 5000000, "value": 68500, "filerUrl": "", "transactionText": "Other at price 0.01 per share.", "filerName": "Malhotra (Sudhir O.)", "filerRelation": "Group President", "moneyText": "", "startDate": "2021-02-16", "ownership": "D"}, {"maxAge": 1, "shares": 666666, "value": 9133, "filerUrl": "", "transactionText": "Other at price 0.01 per share.", "filerName": "Moledina (Murad M.)", "filerRelation": "Chief Financial Officer", "moneyText": "", "startDate": "2021-02-16", "ownership": "D"}, {"maxAge": 1, "shares": 5000000, "value": 66500, "filerUrl": "", "transactionText": "Acquisition at price 0.01 per share.", "filerName": "Malhotra (Sudhir O.)", "filerRelation": "Chief Operating Officer", "moneyText": "", "startDate": "2020-08-21", "ownership": "D"}, {"maxAge": 1, "shares": 1317982, "value": 17529, "filerUrl": "", "transactionText": "Acquisition at price 0.01 per share.", "filerName": "Moledina (Murad M.)", "filerRelation": "Chief Executive Officer", "moneyText": "", "startDate": "2020-08-21", "ownership": "D"}, {"maxAge": 1, "shares": 337948, "filerUrl": "", "transactionText": "", "filerName": "Trans Asia Petroleum Inc", "filerRelation": "Promoter", "moneyText": "", "startDate": "2020-03-31", "ownership": "D"}, {"maxAge": 1, "shares": 25814, "filerUrl": "", "transactionText": "", "filerName": "Malhotra (Sudhir O.)", "filerRelation": "Chief Operating Officer", "moneyText": "", "startDate": "2019-09-30", "ownership": "D"}, {"maxAge": 1, "shares": 30100, "filerUrl": "", "transactionText": "", "filerName": "Trans Asia Petroleum Inc", "filerRelation": "Promoter", "moneyText": "", "startDate": "2018-08-27", "ownership": "D"}, {"maxAge": 1, "shares": 82044981, "filerUrl": "", "transactionText": "", "filerName": "Trans Asia Petroleum Inc", "filerRelation": "Promoter", "moneyText": "", "startDate": "2018-08-23", "ownership": "D"}, {"maxAge": 1, "shares": 26739, "filerUrl": "", "transactionText": "", "filerName": "Asthana (Sujata)", "filerRelation": "UNREPORTED", "moneyText": "", "startDate": "2018-05-14", "ownership": "D"}, {"maxAge": 1, "shares": 41239, "filerUrl": "", "transactionText": "", "filerName": "Aathana (Sujata)", "filerRelation": "UNREPORTED", "moneyText": "", "startDate": "2017-11-01", "ownership": "D"}, {"maxAge": 1, "shares": 33067, "filerUrl": "", "transactionText": "", "filerName": "Asthana (Sujata)", "filerRelation": "UNREPORTED", "moneyText": "", "startDate": "2017-09-21", "ownership": "D"}, {"maxAge": 1, "shares": 3300000, "filerUrl": "", "transactionText": "", "filerName": "Huron Holdings, Ltd.", "filerRelation": "Promoter", "moneyText": "", "startDate": "2017-07-19", "ownership": "D"}, {"maxAge": 1, "shares": 1500000, "filerUrl": "", "transactionText": "", "filerName": "Huron Holdings, Ltd.", "filerRelation": "Promoter", "moneyText": "", "startDate": "2016-08-16", "ownership": "D"}, {"maxAge": 1, "shares": 104034513, "filerUrl": "", "transactionText": "", "filerName": "Huron Holdings, Ltd.", "filerRelation": "Promoter", "moneyText": "", "startDate": "2016-07-14", "ownership": "D"}, {"maxAge": 1, "shares": 12027, "filerUrl": "", "transactionText": "", "filerName": "Chohan (Rajiv)", "filerRelation": "UNREPORTED", "moneyText": "", "startDate": "2016-02-19", "ownership": "D"}, {"maxAge": 1, "shares": 17350, "filerUrl": "", "transactionText": "", "filerName": "Chohan (Renuka)", "filerRelation": "UNREPORTED", "moneyText": "", "startDate": "2016-02-19", "ownership": "D"}, {"maxAge": 1, "shares": 1510, "filerUrl": "", "transactionText": "", "filerName": "Asthana (Sujata)", "filerRelation": "UNREPORTED", "moneyText": "", "startDate": "2015-09-04", "ownership": "D"}, {"maxAge": 1, "shares": 25094, "filerUrl": "", "transactionText": "", "filerName": "Trans Asia Petroleum Inc", "filerRelation": "Promoter", "moneyText": "", "startDate": "2015-06-09", "ownership": "D"}, {"maxAge": 1, "shares": 19450, "filerUrl": "", "transactionText": "", "filerName": "Trans Asia Petroleum Inc", "filerRelation": "Promoter", "moneyText": "", "startDate": "2015-06-09", "ownership": "D"}, {"maxAge": 1, "shares": 28862, "filerUrl": "", "transactionText": "", "filerName": "Trans Asia Petroleum Inc", "filerRelation": "Promoter", "moneyText": "", "startDate": "2015-02-16", "ownership": "D"}, {"maxAge": 1, "shares": 25700, "filerUrl": "", "transactionText": "", "filerName": "Trans Asia Petroleum Inc", "filerRelation": "Promoter", "moneyText": "", "startDate": "2014-08-06", "ownership": "D"}, {"maxAge": 1, "shares": 22000, "filerUrl": "", "transactionText": "", "filerName": "Trans Asia Petroleum Inc", "filerRelation": "Promoter", "moneyText": "", "startDate": "2014-05-30", "ownership": "D"}, {"maxAge": 1, "shares": 15512, "filerUrl": "", "transactionText": "", "filerName": "Moledina (Murad M.)", "filerRelation": "Chief Financial Officer", "moneyText": "", "startDate": "2014-05-29", "ownership": "D"}, {"maxAge": 1, "shares": 5000, "filerUrl": "", "transactionText": "", "filerName": "Trans Asia Petroleum Inc", "filerRelation": "Promoter", "moneyText": "", "startDate": "2014-04-17", "ownership": "D"}, {"maxAge": 1, "shares": 10000, "filerUrl": "", "transactionText": "", "filerName": "Trans Asia Petroleum Inc", "filerRelation": "Promoter", "moneyText": "", "startDate": "2014-04-16", "ownership": "D"}, {"maxAge": 1, "shares": 30000, "filerUrl": "", "transactionText": "", "filerName": "Trans Asia Petroleum Inc", "filerRelation": "Promoter", "moneyText": "", "startDate": "2014-04-10", "ownership": "D"}, {"maxAge": 1, "shares": 8926303, "filerUrl": "", "transactionText": "", "filerName": "Trans Asia Petroleum Inc", "filerRelation": "Promoter", "moneyText": "", "startDate": "2014-01-10", "ownership": "D"}, {"maxAge": 1, "shares": 11926057, "filerUrl": "", "transactionText": "", "filerName": "Huron Holdings, Ltd.", "filerRelation": "Promoter", "moneyText": "", "startDate": "2014-01-10", "ownership": "D"}, {"maxAge": 1, "shares": 1000, "filerUrl": "", "transactionText": "", "filerName": "Asia Infrastructure Investment Ltd", "filerRelation": "Promoter", "moneyText": "", "startDate": "2014-01-09", "ownership": "D"}], "maxAge": 1}, "quoteType": {"exchange": "NSI", "quoteType": "EQUITY", "symbol": "AEGISCHEM.NS", "underlyingSymbol": "AEGISCHEM.NS", "shortName": "AEGIS LOGISTICS", "longName": "Aegis Logistics Limited", "firstTradeDateEpochUtc": "2002-07-01 09:15:00", "timeZoneFullName": "Asia/Kolkata", "timeZoneShortName": "IST", "uuid": "e535d06e-8d82-37dd-bdcf-352931ca0769", "messageBoardId": "finmb_880782", "gmtOffSetMilliseconds": 19800000, "maxAge": 1}, "incomeStatementHistory": {"incomeStatementHistory": [{"maxAge": 1, "endDate": "2020-03-31", "totalRevenue": 71832521000, "costOfRevenue": 64806012000, "grossProfit": 7026509000, "researchDevelopment": {}, "sellingGeneralAdministrative": 623629000, "nonRecurring": {}, "otherOperatingExpenses": 1236511000, "totalOperatingExpenses": 69741159000, "operatingIncome": 2091362000, "totalOtherIncomeExpenseNet": -15751000, "ebit": 2091362000, "interestExpense": -302334000, "incomeBeforeTax": 2075611000, "incomeTaxExpense": 735892000, "minorityInterest": 906022000, "netIncomeFromContinuingOps": 1339719000, "discontinuedOperations": {}, "extraordinaryItems": {}, "effectOfAccountingCharges": {}, "otherItems": {}, "netIncome": 995941000, "netIncomeApplicableToCommonShares": 995941000}, {"maxAge": 1, "endDate": "2019-03-31", "totalRevenue": 56158232000, "costOfRevenue": 50459770000, "grossProfit": 5698462000, "researchDevelopment": {}, "sellingGeneralAdministrative": 815913000, "nonRecurring": {}, "otherOperatingExpenses": 1194864000, "totalOperatingExpenses": 52975963000, "operatingIncome": 3182269000, "totalOtherIncomeExpenseNet": -159016000, "ebit": 3182269000, "interestExpense": -249766000, "incomeBeforeTax": 3023253000, "incomeTaxExpense": 502192000, "minorityInterest": 748124000, "netIncomeFromContinuingOps": 2521061000, "discontinuedOperations": {}, "extraordinaryItems": {}, "effectOfAccountingCharges": {}, "otherItems": {}, "netIncome": 2213883000, "netIncomeApplicableToCommonShares": 2213883000}, {"maxAge": 1, "endDate": "2018-03-31", "totalRevenue": 47909587000, "costOfRevenue": 43595844000, "grossProfit": 4313743000, "researchDevelopment": {}, "sellingGeneralAdministrative": 667868000, "nonRecurring": {}, "otherOperatingExpenses": 938902000, "totalOperatingExpenses": 45545724000, "operatingIncome": 2363863000, "totalOtherIncomeExpenseNet": -115707000, "ebit": 2363863000, "interestExpense": -135432000, "incomeBeforeTax": 2248156000, "incomeTaxExpense": 110116000, "minorityInterest": 697009000, "netIncomeFromContinuingOps": 2138040000, "discontinuedOperations": {}, "extraordinaryItems": {}, "effectOfAccountingCharges": {}, "otherItems": {}, "netIncome": 1978085000, "netIncomeApplicableToCommonShares": 1978085000}, {"maxAge": 1, "endDate": "2017-03-31", "totalRevenue": 39302897000, "costOfRevenue": 35723713000, "grossProfit": 3579184000, "researchDevelopment": {}, "sellingGeneralAdministrative": 604552000, "nonRecurring": {}, "otherOperatingExpenses": 872569000, "totalOperatingExpenses": 37438941000, "operatingIncome": 1863956000, "totalOtherIncomeExpenseNet": -172630000, "ebit": 1863956000, "interestExpense": -147396000, "incomeBeforeTax": 1691326000, "incomeTaxExpense": 361647000, "minorityInterest": 292358000, "netIncomeFromContinuingOps": 1329679000, "discontinuedOperations": {}, "extraordinaryItems": {}, "effectOfAccountingCharges": {}, "otherItems": {}, "netIncome": 1192297000, "netIncomeApplicableToCommonShares": 1192297000}], "maxAge": 86400}, "fundOwnership": {"maxAge": 1, "ownershipList": [{"maxAge": 1, "reportDate": "2021-02-28", "organization": "Aberdeen Standard SICAV I-Asian Smaller Companies Fd", "pctHeld": 0.0081, "position": 2842813, "value": 877007810}, {"maxAge": 1, "reportDate": "2020-12-31", "organization": "India Fund, Inc., The", "pctHeld": 0.0078, "position": 2725000, "value": 686700000}, {"maxAge": 1, "reportDate": "2021-01-31", "organization": "Vanguard International Stock Index-Emerging Markets Stk", "pctHeld": 0.0033000002, "position": 1171624, "value": 332916959}, {"maxAge": 1, "reportDate": "2021-03-31", "organization": "iShares Core MSCI Emerging Markets ETF", "pctHeld": 0.0032, "position": 1133448, "value": 338504245}, {"maxAge": 1, "reportDate": "2021-01-31", "organization": "Vanguard International Stock Index-Total Intl Stock Indx", "pctHeld": 0.0031, "position": 1086389, "value": 308697434}, {"maxAge": 1, "reportDate": "2021-01-31", "organization": "DFA Emerging Markets Core Equity Portfolio", "pctHeld": 0.0015, "position": 542864, "value": 154254805}, {"maxAge": 1, "reportDate": "2021-03-31", "organization": "American Funds Insurance Ser-Global Small Capitalization Fund", "pctHeld": 0.0015, "position": 525985, "value": 157085420}, {"maxAge": 1, "reportDate": "2021-01-31", "organization": "DFA Emerging Markets Small Cap Series", "pctHeld": 0.0014, "position": 508694, "value": 144545400}, {"maxAge": 1, "reportDate": "2021-02-28", "organization": "Aberdeen Standard SICAV I-Emerging Markets Infrastructure Fund", "pctHeld": 0.0011, "position": 393321, "value": 121339528}, {"maxAge": 1, "reportDate": "2021-01-31", "organization": "Vanguard Intl Equity Index Fds-FTSE All World ex U.S.Small Cap Index", "pctHeld": 0.001, "position": 353611, "value": 100478565}]}, "summaryDetail": {"maxAge": 1, "priceHint": 2, "previousClose": 308.55, "open": 311.0, "dayLow": 302.5, "dayHigh": 317.95, "regularMarketPreviousClose": 308.55, "regularMarketOpen": 311.0, "regularMarketDayLow": 302.5, "regularMarketDayHigh": 317.95, "dividendRate": 1.7, "dividendYield": 0.0055, "exDividendDate": "2020-09-14 05:30:00", "payoutRatio": 0.3108, "fiveYearAvgDividendYield": 0.54, "volume": 336034, "regularMarketVolume": 336034, "averageVolume": 372990, "averageVolume10days": 434986, "averageDailyVolume10Day": 434986, "bid": 0.0, "ask": 0.0, "bidSize": 0, "askSize": 0, "marketCap": 106739531776, "fiftyTwoWeekLow": 158.75, "fiftyTwoWeekHigh": 341.0, "priceToSalesTrailing12Months": 2.6145425, "fiftyDayAverage": 292.00293, "twoHundredDayAverage": 265.43042, "trailingAnnualDividendRate": 1.2, "trailingAnnualDividendYield": 0.0038891593, "currency": "INR", "fromCurrency": null, "toCurrency": null, "lastMarket": null, "algorithm": null, "tradeable": false}, "incomeStatementHistoryQuarterly": {"incomeStatementHistory": [{"maxAge": 1, "endDate": "2020-12-31", "totalRevenue": 15558900000, "costOfRevenue": 13640800000, "grossProfit": 1918100000, "researchDevelopment": {}, "sellingGeneralAdministrative": 135800000, "nonRecurring": {}, "otherOperatingExpenses": 359800000, "totalOperatingExpenses": 14175000000, "operatingIncome": 1383900000, "totalOtherIncomeExpenseNet": -40900000, "ebit": 1383900000, "interestExpense": -40900000, "incomeBeforeTax": 1343000000, "incomeTaxExpense": 280100000, "minorityInterest": {}, "netIncomeFromContinuingOps": 1062900000, "discontinuedOperations": {}, "extraordinaryItems": {}, "effectOfAccountingCharges": {}, "otherItems": {}, "netIncome": 992400000, "netIncomeApplicableToCommonShares": 992400000}, {"maxAge": 1, "endDate": "2020-09-30", "totalRevenue": 6503600000, "costOfRevenue": 4876700000, "grossProfit": 1626900000, "researchDevelopment": {}, "sellingGeneralAdministrative": 117400000, "nonRecurring": {}, "otherOperatingExpenses": 346400000, "totalOperatingExpenses": 5660900000, "operatingIncome": 842700000, "totalOtherIncomeExpenseNet": 25700000, "ebit": 842700000, "interestExpense": -40700000, "incomeBeforeTax": 868400000, "incomeTaxExpense": 226500000, "minorityInterest": 1048500000, "netIncomeFromContinuingOps": 641900000, "discontinuedOperations": {}, "extraordinaryItems": {}, "effectOfAccountingCharges": {}, "otherItems": {}, "netIncome": 569600000, "netIncomeApplicableToCommonShares": 569600000}, {"maxAge": 1, "endDate": "2020-06-30", "totalRevenue": 6364000000, "costOfRevenue": 4880000000, "grossProfit": 1484000000, "researchDevelopment": {}, "sellingGeneralAdministrative": 99700000, "nonRecurring": {}, "otherOperatingExpenses": 289400000, "totalOperatingExpenses": 5866000000, "operatingIncome": 498000000, "totalOtherIncomeExpenseNet": 3000000, "ebit": 498000000, "interestExpense": -46600000, "incomeBeforeTax": 501000000, "incomeTaxExpense": 132600000, "minorityInterest": 1048500000, "netIncomeFromContinuingOps": 368400000, "discontinuedOperations": {}, "extraordinaryItems": {}, "effectOfAccountingCharges": {}, "otherItems": {}, "netIncome": 298300000, "netIncomeApplicableToCommonShares": 298300000}, {"maxAge": 1, "endDate": "2020-03-31", "totalRevenue": 12416521000, "costOfRevenue": 10573812000, "grossProfit": 1842709000, "researchDevelopment": {}, "sellingGeneralAdministrative": 259229000, "nonRecurring": {}, "otherOperatingExpenses": 218711000, "totalOperatingExpenses": 11659959000, "operatingIncome": 756562000, "totalOtherIncomeExpenseNet": 103149000, "ebit": 756562000, "interestExpense": -49734000, "incomeBeforeTax": 859711000, "incomeTaxExpense": 393892000, "minorityInterest": 906022000, "netIncomeFromContinuingOps": 465819000, "discontinuedOperations": {}, "extraordinaryItems": {}, "effectOfAccountingCharges": {}, "otherItems": {}, "netIncome": 341141000, "netIncomeApplicableToCommonShares": 341141000}], "maxAge": 86400}, "cashflowStatementHistoryQuarterly": {"cashflowStatements": [{"maxAge": 1, "endDate": "2020-12-31", "netIncome": 992400000, "changeToLiabilities": 0}, {"maxAge": 1, "endDate": "2020-09-30", "netIncome": 569600000, "changeToLiabilities": 0}, {"maxAge": 1, "endDate": "2020-06-30", "netIncome": 298300000, "changeToLiabilities": 0}, {"maxAge": 1, "endDate": "2020-03-31", "netIncome": 341141000, "changeToLiabilities": 0}], "maxAge": 86400}, "insiderHolders": {"holders": [{"maxAge": 1, "name": "Aathana (Sujata)", "relation": "UNREPORTED", "url": "", "transactionDescription": "Sale", "latestTransDate": "2017-11-01", "positionDirect": 0, "positionDirectDate": "2017-11-01"}, {"maxAge": 1, "name": "Asia Infrastructure Investment Ltd", "relation": "Promoter", "url": "", "transactionDescription": "Acquisition", "latestTransDate": "2014-01-09", "positionDirect": 1000, "positionDirectDate": "2014-01-09"}, {"maxAge": 1, "name": "Asthana (Sujata)", "relation": "UNREPORTED", "url": "", "transactionDescription": "Acquisition", "latestTransDate": "2018-05-14", "positionDirect": 14500, "positionDirectDate": "2018-05-14"}, {"maxAge": 1, "name": "Chohan (Rajiv)", "relation": "UNREPORTED", "url": "", "transactionDescription": "Acquisition", "latestTransDate": "2016-02-19", "positionDirect": 17447, "positionDirectDate": "2016-02-19"}, {"maxAge": 1, "name": "Chohan (Renuka)", "relation": "UNREPORTED", "url": "", "transactionDescription": "Acquisition", "latestTransDate": "2016-02-19", "positionDirect": 32550, "positionDirectDate": "2016-02-19"}, {"maxAge": 1, "name": "Huron Holdings, Ltd.", "relation": "Promoter", "url": "", "transactionDescription": "Sale", "latestTransDate": "2017-07-19", "positionDirect": 111160570, "positionDirectDate": "2017-07-19"}, {"maxAge": 1, "name": "Malhotra (Sudhir O.)", "relation": "Group President", "url": "", "transactionDescription": "Other", "latestTransDate": "2021-02-16", "positionDirect": 15518384, "positionDirectDate": "2021-02-16"}, {"maxAge": 1, "name": "Moledina (Murad M.)", "relation": "Chief Financial Officer", "url": "", "transactionDescription": "Other", "latestTransDate": "2021-02-16", "positionDirect": 2000160, "positionDirectDate": "2021-02-16"}, {"maxAge": 1, "name": "Trans Asia Petroleum Inc", "relation": "Promoter", "url": "", "transactionDescription": "Acquisition", "latestTransDate": "2020-03-31", "positionDirect": 91505438, "positionDirectDate": "2020-03-31"}], "maxAge": 1}, "calendarEvents": {"maxAge": 1, "earnings": {"earningsDate": []}, "exDividendDate": "2020-09-14 05:30:00"}, "price": {"maxAge": 1, "regularMarketChangePercent": -0.014098122, "regularMarketChange": -4.3499756, "regularMarketTime": "2021-04-30 15:29:59", "priceHint": 2, "regularMarketPrice": 304.2, "regularMarketDayHigh": 317.95, "regularMarketDayLow": 302.5, "regularMarketVolume": 336034, "averageDailyVolume10Day": 434986, "averageDailyVolume3Month": 372990, "regularMarketPreviousClose": 308.55, "regularMarketSource": "FREE_REALTIME", "regularMarketOpen": 311.0, "exchange": "NSI", "exchangeName": "NSE", "exchangeDataDelayedBy": 15, "marketState": "CLOSED", "quoteType": "EQUITY", "symbol": "AEGISCHEM.NS", "underlyingSymbol": null, "shortName": "AEGIS LOGISTICS", "longName": "Aegis Logistics Limited", "currency": "INR", "quoteSourceName": "Delayed Quote", "currencySymbol": "\u20b9", "fromCurrency": null, "toCurrency": null, "lastMarket": null, "marketCap": 106739531776}, "balanceSheetHistory": {"balanceSheetStatements": [{"maxAge": 1, "endDate": "2020-03-31", "cash": 2224747000, "shortTermInvestments": 80142000, "netReceivables": 5584793000, "inventory": 421101000, "otherCurrentAssets": 649682000, "totalCurrentAssets": 8999107000, "longTermInvestments": 111000, "propertyPlantEquipment": 19167061000, "goodWill": 12547000, "intangibleAssets": 8618000, "otherAssets": 1019573000, "deferredLongTermAssetCharges": 473243000, "totalAssets": 29207017000, "accountsPayable": 4015485000, "shortLongTermDebt": 375482000, "otherCurrentLiab": 1070126000, "longTermDebt": 485000000, "otherLiab": 743154000, "minorityInterest": 906022000, "totalCurrentLiabilities": 7644016000, "totalLiab": 11754863000, "commonStock": 339667000, "retainedEarnings": 10643610000, "treasuryStock": 1921478000, "capitalSurplus": 3641377000, "otherStockholderEquity": 1921478000, "totalStockholderEquity": 16546132000, "netTangibleAssets": 16524967000}, {"maxAge": 1, "endDate": "2019-03-31", "cash": 3534100000, "shortTermInvestments": 104285000, "netReceivables": 2682152000, "inventory": 337994000, "otherCurrentAssets": 841723000, "totalCurrentAssets": 7583667000, "longTermInvestments": 111000, "propertyPlantEquipment": 14471616000, "goodWill": 12547000, "intangibleAssets": 9948000, "otherAssets": 2208908000, "deferredLongTermAssetCharges": 953580000, "totalAssets": 24286797000, "accountsPayable": 4853320000, "shortLongTermDebt": 522277000, "otherCurrentLiab": 1006903000, "longTermDebt": 565698000, "otherLiab": 1171715000, "minorityInterest": 748124000, "totalCurrentLiabilities": 7888490000, "totalLiab": 9625903000, "commonStock": 334000000, "retainedEarnings": 10245498000, "treasuryStock": 815595000, "capitalSurplus": 2517677000, "otherStockholderEquity": 815595000, "totalStockholderEquity": 13912770000, "netTangibleAssets": 13890275000}, {"maxAge": 1, "endDate": "2018-03-31", "cash": 949226000, "netReceivables": 4079314000, "inventory": 259981000, "otherCurrentAssets": 957527000, "totalCurrentAssets": 6269798000, "longTermInvestments": 222000, "propertyPlantEquipment": 14054240000, "goodWill": 12547000, "intangibleAssets": 12860000, "otherAssets": 1789671000, "deferredLongTermAssetCharges": 649543000, "totalAssets": 22139338000, "accountsPayable": 3788367000, "shortLongTermDebt": 216048000, "otherCurrentLiab": 2077503000, "longTermDebt": 619583000, "otherLiab": 258796000, "minorityInterest": 697009000, "totalCurrentLiabilities": 8491161000, "totalLiab": 9369540000, "commonStock": 334000000, "retainedEarnings": 8404578000, "treasuryStock": 816534000, "capitalSurplus": 2517677000, "otherStockholderEquity": 816534000, "totalStockholderEquity": 12072789000, "netTangibleAssets": 12047382000}, {"maxAge": 1, "endDate": "2017-03-31", "cash": 154046000, "netReceivables": 7139683000, "inventory": 217698000, "otherCurrentAssets": 887664000, "totalCurrentAssets": 8433801000, "longTermInvestments": 1918000, "propertyPlantEquipment": 10591445000, "goodWill": 12547000, "intangibleAssets": 6225000, "otherAssets": 1308859000, "deferredLongTermAssetCharges": 411455000, "totalAssets": 20354795000, "accountsPayable": 6777556000, "shortLongTermDebt": 316402000, "otherCurrentLiab": 1653477000, "longTermDebt": 773739000, "otherLiab": 247639000, "minorityInterest": 292358000, "totalCurrentLiabilities": 10669168000, "totalLiab": 11690546000, "commonStock": 334000000, "retainedEarnings": 6618078000, "treasuryStock": 821736000, "capitalSurplus": 598077000, "otherStockholderEquity": 821736000, "totalStockholderEquity": 8371891000, "netTangibleAssets": 8353119000}], "maxAge": 86400}, "financialData": {"maxAge": 86400, "currentPrice": 304.2, "recommendationKey": "none", "ebitda": 1267330688, "totalRevenue": 40825319424, "debtToEquity": 12.275, "revenuePerShare": 84.744, "grossProfits": 7026509000, "earningsGrowth": 0.43, "revenueGrowth": -0.283, "grossMargins": 0.16789, "ebitdaMargins": 0.031040002, "operatingMargins": 0.01603, "profitMargins": -0.014889999, "financialCurrency": "INR"}}}