{"AEL.BO": {"cashflowStatementHistory": {"cashflowStatements": [{"maxAge": 1, "endDate": "2020-03-31", "netIncome": 13613804, "depreciation": 3482760, "changeToNetincome": -3234950, "changeToAccountReceivables": 82850558, "changeToLiabilities": -127132032, "changeToInventory": 1303946, "changeToOperatingActivities": -4712955, "totalCashFromOperatingActivities": -33828869, "capitalExpenditures": -4944905, "otherCashflowsFromInvestingActivities": 1616792, "totalCashflowsFromInvestingActivities": -3154461, "dividendsPaid": -1899072, "netBorrowings": 6718353, "otherCashflowsFromFinancingActivities": 31171958, "totalCashFromFinancingActivities": 35991239, "changeInCash": -992091}, {"maxAge": 1, "endDate": "2019-03-31", "netIncome": 11142506, "depreciation": 2398274, "changeToNetincome": -1911351, "changeToAccountReceivables": -45872658, "changeToLiabilities": 110796865, "changeToInventory": 11169009, "changeToOperatingActivities": -2877291, "totalCashFromOperatingActivities": 84845354, "capitalExpenditures": -3587860, "otherCashflowsFromInvestingActivities": 3063873, "totalCashflowsFromInvestingActivities": -523987, "dividendsPaid": -1899072, "netBorrowings": -33606109, "otherCashflowsFromFinancingActivities": -48880827, "totalCashFromFinancingActivities": -84386008, "changeInCash": -64641}, {"maxAge": 1, "endDate": "2018-03-31", "netIncome": 28243869, "depreciation": 1584226, "changeToNetincome": -1006395, "changeToAccountReceivables": -17204710, "changeToLiabilities": 6251813, "changeToInventory": -17165028, "changeToOperatingActivities": 3703025, "totalCashFromOperatingActivities": 4406800, "capitalExpenditures": -18942500, "otherCashflowsFromInvestingActivities": 4011145, "totalCashflowsFromInvestingActivities": -14931355, "dividendsPaid": -1899072, "netBorrowings": 22431659, "otherCashflowsFromFinancingActivities": 1405218, "totalCashFromFinancingActivities": 23836877, "changeInCash": 13312322}, {"maxAge": 1, "endDate": "2017-03-31", "netIncome": 10287651, "depreciation": 687415, "changeToNetincome": -4631115, "changeToAccountReceivables": -87075748, "changeToLiabilities": 11261719, "changeToInventory": 11999207, "changeToOperatingActivities": -983357, "totalCashFromOperatingActivities": -58454228, "capitalExpenditures": -761418, "investments": -1000, "otherCashflowsFromInvestingActivities": 2907077, "totalCashflowsFromInvestingActivities": 2155326, "dividendsPaid": -3165120, "netBorrowings": 25929350, "otherCashflowsFromFinancingActivities": 35606031, "totalCashFromFinancingActivities": 58370261, "changeInCash": 2071359}], "maxAge": 86400}, "institutionOwnership": {"ownershipList": [], "maxAge": 1}, "balanceSheetHistoryQuarterly": {"balanceSheetStatements": [{"maxAge": 1, "endDate": "2020-06-30", "totalStockholderEquity": 171403355, "netTangibleAssets": 171403355}, {"maxAge": 1, "endDate": "2020-03-31", "cash": 421933, "shortTermInvestments": 19778413, "netReceivables": 116899856, "inventory": 15131434, "otherCurrentAssets": 8835012, "totalCurrentAssets": 161071849, "longTermInvestments": 6000, "propertyPlantEquipment": 27180304, "otherAssets": 26103854, "totalAssets": 214362007, "accountsPayable": 13047900, "shortLongTermDebt": 239919, "otherCurrentLiab": 2518566, "longTermDebt": 4410877, "otherLiab": 809336, "totalCurrentLiabilities": 37105338, "totalLiab": 42958652, "commonStock": 63302400, "retainedEarnings": 76603355, "capitalSurplus": 31497600, "totalStockholderEquity": 171403355, "netTangibleAssets": 171403355}, {"maxAge": 1, "endDate": "2019-12-31", "totalStockholderEquity": 165818295, "netTangibleAssets": 165818295}, {"maxAge": 1, "endDate": "2019-09-30", "cash": 14186057, "shortTermInvestments": 5840150, "netReceivables": 209908931, "inventory": 10988079, "otherCurrentAssets": 8885912, "totalCurrentAssets": 249809129, "longTermInvestments": 6000, "propertyPlantEquipment": 26401833, "otherAssets": 26627171, "totalAssets": 302844133, "accountsPayable": 119165207, "shortLongTermDebt": 230022, "otherCurrentLiab": 6912405, "longTermDebt": 4533363, "otherLiab": 576981, "totalCurrentLiabilities": 131915494, "totalLiab": 137025838, "commonStock": 63302400, "retainedEarnings": 71018295, "capitalSurplus": 31497600, "totalStockholderEquity": 165818295, "netTangibleAssets": 165818295}], "maxAge": 86400}, "indexTrend": {"maxAge": 1, "symbol": "SP5", "peRatio": 19.7411, "pegRatio": 1.34172, "estimates": [{"period": "0q", "growth": 0.549}, {"period": "+1q", "growth": 0.431}, {"period": "0y", "growth": 0.305}, {"period": "+1y", "growth": 0.109}, {"period": "+5y", "growth": 0.120859005}, {"period": "-5y"}]}, "insiderTransactions": {"transactions": [{"maxAge": 1, "shares": 1425226, "filerUrl": "", "transactionText": "", "filerName": "Mehta (Ketan Harilal)", "filerRelation": "Promoter", "moneyText": "", "startDate": "2019-12-26", "ownership": "D"}, {"maxAge": 1, "shares": 14000, "filerUrl": "", "transactionText": "", "filerName": "Mehta (Ketan Harilal)", "filerRelation": "Promoter", "moneyText": "", "startDate": "2019-09-30", "ownership": "D"}, {"maxAge": 1, "shares": 1404, "filerUrl": "", "transactionText": "", "filerName": "Mehta (Ketan Harilal)", "filerRelation": "Promoter", "moneyText": "", "startDate": "2019-09-27", "ownership": "D"}, {"maxAge": 1, "shares": 4538, "filerUrl": "", "transactionText": "", "filerName": "Mehta (Ketan Harilal)", "filerRelation": "Promoter", "moneyText": "", "startDate": "2019-09-26", "ownership": "D"}, {"maxAge": 1, "shares": 14425, "filerUrl": "", "transactionText": "", "filerName": "Mehta (Ketan Harilal)", "filerRelation": "Promoter", "moneyText": "", "startDate": "2019-09-25", "ownership": "D"}, {"maxAge": 1, "shares": 2400, "filerUrl": "", "transactionText": "", "filerName": "Mehta (Ketan Harilal)", "filerRelation": "Promoter", "moneyText": "", "startDate": "2019-09-24", "ownership": "D"}, {"maxAge": 1, "shares": 5474, "filerUrl": "", "transactionText": "", "filerName": "Mehta (Ketan Harilal)", "filerRelation": "Director", "moneyText": "", "startDate": "2019-03-27", "ownership": "D"}, {"maxAge": 1, "shares": 4000, "filerUrl": "", "transactionText": "", "filerName": "Mehta (Ketan Harilal)", "filerRelation": "Director", "moneyText": "", "startDate": "2019-03-26", "ownership": "D"}, {"maxAge": 1, "shares": 5200, "filerUrl": "", "transactionText": "", "filerName": "Mehta (Ketan Harilal)", "filerRelation": "Promoter", "moneyText": "", "startDate": "2019-03-25", "ownership": "D"}, {"maxAge": 1, "shares": 1000, "filerUrl": "", "transactionText": "", "filerName": "Mehta (Ketan Harilal)", "filerRelation": "Promoter", "moneyText": "", "startDate": "2019-03-15", "ownership": "D"}, {"maxAge": 1, "shares": 4500, "filerUrl": "", "transactionText": "", "filerName": "Mehta (Ketan Harilal)", "filerRelation": "Promoter", "moneyText": "", "startDate": "2019-03-14", "ownership": "D"}, {"maxAge": 1, "shares": 5000, "filerUrl": "", "transactionText": "", "filerName": "Mehta (Ketan Harilal)", "filerRelation": "Promoter", "moneyText": "", "startDate": "2019-03-13", "ownership": "D"}, {"maxAge": 1, "shares": 7440, "filerUrl": "", "transactionText": "", "filerName": "Mehta (Ketan Harilal)", "filerRelation": "Promoter", "moneyText": "", "startDate": "2019-03-12", "ownership": "D"}, {"maxAge": 1, "shares": 5500, "filerUrl": "", "transactionText": "", "filerName": "Mehta (Ketan Harilal)", "filerRelation": "Promoter", "moneyText": "", "startDate": "2019-03-11", "ownership": "D"}, {"maxAge": 1, "shares": 8000, "filerUrl": "", "transactionText": "", "filerName": "Mehta (Ketan Harilal)", "filerRelation": "Promoter", "moneyText": "", "startDate": "2019-03-08", "ownership": "D"}, {"maxAge": 1, "shares": 5533, "filerUrl": "", "transactionText": "", "filerName": "Mehta (Ketan Harilal)", "filerRelation": "Promoter", "moneyText": "", "startDate": "2019-03-07", "ownership": "D"}, {"maxAge": 1, "shares": 9164, "filerUrl": "", "transactionText": "", "filerName": "Mehta (Ketan Harilal)", "filerRelation": "Promoter", "moneyText": "", "startDate": "2019-03-06", "ownership": "D"}, {"maxAge": 1, "shares": 20000, "filerUrl": "", "transactionText": "", "filerName": "Senjaliya (Dineshbhai Babubhai)", "filerRelation": "Director (Independent)", "moneyText": "", "startDate": "2017-07-12", "ownership": "D"}, {"maxAge": 1, "shares": 20000, "filerUrl": "", "transactionText": "", "filerName": "Senjaliya (Dineshbhai Babubhai)", "filerRelation": "Director (Independent)", "moneyText": "", "startDate": "2017-07-11", "ownership": "D"}, {"maxAge": 1, "shares": 18500, "filerUrl": "", "transactionText": "", "filerName": "Senjaliya (Dineshbhai Babubhai)", "filerRelation": "Director (Independent)", "moneyText": "", "startDate": "2017-07-10", "ownership": "D"}, {"maxAge": 1, "shares": 4904, "filerUrl": "", "transactionText": "", "filerName": "Senjaliya (Dineshbhai Babubhai)", "filerRelation": "Director (Independent)", "moneyText": "", "startDate": "2017-06-02", "ownership": "D"}, {"maxAge": 1, "shares": 5000, "filerUrl": "", "transactionText": "", "filerName": "Senjaliya (Dineshbhai Babubhai)", "filerRelation": "Director (Independent)", "moneyText": "", "startDate": "2017-03-21", "ownership": "D"}, {"maxAge": 1, "shares": 4912, "filerUrl": "", "transactionText": "", "filerName": "Senjaliya (Dineshbhai Babubhai)", "filerRelation": "Promoter", "moneyText": "", "startDate": "2017-03-17", "ownership": "D"}, {"maxAge": 1, "shares": 309, "filerUrl": "", "transactionText": "", "filerName": "Senjaliya (Dineshbhai Babubhai)", "filerRelation": "Promoter", "moneyText": "", "startDate": "2017-03-01", "ownership": "D"}, {"maxAge": 1, "shares": 2513, "filerUrl": "", "transactionText": "", "filerName": "Senjaliya (Dineshbhai Babubhai)", "filerRelation": "Promoter", "moneyText": "", "startDate": "2017-02-28", "ownership": "D"}], "maxAge": 1}, "quoteType": {"exchange": "BSE", "quoteType": "EQUITY", "symbol": "AEL.BO", "underlyingSymbol": "AEL.BO", "shortName": "Amba Enterprises Ltd.", "longName": "Amba Enterprises Limited", "firstTradeDateEpochUtc": "2015-06-29 09:15:00", "timeZoneFullName": "Asia/Kolkata", "timeZoneShortName": "IST", "uuid": "8d7c47dd-caba-3c22-bed6-ea672f92c214", "gmtOffSetMilliseconds": 19800000, "maxAge": 1}, "incomeStatementHistory": {"incomeStatementHistory": [{"maxAge": 1, "endDate": "2020-03-31", "totalRevenue": 1007218927, "costOfRevenue": 959178757, "grossProfit": 48040170, "researchDevelopment": {}, "sellingGeneralAdministrative": 13053960, "nonRecurring": {}, "otherOperatingExpenses": 10831540, "totalOperatingExpenses": 986547017, "operatingIncome": 20671910, "totalOtherIncomeExpenseNet": -1566103, "ebit": 20671910, "interestExpense": -2986323, "incomeBeforeTax": 19105807, "incomeTaxExpense": 5492003, "minorityInterest": {}, "netIncomeFromContinuingOps": 13613804, "discontinuedOperations": {}, "extraordinaryItems": {}, "effectOfAccountingCharges": {}, "otherItems": {}, "netIncome": 13613804, "netIncomeApplicableToCommonShares": 13613804}, {"maxAge": 1, "endDate": "2019-03-31", "totalRevenue": 888473794, "costOfRevenue": 848592287, "grossProfit": 39881507, "researchDevelopment": {}, "sellingGeneralAdministrative": 13201596, "nonRecurring": {}, "otherOperatingExpenses": 6881994, "totalOperatingExpenses": 871074151, "operatingIncome": 17399643, "totalOtherIncomeExpenseNet": -2035870, "ebit": 17399643, "interestExpense": -4570283, "incomeBeforeTax": 15363773, "incomeTaxExpense": 4221267, "minorityInterest": {}, "netIncomeFromContinuingOps": 11142506, "discontinuedOperations": {}, "extraordinaryItems": {}, "effectOfAccountingCharges": {}, "otherItems": {}, "netIncome": 11142506, "netIncomeApplicableToCommonShares": 11142506}, {"maxAge": 1, "endDate": "2018-03-31", "totalRevenue": 727969981, "costOfRevenue": 688290507, "grossProfit": 39679474, "researchDevelopment": {}, "sellingGeneralAdministrative": 5406837, "nonRecurring": {}, "otherOperatingExpenses": 85, "totalOperatingExpenses": 695281655, "operatingIncome": 32688326, "totalOtherIncomeExpenseNet": 922712, "ebit": 32688326, "interestExpense": -3323923, "incomeBeforeTax": 33611038, "incomeTaxExpense": 5367169, "minorityInterest": {}, "netIncomeFromContinuingOps": 28243869, "discontinuedOperations": {}, "extraordinaryItems": {}, "effectOfAccountingCharges": {}, "otherItems": {}, "netIncome": 28243869, "netIncomeApplicableToCommonShares": 13910396}, {"maxAge": 1, "endDate": "2017-03-31", "totalRevenue": 481271016, "costOfRevenue": 451053282, "grossProfit": 30217734, "researchDevelopment": {}, "sellingGeneralAdministrative": 6546585, "nonRecurring": {}, "otherOperatingExpenses": 10527516, "totalOperatingExpenses": 468814798, "operatingIncome": 12456218, "totalOtherIncomeExpenseNet": 3109588, "ebit": 12456218, "interestExpense": -222896, "incomeBeforeTax": 15565806, "incomeTaxExpense": 5278155, "minorityInterest": {}, "netIncomeFromContinuingOps": 10287651, "discontinuedOperations": {}, "extraordinaryItems": {}, "effectOfAccountingCharges": {}, "otherItems": {}, "netIncome": 10287651, "netIncomeApplicableToCommonShares": 10287651}], "maxAge": 86400}, "fundOwnership": {"ownershipList": [], "maxAge": 1}, "summaryDetail": {"maxAge": 1, "priceHint": 2, "previousClose": 12.58, "open": 12.95, "dayLow": 12.1, "dayHigh": 12.95, "regularMarketPreviousClose": 12.58, "regularMarketOpen": 12.95, "regularMarketDayLow": 12.1, "regularMarketDayHigh": 12.95, "trailingPE": 11.805825, "volume": 2670, "regularMarketVolume": 2670, "averageVolume": 3866, "averageVolume10days": 814, "averageDailyVolume10Day": 814, "bid": 12.15, "ask": 12.58, "bidSize": 0, "askSize": 0, "marketCap": 153951680, "fiftyTwoWeekLow": 8.21, "fiftyTwoWeekHigh": 23.06, "fiftyDayAverage": 14.610909, "twoHundredDayAverage": 11.743529, "currency": "INR", "fromCurrency": null, "lastMarket": null, "algorithm": null, "tradeable": false}, "incomeStatementHistoryQuarterly": {"incomeStatementHistory": [{"maxAge": 1, "endDate": "2020-06-30", "totalRevenue": 69118155, "costOfRevenue": 64783617, "grossProfit": 4334538, "researchDevelopment": {}, "sellingGeneralAdministrative": 1542634, "nonRecurring": {}, "otherOperatingExpenses": 1446187, "totalOperatingExpenses": 68662462, "operatingIncome": 455693, "totalOtherIncomeExpenseNet": 2063216, "ebit": 455693, "interestExpense": -326943, "incomeBeforeTax": 2518909, "incomeTaxExpense": 263023, "minorityInterest": {}, "netIncomeFromContinuingOps": 2255886, "discontinuedOperations": {}, "extraordinaryItems": {}, "effectOfAccountingCharges": {}, "otherItems": {}, "netIncome": 2255886, "netIncomeApplicableToCommonShares": 2255886}, {"maxAge": 1, "endDate": "2020-03-31", "totalRevenue": 119035539, "costOfRevenue": 108434244, "grossProfit": 10601295, "researchDevelopment": {}, "sellingGeneralAdministrative": 6876599, "nonRecurring": {}, "otherOperatingExpenses": -2665179, "totalOperatingExpenses": 114055454, "operatingIncome": 4980085, "totalOtherIncomeExpenseNet": -677518, "ebit": 4980085, "interestExpense": -563514, "incomeBeforeTax": 4302567, "incomeTaxExpense": 1303878, "minorityInterest": {}, "netIncomeFromContinuingOps": 2998689, "discontinuedOperations": {}, "extraordinaryItems": {}, "effectOfAccountingCharges": {}, "otherItems": {}, "netIncome": 2998689, "netIncomeApplicableToCommonShares": 2998689}, {"maxAge": 1, "endDate": "2019-12-31", "totalRevenue": 246090498, "costOfRevenue": 232571167, "grossProfit": 13519331, "researchDevelopment": {}, "sellingGeneralAdministrative": 3461643, "nonRecurring": {}, "otherOperatingExpenses": 3307444, "totalOperatingExpenses": 240042067, "operatingIncome": 6048431, "totalOtherIncomeExpenseNet": 315937, "ebit": 6048431, "interestExpense": -324643, "incomeBeforeTax": 6364368, "incomeTaxExpense": 1838283, "minorityInterest": {}, "netIncomeFromContinuingOps": 4526085, "discontinuedOperations": {}, "extraordinaryItems": {}, "effectOfAccountingCharges": {}, "otherItems": {}, "netIncome": 4526085, "netIncomeApplicableToCommonShares": 4526085}, {"maxAge": 1, "endDate": "2019-09-30", "totalRevenue": 333378107, "costOfRevenue": 322673841, "grossProfit": 10704266, "researchDevelopment": {}, "sellingGeneralAdministrative": 1491614, "nonRecurring": {}, "otherOperatingExpenses": 3188883, "totalOperatingExpenses": 328042752, "operatingIncome": 5335355, "totalOtherIncomeExpenseNet": -896724, "ebit": 5335355, "interestExpense": -1407225, "incomeBeforeTax": 4438631, "incomeTaxExpense": 1214816, "minorityInterest": {}, "netIncomeFromContinuingOps": 3223815, "discontinuedOperations": {}, "extraordinaryItems": {}, "effectOfAccountingCharges": {}, "otherItems": {}, "netIncome": 3223815, "netIncomeApplicableToCommonShares": 3223815}], "maxAge": 86400}, "cashflowStatementHistoryQuarterly": {"cashflowStatements": [{"maxAge": 1, "endDate": "2020-06-30", "netIncome": 2255886, "changeToLiabilities": 0}, {"maxAge": 1, "endDate": "2020-03-31", "netIncome": 2998689, "changeToLiabilities": 0}, {"maxAge": 1, "endDate": "2019-12-31", "netIncome": 4526085, "changeToLiabilities": 0}, {"maxAge": 1, "endDate": "2019-09-30", "netIncome": 3223815, "changeToLiabilities": 0}], "maxAge": 86400}, "insiderHolders": {"holders": [{"maxAge": 1, "name": "Mehta (Ketan Harilal)", "relation": "Promoter", "url": "", "transactionDescription": "Acquisition", "latestTransDate": "2019-12-26", "positionDirect": 3238804, "positionDirectDate": "2019-12-26"}, {"maxAge": 1, "name": "Senjaliya (Dineshbhai Babubhai)", "relation": "Director (Independent)", "url": "", "transactionDescription": "Sale", "latestTransDate": "2017-07-12", "positionDirect": 412932, "positionDirectDate": "2017-07-12"}], "maxAge": 1}, "calendarEvents": {"maxAge": 1, "earnings": {"earningsDate": ["2020-09-04 05:30:S"]}}, "upgradeDowngradeHistory": {"history": [], "maxAge": 86400}, "price": {"maxAge": 1, "regularMarketChangePercent": -0.033386335, "regularMarketChange": -0.42000008, "regularMarketTime": "2021-04-30 15:41:54", "priceHint": 2, "regularMarketPrice": 12.16, "regularMarketDayHigh": 12.95, "regularMarketDayLow": 12.1, "regularMarketVolume": 2670, "averageDailyVolume10Day": 814, "averageDailyVolume3Month": 3866, "regularMarketPreviousClose": 12.58, "regularMarketSource": "FREE_REALTIME", "regularMarketOpen": 12.95, "exchange": "BSE", "exchangeName": "BSE", "exchangeDataDelayedBy": 0, "marketState": "CLOSED", "quoteType": "EQUITY", "symbol": "AEL.BO", "underlyingSymbol": null, "shortName": "Amba Enterprises Ltd.", "longName": "Amba Enterprises Limited", "currency": "INR", "quoteSourceName": "Delayed Quote", "currencySymbol": "\u20b9", "fromCurrency": null, "lastMarket": null, "marketCap": 153951680}, "balanceSheetHistory": {"balanceSheetStatements": [{"maxAge": 1, "endDate": "2020-03-31", "cash": 421933, "shortTermInvestments": 19778413, "netReceivables": 116899856, "inventory": 15131434, "otherCurrentAssets": 8835012, "totalCurrentAssets": 161071849, "longTermInvestments": 6000, "propertyPlantEquipment": 27180304, "otherAssets": 26103854, "totalAssets": 214362007, "accountsPayable": 13047900, "shortLongTermDebt": 239919, "otherCurrentLiab": 2518566, "longTermDebt": 4410877, "otherLiab": 809336, "totalCurrentLiabilities": 37105338, "totalLiab": 42958652, "commonStock": 63302400, "retainedEarnings": 76603355, "capitalSurplus": 31497600, "totalStockholderEquity": 171403355, "netTangibleAssets": 171403355}, {"maxAge": 1, "endDate": "2019-03-31", "cash": 1414024, "shortTermInvestments": 51458571, "netReceivables": 199750414, "inventory": 16435380, "otherCurrentAssets": 4114777, "totalCurrentAssets": 273173166, "longTermInvestments": 6000, "propertyPlantEquipment": 25891811, "otherAssets": 26620311, "totalAssets": 325691288, "accountsPayable": 139922862, "shortLongTermDebt": 205533, "otherCurrentLiab": 3809175, "longTermDebt": 4665796, "otherLiab": 574833, "totalCurrentLiabilities": 158822327, "totalLiab": 164062956, "commonStock": 63302400, "retainedEarnings": 66828332, "capitalSurplus": 31497600, "totalStockholderEquity": 161628332, "netTangibleAssets": 161628332}, {"maxAge": 1, "endDate": "2018-03-31", "cash": 1478665, "shortTermInvestments": 3285773, "netReceivables": 153877756, "inventory": 27604389, "otherCurrentAssets": 4741476, "totalCurrentAssets": 190988059, "longTermInvestments": 6000, "propertyPlantEquipment": 24717787, "otherAssets": 22966706, "totalAssets": 238678552, "accountsPayable": 31361530, "shortLongTermDebt": 202713, "otherCurrentLiab": 1780647, "longTermDebt": 4871329, "otherLiab": -13992491, "totalCurrentLiabilities": 80500910, "totalLiab": 71379748, "commonStock": 63302400, "retainedEarnings": 72498804, "capitalSurplus": 31497600, "totalStockholderEquity": 167298804, "netTangibleAssets": 167298804}, {"maxAge": 1, "endDate": "2017-03-31", "cash": 2499816, "shortTermInvestments": 6100519, "netReceivables": 136673046, "inventory": 10439361, "otherCurrentAssets": 7089394, "totalCurrentAssets": 162802136, "longTermInvestments": 6000, "propertyPlantEquipment": 7359513, "otherAssets": 25730366, "totalAssets": 195898015, "accountsPayable": 23503282, "otherCurrentLiab": 4955653, "otherLiab": 154313, "totalCurrentLiabilities": 56688767, "totalLiab": 56843080, "commonStock": 63302400, "retainedEarnings": 44254935, "capitalSurplus": 31497600, "totalStockholderEquity": 139054935, "netTangibleAssets": 139054935}], "maxAge": 86400}, "financialData": {"maxAge": 86400, "currentPrice": 12.16, "recommendationKey": "none", "grossProfits": 48040170, "financialCurrency": "INR"}}}