{"AFFLE.NS": {"assetProfile": {"address1": "601-612, Tower C", "address2": "6th Floor JMD Megapolis, Sohna Road Sector 48", "city": "Gurugram", "zip": "122018", "country": "India", "phone": "91 12 4499 2914", "website": "http://www.affle.com", "industry": "Advertising Agencies", "sector": "Communication Services", "longBusinessSummary": "Affle (India) Limited, a technology company, provides mobile advertisement services through information technology and software development services for mobiles in India and internationally. It offers MAAS platform, an end-to-end mobile advertising platform; RevX, a self-serve programmatic platform; Vizury Engage360, an omnichannel marketing platform; Mediasmart, a programmatic and proximity marketing platform; mFaaS for ad fraud detection; Shoffr, an online to offline marketing platform; mKr8, an ad authoring platform; mDMP, a data management platform; mCDP, a customer data platform for audience intelligence and engagement; affle reusable components for application development; and Marft, a multichannel commerce platform. The company serves e-commerce, fintech, gaming, healthtech, entertainment, foodtech, groceries, Edtech, government, and FMCG companies. Affle (India) Limited was incorporated in 1994 and is based in Gurugram, India.", "fullTimeEmployees": 287, "companyOfficers": [{"maxAge": 1, "name": "Mr. Anuj Khanna Sohum", "age": 42, "title": "Founder, Chairman, CEO & MD", "yearBorn": 1978, "fiscalYear": 2020, "totalPay": 253200, "exercisedValue": 0, "unexercisedValue": 0}, {"maxAge": 1, "name": "Mr. Anuj  Kumar", "age": 41, "title": "Co-founder, Chief Revenue & Operating Officer and Director", "yearBorn": 1979, "fiscalYear": 2020, "totalPay": 11627546, "exercisedValue": 0, "unexercisedValue": 0}, {"maxAge": 1, "name": "Mr. Viraj  Sinh", "age": 40, "title": "Co-founder & Managing Partner of International", "yearBorn": 1980, "exercisedValue": 0, "unexercisedValue": 0}, {"maxAge": 1, "name": "Mr. Kapil Mohan Bhutani", "age": 47, "title": "Chief Financial & Operations Officer", "yearBorn": 1973, "fiscalYear": 2020, "totalPay": 9300000, "exercisedValue": 0, "unexercisedValue": 0}, {"maxAge": 1, "name": "Mr. Foong Jien Yong", "age": 45, "title": "Chief Architect & Technology Officer", "yearBorn": 1975, "fiscalYear": 2020, "totalPay": 0, "exercisedValue": 0, "unexercisedValue": 0}, {"maxAge": 1, "name": "Ms. Parmita  Choudhury", "title": "Company Sec. & Compliance Officer", "fiscalYear": 2020, "totalPay": 856606, "exercisedValue": 0, "unexercisedValue": 0}, {"maxAge": 1, "name": "Major Sonam  Bakshi", "age": 42, "title": "Chief HR Officer", "yearBorn": 1978, "exercisedValue": 0, "unexercisedValue": 0}, {"maxAge": 1, "name": "Ms. Mei Theng Leong", "age": 44, "title": "Chief Financial & Commercial Officer of International and Non-Exec. Director", "yearBorn": 1976, "fiscalYear": 2020, "totalPay": 0, "exercisedValue": 0, "unexercisedValue": 0}, {"maxAge": 1, "name": "Mr. Vipul  Kedia", "age": 39, "title": "Chief Data & Platforms Officer", "yearBorn": 1981, "exercisedValue": 0, "unexercisedValue": 0}, {"maxAge": 1, "name": "Mr. Ankit  Rawal", "age": 39, "title": "Director of Bus. Devel.", "yearBorn": 1981, "exercisedValue": 0, "unexercisedValue": 0}], "compensationAsOfEpochDate": "2020-12-31 05:30:00", "maxAge": 86400}, "cashflowStatementHistory": {"cashflowStatements": [{"maxAge": 1, "endDate": "2020-03-31", "netIncome": 655170000, "depreciation": 15370000, "changeToNetincome": 77220000, "changeToAccountReceivables": -356910000, "changeToLiabilities": 239660000, "changeToOperatingActivities": -18150000, "totalCashFromOperatingActivities": 730300000, "capitalExpenditures": -310590000, "investments": -469980000, "otherCashflowsFromInvestingActivities": 21080000, "totalCashflowsFromInvestingActivities": -1637160000, "netBorrowings": 547920000, "otherCashflowsFromFinancingActivities": -8880000, "totalCashFromFinancingActivities": 1396680000, "changeInCash": 489820000, "issuanceOfStock": 857640000}, {"maxAge": 1, "endDate": "2019-03-31", "netIncome": 488210000, "depreciation": 4390000, "changeToNetincome": 26520000, "changeToAccountReceivables": -374540000, "changeToLiabilities": 249260000, "changeToOperatingActivities": -12540000, "totalCashFromOperatingActivities": 477860000, "capitalExpenditures": -151100000, "investments": -55590000, "otherCashflowsFromInvestingActivities": 2780000, "totalCashflowsFromInvestingActivities": -501940000, "netBorrowings": 89920000, "otherCashflowsFromFinancingActivities": -6120000, "totalCashFromFinancingActivities": 83800000, "changeInCash": 59720000, "issuanceOfStock": 857640000}, {"maxAge": 1, "endDate": "2018-03-31", "netIncome": 88310000, "depreciation": 1830000, "changeToNetincome": 40460000, "changeToAccountReceivables": -32210000, "changeToLiabilities": 60470000, "changeToOperatingActivities": -15140000, "totalCashFromOperatingActivities": 174020000, "capitalExpenditures": -37250000, "investments": 21320000, "otherCashflowsFromInvestingActivities": 1890000, "totalCashflowsFromInvestingActivities": -14000000, "netBorrowings": -71170000, "otherCashflowsFromFinancingActivities": -10030000, "totalCashFromFinancingActivities": -81200000, "changeInCash": 78820000, "issuanceOfStock": 857640000}, {"maxAge": 1, "endDate": "2017-03-31", "netIncome": 3300000, "depreciation": 3500000, "changeToNetincome": 25840000, "changeToAccountReceivables": 14600000, "changeToLiabilities": -63770000, "changeToOperatingActivities": 55260000, "totalCashFromOperatingActivities": 58300000, "capitalExpenditures": -32300000, "investments": -29780000, "otherCashflowsFromInvestingActivities": 3540000, "totalCashflowsFromInvestingActivities": -57010000, "netBorrowings": -8490000, "otherCashflowsFromFinancingActivities": -13600000, "totalCashFromFinancingActivities": -22090000, "changeInCash": -20800000, "issuanceOfStock": 857640000}], "maxAge": 86400}, "institutionOwnership": {"maxAge": 1, "ownershipList": []}, "majorHoldersBreakdown": {"maxAge": 1, "insidersPercentHeld": 0.68144995, "institutionsPercentHeld": 0.15195, "institutionsFloatPercentHeld": 0.47702, "institutionsCount": 41}, "balanceSheetHistoryQuarterly": {"balanceSheetStatements": [{"maxAge": 1, "endDate": "2020-12-31", "totalStockholderEquity": 2713300000, "netTangibleAssets": -782440000}, {"maxAge": 1, "endDate": "2020-09-30", "cash": 632790000, "shortTermInvestments": 176080000, "netReceivables": 1328660000, "otherCurrentAssets": 90340000, "totalCurrentAssets": 2227870000, "longTermInvestments": 409100000, "propertyPlantEquipment": 38100000, "goodWill": 2815250000, "intangibleAssets": 680490000, "otherAssets": 3340000, "totalAssets": 6174150000, "accountsPayable": 1116330000, "shortLongTermDebt": 292850000, "otherCurrentLiab": 572530000, "longTermDebt": 694180000, "otherLiab": 686030000, "minorityInterest": 2920000, "totalCurrentLiabilities": 2062640000, "totalLiab": 3457930000, "commonStock": 254960000, "treasuryStock": 2458340000, "otherStockholderEquity": 2458340000, "totalStockholderEquity": 2713300000, "netTangibleAssets": -782440000}, {"maxAge": 1, "endDate": "2020-06-30", "totalStockholderEquity": 2291590000, "netTangibleAssets": 662610000}, {"maxAge": 1, "endDate": "2020-03-31", "cash": 695900000, "shortTermInvestments": 573820000, "netReceivables": 992540000, "otherCurrentAssets": 43140000, "totalCurrentAssets": 2320960000, "longTermInvestments": 260000, "propertyPlantEquipment": 46720000, "goodWill": 1106730000, "intangibleAssets": 522250000, "otherAssets": 3340000, "totalAssets": 4000260000, "accountsPayable": 750180000, "shortLongTermDebt": 312010000, "otherCurrentLiab": 43870000, "longTermDebt": 280600000, "otherLiab": 132170000, "totalCurrentLiabilities": 1275820000, "totalLiab": 1708670000, "commonStock": 254960000, "retainedEarnings": 1106190000, "treasuryStock": 84880000, "capitalSurplus": 845560000, "otherStockholderEquity": 84880000, "totalStockholderEquity": 2291590000, "netTangibleAssets": 662610000}], "maxAge": 86400}, "indexTrend": {"maxAge": 1, "symbol": "SP5", "peRatio": 19.7411, "pegRatio": 1.34172, "estimates": [{"period": "0q", "growth": 0.549}, {"period": "+1q", "growth": 0.431}, {"period": "0y", "growth": 0.305}, {"period": "+1y", "growth": 0.109}, {"period": "+5y", "growth": 0.120865}, {"period": "-5y"}]}, "defaultKeyStatistics": {"maxAge": 1, "priceHint": 2, "enterpriseValue": 140756910080, "profitMargins": 0.20118, "floatShares": 9515196, "sharesOutstanding": 25496400, "heldPercentInsiders": 0.68144995, "heldPercentInstitutions": 0.15195, "category": null, "bookValue": 106.78, "priceToBook": 51.722702, "fundFamily": null, "legalType": null, "lastFiscalYearEnd": "2020-03-31 05:30:00", "nextFiscalYearEnd": "2022-03-31 05:30:00", "mostRecentQuarter": "2020-12-31 05:30:00", "earningsQuarterlyGrowth": 0.429, "netIncomeToCommon": 915830016, "trailingEps": 35.966, "lastSplitFactor": null, "enterpriseToRevenue": 30.92, "enterpriseToEbitda": 143.438, "52WeekChange": 2.98985, "SandP52WeekChange": 0.48148263}, "summaryProfile": {"address1": "601-612, Tower C", "address2": "6th Floor JMD Megapolis, Sohna Road Sector 48", "city": "Gurugram", "zip": "122018", "country": "India", "phone": "91 12 4499 2914", "website": "http://www.affle.com", "industry": "Advertising Agencies", "sector": "Communication Services", "longBusinessSummary": "Affle (India) Limited, a technology company, provides mobile advertisement services through information technology and software development services for mobiles in India and internationally. It offers MAAS platform, an end-to-end mobile advertising platform; RevX, a self-serve programmatic platform; Vizury Engage360, an omnichannel marketing platform; Mediasmart, a programmatic and proximity marketing platform; mFaaS for ad fraud detection; Shoffr, an online to offline marketing platform; mKr8, an ad authoring platform; mDMP, a data management platform; mCDP, a customer data platform for audience intelligence and engagement; affle reusable components for application development; and Marft, a multichannel commerce platform. The company serves e-commerce, fintech, gaming, healthtech, entertainment, foodtech, groceries, Edtech, government, and FMCG companies. Affle (India) Limited was incorporated in 1994 and is based in Gurugram, India.", "fullTimeEmployees": 287, "companyOfficers": [], "maxAge": 86400}, "netSharePurchaseActivity": {"maxAge": 1, "period": "6m", "buyInfoCount": 0, "buyInfoShares": 0, "sellInfoCount": 0, "netInfoCount": 0, "netInfoShares": 0, "netPercentInsiderShares": 0.0, "totalInsiderShares": 17341882}, "insiderTransactions": {"transactions": [{"maxAge": 1, "shares": 306826, "value": 22215675, "filerUrl": "", "transactionText": "Sale at price 72.40 per share.", "filerName": "Affle Holdings Pvt Ltd", "filerRelation": "Promoter", "moneyText": "", "startDate": "2021-02-24", "ownership": "D"}, {"maxAge": 1, "shares": 200, "value": 14341, "filerUrl": "", "transactionText": "Acquisition at price 71.71 per share.", "filerName": "Maheshwari (Raghav)", "filerRelation": "UNREPORTED", "moneyText": "", "startDate": "2021-02-16", "ownership": "D"}, {"maxAge": 1, "shares": 50, "value": 2579, "filerUrl": "", "transactionText": "Acquisition at price 51.58 per share.", "filerName": "Jamal (Shazia)", "filerRelation": "UNREPORTED", "moneyText": "", "startDate": "2020-12-31", "ownership": "D"}, {"maxAge": 1, "shares": 50, "value": 2578, "filerUrl": "", "transactionText": "Acquisition at price 51.58 per share.", "filerName": "Akhther (Samer)", "filerRelation": "UNREPORTED", "moneyText": "", "startDate": "2020-12-31", "ownership": "D"}, {"maxAge": 1, "shares": 1166000, "value": 59535143, "filerUrl": "", "transactionText": "Sale at price 51.06 per share.", "filerName": "Affle Holdings Pvt Ltd", "filerRelation": "Promoter", "moneyText": "", "startDate": "2020-12-18", "ownership": "D"}, {"maxAge": 1, "shares": 44993, "filerUrl": "", "transactionText": "", "filerName": "Reliance Capital Trustee Co Ltd - A/c Reliance Small Cap Fun", "filerRelation": "Institution- Corporation", "moneyText": "", "startDate": "2020-12-14", "ownership": "D"}, {"maxAge": 1, "shares": 778, "value": 35445, "filerUrl": "", "transactionText": "Acquisition at price 45.56 per share.", "filerName": "Gour (Vivek Narayan)", "filerRelation": "Director", "moneyText": "", "startDate": "2020-11-24", "ownership": "D"}, {"maxAge": 1, "shares": 1956, "value": 88983, "filerUrl": "", "transactionText": "Acquisition at price 45.49 per share.", "filerName": "Gour (Vivek Narayan)", "filerRelation": "Director", "moneyText": "", "startDate": "2020-11-24", "ownership": "D"}, {"maxAge": 1, "shares": 1200, "value": 49469, "filerUrl": "", "transactionText": "Acquisition at price 41.22 per share.", "filerName": "Gour (Vivek Narayan)", "filerRelation": "Director", "moneyText": "", "startDate": "2020-09-15", "ownership": "D"}], "maxAge": 1}, "quoteType": {"exchange": "NSI", "quoteType": "EQUITY", "symbol": "AFFLE.NS", "underlyingSymbol": "AFFLE.NS", "shortName": "Affle (India) Limited", "longName": "Affle (India) Limited", "firstTradeDateEpochUtc": "2019-08-08 09:15:00", "timeZoneFullName": "Asia/Kolkata", "timeZoneShortName": "IST", "uuid": "717f7b2f-c063-3676-8ba5-32bb0101f939", "messageBoardId": "finmb_572582851", "gmtOffSetMilliseconds": 19800000, "maxAge": 1}, "incomeStatementHistory": {"incomeStatementHistory": [{"maxAge": 1, "endDate": "2020-03-31", "totalRevenue": 3337830000, "costOfRevenue": 2200290000, "grossProfit": 1137540000, "researchDevelopment": {}, "sellingGeneralAdministrative": 56790000, "nonRecurring": {}, "otherOperatingExpenses": 189670000, "totalOperatingExpenses": 2580060000, "operatingIncome": 757770000, "totalOtherIncomeExpenseNet": 34480000, "ebit": 757770000, "interestExpense": -9950000, "incomeBeforeTax": 792250000, "incomeTaxExpense": 137080000, "minorityInterest": {}, "netIncomeFromContinuingOps": 655170000, "discontinuedOperations": {}, "extraordinaryItems": {}, "effectOfAccountingCharges": {}, "otherItems": {}, "netIncome": 655170000, "netIncomeApplicableToCommonShares": 655170000}, {"maxAge": 1, "endDate": "2019-03-31", "totalRevenue": 2493970000, "costOfRevenue": 1559590000, "grossProfit": 934380000, "researchDevelopment": {}, "sellingGeneralAdministrative": 130830000, "nonRecurring": {}, "otherOperatingExpenses": 91300000, "totalOperatingExpenses": 1882670000, "operatingIncome": 611300000, "totalOtherIncomeExpenseNet": -13300000, "ebit": 611300000, "interestExpense": -6120000, "incomeBeforeTax": 598000000, "incomeTaxExpense": 109790000, "minorityInterest": {}, "netIncomeFromContinuingOps": 488210000, "discontinuedOperations": {}, "extraordinaryItems": {}, "effectOfAccountingCharges": {}, "otherItems": {}, "netIncome": 488210000, "netIncomeApplicableToCommonShares": 488210000}, {"maxAge": 1, "endDate": "2018-03-31", "totalRevenue": 845180000, "costOfRevenue": 588370000, "grossProfit": 256810000, "researchDevelopment": {}, "sellingGeneralAdministrative": 45490000, "nonRecurring": {}, "otherOperatingExpenses": 35240000, "totalOperatingExpenses": 701230000, "operatingIncome": 143950000, "totalOtherIncomeExpenseNet": -7990000, "ebit": 143950000, "interestExpense": -10240000, "incomeBeforeTax": 135960000, "incomeTaxExpense": 47650000, "minorityInterest": {}, "netIncomeFromContinuingOps": 88310000, "discontinuedOperations": {}, "extraordinaryItems": {}, "effectOfAccountingCharges": {}, "otherItems": {}, "netIncome": 88310000, "netIncomeApplicableToCommonShares": 88310000}, {"maxAge": 1, "endDate": "2017-03-31", "totalRevenue": 661950000, "costOfRevenue": 506970000, "grossProfit": 154980000, "researchDevelopment": {}, "sellingGeneralAdministrative": 55920000, "nonRecurring": {}, "otherOperatingExpenses": 54920000, "totalOperatingExpenses": 640880000, "operatingIncome": 21070000, "totalOtherIncomeExpenseNet": -13070000, "ebit": 21070000, "interestExpense": -14850000, "incomeBeforeTax": 8000000, "incomeTaxExpense": 4700000, "minorityInterest": {}, "netIncomeFromContinuingOps": 3300000, "discontinuedOperations": {}, "extraordinaryItems": {}, "effectOfAccountingCharges": {}, "otherItems": {}, "netIncome": 3300000, "netIncomeApplicableToCommonShares": 3300000}], "maxAge": 86400}, "fundOwnership": {"maxAge": 1, "ownershipList": []}, "summaryDetail": {"maxAge": 1, "priceHint": 2, "previousClose": 5547.85, "open": 5540.0, "dayLow": 5477.0, "dayHigh": 5555.15, "regularMarketPreviousClose": 5547.85, "regularMarketOpen": 5540.0, "regularMarketDayLow": 5477.0, "regularMarketDayHigh": 5555.15, "payoutRatio": 0.0, "trailingPE": 153.56032, "volume": 32509, "regularMarketVolume": 32509, "averageVolume": 111161, "averageVolume10days": 73909, "averageDailyVolume10Day": 73909, "bid": 5522.95, "ask": 0.0, "marketCap": 140825280512, "fiftyTwoWeekLow": 1259.0, "fiftyTwoWeekHigh": 6285.65, "priceToSalesTrailing12Months": 30.934837, "fiftyDayAverage": 5481.0625, "twoHundredDayAverage": 4244.096, "currency": "INR", "fromCurrency": null, "toCurrency": null, "lastMarket": null, "algorithm": null, "tradeable": false}, "incomeStatementHistoryQuarterly": {"incomeStatementHistory": [{"maxAge": 1, "endDate": "2020-12-31", "totalRevenue": 1504850000, "costOfRevenue": 1032710000, "grossProfit": 472140000, "researchDevelopment": {}, "sellingGeneralAdministrative": {}, "nonRecurring": {}, "otherOperatingExpenses": 88330000, "totalOperatingExpenses": 1171650000, "operatingIncome": 333200000, "totalOtherIncomeExpenseNet": 4670000, "ebit": 333200000, "interestExpense": -9540000, "incomeBeforeTax": 337870000, "incomeTaxExpense": 31020000, "minorityInterest": {}, "netIncomeFromContinuingOps": 306850000, "discontinuedOperations": {}, "extraordinaryItems": {}, "effectOfAccountingCharges": {}, "otherItems": {}, "netIncome": 306400000, "netIncomeApplicableToCommonShares": 306400000}, {"maxAge": 1, "endDate": "2020-09-30", "totalRevenue": 1349520000, "costOfRevenue": 908270000, "grossProfit": 441250000, "researchDevelopment": {}, "sellingGeneralAdministrative": {}, "nonRecurring": {}, "otherOperatingExpenses": 97250000, "totalOperatingExpenses": 1056560000, "operatingIncome": 292960000, "totalOtherIncomeExpenseNet": 7600000, "ebit": 292960000, "interestExpense": -8760000, "incomeBeforeTax": 300560000, "incomeTaxExpense": 30800000, "minorityInterest": 2920000, "netIncomeFromContinuingOps": 269760000, "discontinuedOperations": {}, "extraordinaryItems": {}, "effectOfAccountingCharges": {}, "otherItems": {}, "netIncome": 268840000, "netIncomeApplicableToCommonShares": 268840000}, {"maxAge": 1, "endDate": "2020-06-30", "totalRevenue": 897720000, "costOfRevenue": 599560000, "grossProfit": 298160000, "researchDevelopment": {}, "sellingGeneralAdministrative": {}, "nonRecurring": {}, "otherOperatingExpenses": 73460000, "totalOperatingExpenses": 716020000, "operatingIncome": 181700000, "totalOtherIncomeExpenseNet": 19370000, "ebit": 181700000, "interestExpense": -5210000, "incomeBeforeTax": 201070000, "incomeTaxExpense": 13360000, "minorityInterest": 2920000, "netIncomeFromContinuingOps": 187710000, "discontinuedOperations": {}, "extraordinaryItems": {}, "effectOfAccountingCharges": {}, "otherItems": {}, "netIncome": 187710000, "netIncomeApplicableToCommonShares": 187710000}, {"maxAge": 1, "endDate": "2020-03-31", "totalRevenue": 800230000, "costOfRevenue": 529590000, "grossProfit": 270640000, "researchDevelopment": {}, "sellingGeneralAdministrative": 56790000, "nonRecurring": {}, "otherOperatingExpenses": 120000, "totalOperatingExpenses": 634680000, "operatingIncome": 165550000, "totalOtherIncomeExpenseNet": 15960000, "ebit": 165550000, "interestExpense": -1730000, "incomeBeforeTax": 181510000, "incomeTaxExpense": 28620000, "minorityInterest": 2920000, "netIncomeFromContinuingOps": 152890000, "discontinuedOperations": {}, "extraordinaryItems": {}, "effectOfAccountingCharges": {}, "otherItems": {}, "netIncome": 152890000, "netIncomeApplicableToCommonShares": 152890000}], "maxAge": 86400}, "cashflowStatementHistoryQuarterly": {"cashflowStatements": [{"maxAge": 1, "endDate": "2020-12-31", "netIncome": 306400000, "changeToLiabilities": 0}, {"maxAge": 1, "endDate": "2020-09-30", "netIncome": 268840000, "changeToLiabilities": 0}, {"maxAge": 1, "endDate": "2020-06-30", "netIncome": 187710000, "changeToLiabilities": 0}, {"maxAge": 1, "endDate": "2020-03-31", "netIncome": 152890000, "changeToLiabilities": 0}], "maxAge": 86400}, "insiderHolders": {"holders": [{"maxAge": 1, "name": "Affle Holdings Pvt Ltd", "relation": "Promoter", "url": "", "transactionDescription": "Sale", "latestTransDate": "2021-02-24", "positionDirect": 11943093, "positionDirectDate": "2021-02-24"}, {"maxAge": 1, "name": "Akhther (Samer)", "relation": "UNREPORTED", "url": "", "transactionDescription": "Acquisition", "latestTransDate": "2020-12-31", "positionDirect": 50, "positionDirectDate": "2020-12-31"}, {"maxAge": 1, "name": "Gour (Vivek Narayan)", "relation": "Director", "url": "", "transactionDescription": "Acquisition", "latestTransDate": "2020-11-24", "positionDirect": 1978, "positionDirectDate": "2020-11-24"}, {"maxAge": 1, "name": "Jamal (Shazia)", "relation": "UNREPORTED", "url": "", "transactionDescription": "Acquisition", "latestTransDate": "2020-12-31", "positionDirect": 50, "positionDirectDate": "2020-12-31"}, {"maxAge": 1, "name": "Maheshwari (Raghav)", "relation": "UNREPORTED", "url": "", "transactionDescription": "Acquisition", "latestTransDate": "2021-02-16", "positionDirect": 200, "positionDirectDate": "2021-02-16"}, {"maxAge": 1, "name": "Reliance Capital Trustee Co Ltd - A/c Reliance Small Cap Fun", "relation": "Institution- Corporation", "url": "", "transactionDescription": "Sale", "latestTransDate": "2020-12-14", "positionDirect": 751192, "positionDirectDate": "2020-12-14"}], "maxAge": 1}, "calendarEvents": {"maxAge": 1, "earnings": {"earningsDate": ["2021-02-06 05:30:S"]}}, "price": {"maxAge": 1, "regularMarketChangePercent": -0.0044882074, "regularMarketChange": -24.899902, "regularMarketTime": "2021-04-30 15:29:58", "priceHint": 2, "regularMarketPrice": 5522.95, "regularMarketDayHigh": 5555.15, "regularMarketDayLow": 5477.0, "regularMarketVolume": 32509, "averageDailyVolume10Day": 73909, "averageDailyVolume3Month": 111161, "regularMarketPreviousClose": 5547.85, "regularMarketSource": "FREE_REALTIME", "regularMarketOpen": 5540.0, "exchange": "NSI", "exchangeName": "NSE", "exchangeDataDelayedBy": 15, "marketState": "CLOSED", "quoteType": "EQUITY", "symbol": "AFFLE.NS", "underlyingSymbol": null, "shortName": "Affle (India) Limited", "longName": "Affle (India) Limited", "currency": "INR", "quoteSourceName": "Delayed Quote", "currencySymbol": "\u20b9", "fromCurrency": null, "toCurrency": null, "lastMarket": null, "marketCap": 140825280512}, "balanceSheetHistory": {"balanceSheetStatements": [{"maxAge": 1, "endDate": "2020-03-31", "cash": 695900000, "shortTermInvestments": 573820000, "netReceivables": 992540000, "otherCurrentAssets": 43140000, "totalCurrentAssets": 2320960000, "longTermInvestments": 260000, "propertyPlantEquipment": 46720000, "goodWill": 1106730000, "intangibleAssets": 522250000, "otherAssets": 3340000, "totalAssets": 4000260000, "accountsPayable": 750180000, "shortLongTermDebt": 312010000, "otherCurrentLiab": 43870000, "longTermDebt": 280600000, "otherLiab": 132170000, "totalCurrentLiabilities": 1275820000, "totalLiab": 1708670000, "commonStock": 254960000, "retainedEarnings": 1106190000, "treasuryStock": 84880000, "capitalSurplus": 845560000, "otherStockholderEquity": 84880000, "totalStockholderEquity": 2291590000, "netTangibleAssets": 662610000}, {"maxAge": 1, "endDate": "2019-03-31", "cash": 206080000, "shortTermInvestments": 124450000, "netReceivables": 624880000, "otherCurrentAssets": 31310000, "totalCurrentAssets": 990670000, "longTermInvestments": 260000, "propertyPlantEquipment": 7490000, "goodWill": 325290000, "intangibleAssets": 258150000, "otherAssets": 800000, "totalAssets": 1582660000, "accountsPayable": 517110000, "shortLongTermDebt": 20750000, "otherCurrentLiab": 158780000, "longTermDebt": 69170000, "otherLiab": 18050000, "totalCurrentLiabilities": 771390000, "totalLiab": 858610000, "commonStock": 242880000, "retainedEarnings": 449860000, "treasuryStock": 31310000, "otherStockholderEquity": 31310000, "totalStockholderEquity": 724050000, "netTangibleAssets": 140610000}, {"maxAge": 1, "endDate": "2018-03-31", "cash": 136710000, "shortTermInvestments": 8200000, "netReceivables": 237140000, "otherCurrentAssets": 35980000, "totalCurrentAssets": 418140000, "longTermInvestments": 260000, "propertyPlantEquipment": 3670000, "goodWill": 59240000, "intangibleAssets": 88180000, "otherAssets": 10820000, "deferredLongTermAssetCharges": 4940000, "totalAssets": 580310000, "accountsPayable": 220240000, "otherCurrentLiab": 3570000, "otherLiab": 11420000, "deferredLongTermLiab": 50000, "totalCurrentLiabilities": 267240000, "totalLiab": 278660000, "commonStock": 242880000, "retainedEarnings": 50590000, "treasuryStock": 8180000, "otherStockholderEquity": 8180000, "totalStockholderEquity": 301650000, "netTangibleAssets": 154230000}, {"maxAge": 1, "endDate": "2017-03-31", "cash": 57890000, "shortTermInvestments": 29590000, "netReceivables": 174610000, "otherCurrentAssets": 51780000, "totalCurrentAssets": 315030000, "longTermInvestments": 200000, "propertyPlantEquipment": 3630000, "goodWill": 59240000, "intangibleAssets": 83200000, "otherAssets": 25590000, "deferredLongTermAssetCharges": 18960000, "totalAssets": 486890000, "accountsPayable": 160080000, "shortLongTermDebt": 36830000, "otherCurrentLiab": 4490000, "longTermDebt": 5260000, "otherLiab": 9120000, "deferredLongTermLiab": 320000, "totalCurrentLiabilities": 262200000, "totalLiab": 276580000, "commonStock": 242880000, "retainedEarnings": -37640000, "treasuryStock": 5070000, "otherStockholderEquity": 5070000, "totalStockholderEquity": 210310000, "netTangibleAssets": 67870000}], "maxAge": 86400}, "financialData": {"maxAge": 86400, "currentPrice": 5522.95, "recommendationKey": "none", "totalCash": 808870016, "totalCashPerShare": 31.785, "ebitda": 981310016, "totalDebt": 1012049984, "totalRevenue": 4552320000, "debtToEquity": 37.26, "revenuePerShare": 178.796, "grossProfits": 1137540000, "earningsGrowth": 0.4, "revenueGrowth": 0.593, "grossMargins": 0.32558998, "ebitdaMargins": 0.21556, "operatingMargins": 0.21383, "profitMargins": 0.20118, "financialCurrency": "INR"}}}