{"AGCNET.NS": {"assetProfile": {"address1": "Essar House", "address2": "11, Keshavrao Khadye Marg Opposite Race Course Mahalaxmi", "city": "Mumbai", "zip": "400034", "country": "India", "phone": "91 22 6660 1100", "fax": "91 22 2354 4331", "website": "http://www.agcnetworks.com", "industry": "Software\u2014Application", "sector": "Technology", "longBusinessSummary": "AGC Networks Limited provides information and communications technology solutions worldwide. It operates through System Integration, Technology Product Solution, and Others segments. The company offers unified communication solutions, such as IP communication, multimedia integration, contact center, and collaboration solutions. It also provides data center and edge IT solutions, such as hyper converged infrastructure that integrates computing, storage, networking, and virtualization resources and other technologies; private cloud; mobility; and software defined networking. In addition, the company offers a portfolio of cyber security services, which include certification, compliance, implementation, management, and audit services. Further, it provides digital transformation and applications, such as gamification, customer experience and journey, automation, and IoT solutions. Additionally, the company offers guardian support services consisting of IT infrastructure remote and on-site management services; global security operations center and global network operations center services; managed services, including enterprise service management, integrated management data center, and cloud computing services; and professional services comprising consulting, deployment, design, customization, and audit services. It serves banking, financial service, and insurance; education; healthcare; travel and hospitality; IT/ITES; and manufacturing industries. The company was founded in 1986 and is based in Mumbai, India. AGC Networks Limited is a subsidiary of Essar Global Fund Limited.", "fullTimeEmployees": 3500, "companyOfficers": [{"maxAge": 1, "name": "Ms. Neelam  Kapoor", "age": 53, "title": "VP & Head of Marketing", "yearBorn": 1967, "exercisedValue": 0, "unexercisedValue": 0}, {"maxAge": 1, "name": "Mr. Abhinav  Sharma", "age": 48, "title": "VP and Sales Head of India & SAARC", "yearBorn": 1972, "exercisedValue": 0, "unexercisedValue": 0}, {"maxAge": 1, "name": "Mr. Rohit  Himatsingka", "age": 39, "title": "VP and Head of Corp. Devel. & Strategy", "yearBorn": 1981, "exercisedValue": 0, "unexercisedValue": 0}, {"maxAge": 1, "name": "Ms. Mahua  Mukherjee", "age": 53, "title": "Chief People Officer & Exec. Director", "yearBorn": 1967, "fiscalYear": 2020, "totalPay": 7700000, "exercisedValue": 0, "unexercisedValue": 0}, {"maxAge": 1, "name": "Mr. Subir  Bhatnagar", "age": 56, "title": "VP and Head of UC & Digital Applications", "yearBorn": 1964, "exercisedValue": 0, "unexercisedValue": 0}, {"maxAge": 1, "name": "Mr. Jagdish Janardan Mhalgi", "age": 53, "title": "VP & Head of Service Delivery", "yearBorn": 1967, "exercisedValue": 0, "unexercisedValue": 0}, {"maxAge": 1, "name": "Bhavin  Barbhaya", "age": 46, "title": "VP & Practice Head - DC & Edge IT", "yearBorn": 1974, "exercisedValue": 0, "unexercisedValue": 0}, {"maxAge": 1, "name": "Mr. Rajat Pradeepkumar Varma", "age": 46, "title": "Regional VP of West", "yearBorn": 1974, "exercisedValue": 0, "unexercisedValue": 0}, {"maxAge": 1, "name": "Mr. Sanjeev Shekhar Verma", "age": 53, "title": "CEO & Whole Time Director", "yearBorn": 1967, "fiscalYear": 2019, "exercisedValue": 0, "unexercisedValue": 0}, {"maxAge": 1, "name": "Mr. Deepak Kumar Bansal", "age": 45, "title": "CFO & Exec. Director", "yearBorn": 1975, "fiscalYear": 2019, "exercisedValue": 0, "unexercisedValue": 0}], "compensationAsOfEpochDate": "2020-12-31 05:30:00", "maxAge": 86400}, "recommendationTrend": {"trend": [{"period": "0m", "strongBuy": 0, "buy": 0, "hold": 0, "sell": 0, "strongSell": 0}, {"period": "-1m", "strongBuy": 0, "buy": 0, "hold": 0, "sell": 0, "strongSell": 0}, {"period": "-2m", "strongBuy": 0, "buy": 0, "hold": 0, "sell": 0, "strongSell": 0}, {"period": "-3m", "strongBuy": 0, "buy": 0, "hold": 0, "sell": 0, "strongSell": 0}], "maxAge": 86400}, "cashflowStatementHistory": {"cashflowStatements": [{"maxAge": 1, "endDate": "2020-03-31", "netIncome": 411200000, "depreciation": 922800000, "changeToNetincome": 1857800000, "changeToAccountReceivables": 4935200000, "changeToLiabilities": 68000000, "changeToInventory": 89900000, "changeToOperatingActivities": 1791300000, "totalCashFromOperatingActivities": 10143000000, "capitalExpenditures": -224500000, "otherCashflowsFromInvestingActivities": -2720900000, "totalCashflowsFromInvestingActivities": -1989100000, "dividendsPaid": -1600000, "netBorrowings": -4370600000, "otherCashflowsFromFinancingActivities": -2222000000, "totalCashFromFinancingActivities": -6593600000, "effectOfExchangeRate": -461000000, "changeInCash": 1099300000, "issuanceOfStock": 600000}, {"maxAge": 1, "endDate": "2019-03-31", "netIncome": -787700000, "depreciation": 111500000, "changeToNetincome": 50700000, "changeToAccountReceivables": -6505900000, "changeToLiabilities": 4231900000, "changeToInventory": -1161800000, "changeToOperatingActivities": 3306800000, "totalCashFromOperatingActivities": -719500000, "capitalExpenditures": -303100000, "otherCashflowsFromInvestingActivities": -637100000, "totalCashflowsFromInvestingActivities": -3565400000, "dividendsPaid": -300000, "netBorrowings": 6592600000, "otherCashflowsFromFinancingActivities": -302100000, "totalCashFromFinancingActivities": 6290200000, "effectOfExchangeRate": -38100000, "changeInCash": 1967200000, "issuanceOfStock": 600000}, {"maxAge": 1, "endDate": "2018-03-31", "netIncome": 149300000, "depreciation": 67100000, "changeToNetincome": 113000000, "changeToAccountReceivables": -101800000, "changeToLiabilities": 6100000, "changeToInventory": -3300000, "changeToOperatingActivities": 275500000, "totalCashFromOperatingActivities": 520500000, "capitalExpenditures": -108800000, "otherCashflowsFromInvestingActivities": 60600000, "totalCashflowsFromInvestingActivities": -48100000, "dividendsPaid": -2000000, "netBorrowings": -301800000, "otherCashflowsFromFinancingActivities": -236000000, "totalCashFromFinancingActivities": -539800000, "effectOfExchangeRate": -38100000, "changeInCash": -67400000, "issuanceOfStock": 600000}, {"maxAge": 1, "endDate": "2017-03-31", "netIncome": 103300000, "depreciation": 55700000, "changeToNetincome": -40800000, "changeToAccountReceivables": 101900000, "changeToLiabilities": -349100000, "changeToInventory": 49300000, "changeToOperatingActivities": 111900000, "totalCashFromOperatingActivities": 42100000, "capitalExpenditures": -92800000, "otherCashflowsFromInvestingActivities": 55600000, "totalCashflowsFromInvestingActivities": -36700000, "dividendsPaid": -500000, "netBorrowings": 142900000, "otherCashflowsFromFinancingActivities": -250400000, "totalCashFromFinancingActivities": -108000000, "effectOfExchangeRate": -38100000, "changeInCash": -102600000, "issuanceOfStock": 600000}], "maxAge": 86400}, "indexTrend": {"maxAge": 1, "symbol": "SP5", "peRatio": 19.7411, "pegRatio": 1.34172, "estimates": [{"period": "0q", "growth": 0.549}, {"period": "+1q", "growth": 0.431}, {"period": "0y", "growth": 0.305}, {"period": "+1y", "growth": 0.109}, {"period": "+5y", "growth": 0.120865}, {"period": "-5y"}]}, "defaultKeyStatistics": {"maxAge": 1, "priceHint": 2, "enterpriseValue": 45169168384, "profitMargins": 0.02833, "floatShares": 5204204, "sharesOutstanding": 32528800, "heldPercentInsiders": 0.78707004, "heldPercentInstitutions": 0.05156, "beta": 0.74052, "category": null, "bookValue": 6.939, "priceToBook": 228.9451, "fundFamily": null, "legalType": null, "lastFiscalYearEnd": "2020-03-31 05:30:00", "nextFiscalYearEnd": "2022-03-31 05:30:00", "mostRecentQuarter": "2020-12-31 05:30:00", "netIncomeToCommon": 1332199936, "trailingEps": 48.038, "lastSplitFactor": "2:1", "lastSplitDate": "2012-12-19 05:30:00", "enterpriseToRevenue": 0.961, "enterpriseToEbitda": 15.663, "52WeekChange": 5.662403, "SandP52WeekChange": 0.48148263, "lastDividendValue": 10.0, "lastDividendDate": 1342396800}, "industryTrend": {"maxAge": 1, "symbol": null, "estimates": []}, "quoteType": {"exchange": "NSI", "quoteType": "EQUITY", "symbol": "AGCNET.NS", "underlyingSymbol": "AGCNET.NS", "shortName": "AGC NETWORKS LTD", "longName": "AGC Networks Limited", "firstTradeDateEpochUtc": "2002-07-01 09:15:00", "timeZoneFullName": "Asia/Kolkata", "timeZoneShortName": "IST", "uuid": "6021c61c-7a34-3d45-9768-6f67a5c18602", "messageBoardId": "finmb_876986", "gmtOffSetMilliseconds": 19800000, "maxAge": 1}, "incomeStatementHistory": {"incomeStatementHistory": [{"maxAge": 1, "endDate": "2020-03-31", "totalRevenue": 49939200000, "costOfRevenue": 42775600000, "grossProfit": 7163600000, "researchDevelopment": {}, "sellingGeneralAdministrative": 429500000, "nonRecurring": {}, "otherOperatingExpenses": 3040000000, "totalOperatingExpenses": 47234700000, "operatingIncome": 2704500000, "totalOtherIncomeExpenseNet": -2223500000, "ebit": 2704500000, "interestExpense": -909000000, "incomeBeforeTax": 481000000, "incomeTaxExpense": 69800000, "minorityInterest": {}, "netIncomeFromContinuingOps": 411200000, "discontinuedOperations": {}, "extraordinaryItems": {}, "effectOfAccountingCharges": {}, "otherItems": {}, "netIncome": 411200000, "netIncomeApplicableToCommonShares": 411200000}, {"maxAge": 1, "endDate": "2019-03-31", "totalRevenue": 18527400000, "costOfRevenue": 16253300000, "grossProfit": 2274100000, "researchDevelopment": {}, "sellingGeneralAdministrative": 411300000, "nonRecurring": {}, "otherOperatingExpenses": 1363600000, "totalOperatingExpenses": 18174700000, "operatingIncome": 352700000, "totalOtherIncomeExpenseNet": -1146200000, "ebit": 352700000, "interestExpense": -393600000, "incomeBeforeTax": -793500000, "incomeTaxExpense": -5800000, "minorityInterest": {}, "netIncomeFromContinuingOps": -787700000, "discontinuedOperations": {}, "extraordinaryItems": {}, "effectOfAccountingCharges": {}, "otherItems": {}, "netIncome": -787700000, "netIncomeApplicableToCommonShares": -787700000}, {"maxAge": 1, "endDate": "2018-03-31", "totalRevenue": 7334500000, "costOfRevenue": 6408000000, "grossProfit": 926500000, "researchDevelopment": {}, "sellingGeneralAdministrative": 130600000, "nonRecurring": {}, "otherOperatingExpenses": 462900000, "totalOperatingExpenses": 7083200000, "operatingIncome": 251300000, "totalOtherIncomeExpenseNet": -60600000, "ebit": 251300000, "interestExpense": -247100000, "incomeBeforeTax": 190700000, "incomeTaxExpense": 41400000, "minorityInterest": {}, "netIncomeFromContinuingOps": 149300000, "discontinuedOperations": {}, "extraordinaryItems": {}, "effectOfAccountingCharges": {}, "otherItems": {}, "netIncome": 149300000, "netIncomeApplicableToCommonShares": 149300000}, {"maxAge": 1, "endDate": "2017-03-31", "totalRevenue": 7796300000, "costOfRevenue": 6787600000, "grossProfit": 1008700000, "researchDevelopment": {}, "sellingGeneralAdministrative": 207200000, "nonRecurring": {}, "otherOperatingExpenses": 467200000, "totalOperatingExpenses": 7527600000, "operatingIncome": 268700000, "totalOtherIncomeExpenseNet": -142200000, "ebit": 268700000, "interestExpense": -238100000, "incomeBeforeTax": 126500000, "incomeTaxExpense": 23200000, "minorityInterest": {}, "netIncomeFromContinuingOps": 103300000, "discontinuedOperations": {}, "extraordinaryItems": {}, "effectOfAccountingCharges": {}, "otherItems": {}, "netIncome": 103300000, "netIncomeApplicableToCommonShares": 103300000}], "maxAge": 86400}, "fundOwnership": {"maxAge": 1, "ownershipList": []}, "summaryDetail": {"maxAge": 1, "priceHint": 2, "previousClose": 1626.1, "open": 1635.0, "dayLow": 1576.25, "dayHigh": 1635.0, "regularMarketPreviousClose": 1626.1, "regularMarketOpen": 1635.0, "regularMarketDayLow": 1576.25, "regularMarketDayHigh": 1635.0, "exDividendDate": "2012-07-16 05:30:00", "payoutRatio": 0.0, "beta": 0.74052, "trailingPE": 33.070694, "volume": 4092, "regularMarketVolume": 4092, "averageVolume": 12005, "averageVolume10days": 14647, "averageDailyVolume10Day": 14647, "bid": 0.0, "ask": 0.0, "bidSize": 0, "askSize": 0, "marketCap": 51465588736, "fiftyTwoWeekLow": 226.55, "fiftyTwoWeekHigh": 1750.0, "priceToSalesTrailing12Months": 1.0945026, "fiftyDayAverage": 1356.7727, "twoHundredDayAverage": 871.6236, "trailingAnnualDividendRate": 1.0, "trailingAnnualDividendYield": 0.00061496836, "currency": "INR", "fromCurrency": null, "toCurrency": null, "lastMarket": null, "algorithm": null, "tradeable": false}, "insiderHolders": {"holders": [{"maxAge": 1, "name": "Aegis Ltd", "relation": "Promoter", "url": "", "transactionDescription": "Other", "latestTransDate": "2021-03-03", "positionDirect": 15382513, "positionDirectDate": "2021-03-03"}, {"maxAge": 1, "name": "Bhagwat Metallics Ltd", "relation": "Promoter", "url": "", "transactionDescription": "Other", "latestTransDate": "2021-03-03", "positionDirect": 6807267, "positionDirectDate": "2021-03-03"}, {"maxAge": 1, "name": "Ebony Advisors L.L.P.", "relation": "Institution- Corporation", "url": "", "transactionDescription": "Acquisition", "latestTransDate": "2020-12-29", "positionDirect": 250000, "positionDirectDate": "2020-12-29"}, {"maxAge": 1, "name": "Mhalgi (Jagdeesh Janardan)", "relation": "UNREPORTED", "url": "", "transactionDescription": "Sale", "latestTransDate": "2021-02-26", "positionDirect": 4775, "positionDirectDate": "2021-02-26"}, {"maxAge": 1, "name": "Morgan Stanley India Investment Fund", "relation": "Investment Advisor", "url": "", "transactionDescription": "Sale", "latestTransDate": "2010-08-09", "positionDirect": 0, "positionDirectDate": "2010-08-09"}, {"maxAge": 1, "name": "Ncube Ventures L.L.P.", "relation": "Institution- Corporation", "url": "", "transactionDescription": "Sale", "latestTransDate": "2020-12-29", "positionDirect": 145525, "positionDirectDate": "2020-12-29"}, {"maxAge": 1, "name": "Onir Information Technology  Ltd.", "relation": "Promoter", "url": "", "transactionDescription": "Other", "latestTransDate": "2020-01-15", "positionDirect": 0, "positionDirectDate": "2020-01-15"}, {"maxAge": 1, "name": "Silverleaf Oak Advisors, L.L.P.", "relation": "Promoter", "url": "", "transactionDescription": "Sale", "latestTransDate": "2020-02-28", "positionDirect": 4550000, "positionDirectDate": "2020-02-28"}, {"maxAge": 1, "name": "Verma (Sanjeev)", "relation": "Wholetime Director", "url": "", "transactionDescription": "Other", "latestTransDate": "2021-02-11", "positionDirect": 176136, "positionDirectDate": "2021-02-11"}], "maxAge": 1}, "calendarEvents": {"maxAge": 1, "earnings": {"earningsDate": []}, "exDividendDate": "2012-07-16 05:30:00"}, "price": {"maxAge": 1, "regularMarketChangePercent": -0.023030534, "regularMarketChange": -37.44995, "regularMarketTime": "2021-04-30 15:29:03", "priceHint": 2, "regularMarketPrice": 1588.65, "regularMarketDayHigh": 1635.0, "regularMarketDayLow": 1576.25, "regularMarketVolume": 4092, "averageDailyVolume10Day": 14647, "averageDailyVolume3Month": 12005, "regularMarketPreviousClose": 1626.1, "regularMarketSource": "FREE_REALTIME", "regularMarketOpen": 1635.0, "exchange": "NSI", "exchangeName": "NSE", "exchangeDataDelayedBy": 15, "marketState": "CLOSED", "quoteType": "EQUITY", "symbol": "AGCNET.NS", "underlyingSymbol": null, "shortName": "AGC NETWORKS LTD", "longName": "AGC Networks Limited", "currency": "INR", "quoteSourceName": "Delayed Quote", "currencySymbol": "\u20b9", "fromCurrency": null, "toCurrency": null, "lastMarket": null, "marketCap": 51465588736}, "balanceSheetHistory": {"balanceSheetStatements": [{"maxAge": 1, "endDate": "2020-03-31", "cash": 3158700000, "shortTermInvestments": 783900000, "netReceivables": 7049100000, "inventory": 1365600000, "otherCurrentAssets": 2306800000, "totalCurrentAssets": 15837600000, "longTermInvestments": 509300000, "propertyPlantEquipment": 2492700000, "goodWill": 2342400000, "intangibleAssets": 426000000, "otherAssets": 1744200000, "deferredLongTermAssetCharges": 202700000, "totalAssets": 23352200000, "accountsPayable": 5471300000, "shortLongTermDebt": 2053700000, "otherCurrentLiab": 4831500000, "longTermDebt": 152100000, "otherLiab": 2607900000, "deferredLongTermLiab": 25600000, "totalCurrentLiabilities": 19882800000, "totalLiab": 23830400000, "commonStock": 297500000, "retainedEarnings": -640200000, "treasuryStock": -594500000, "capitalSurplus": 459000000, "otherStockholderEquity": -594500000, "totalStockholderEquity": -478200000, "netTangibleAssets": -3246600000}, {"maxAge": 1, "endDate": "2019-03-31", "cash": 2059400000, "shortTermInvestments": 629200000, "netReceivables": 11809900000, "inventory": 1508400000, "otherCurrentAssets": 1920600000, "totalCurrentAssets": 18965400000, "longTermInvestments": 73900000, "propertyPlantEquipment": 1559900000, "goodWill": 2053700000, "intangibleAssets": 381000000, "otherAssets": 1283500000, "deferredLongTermAssetCharges": 319800000, "totalAssets": 24317400000, "accountsPayable": 5514000000, "shortLongTermDebt": 103600000, "otherCurrentLiab": 5087100000, "longTermDebt": 5868900000, "otherLiab": 1656800000, "totalCurrentLiabilities": 16581100000, "totalLiab": 24130700000, "commonStock": 297400000, "retainedEarnings": -971200000, "treasuryStock": 402200000, "capitalSurplus": 458300000, "otherStockholderEquity": 402200000, "totalStockholderEquity": 186700000, "netTangibleAssets": -2248000000}, {"maxAge": 1, "endDate": "2018-03-31", "cash": 92200000, "netReceivables": 2496900000, "inventory": 310100000, "otherCurrentAssets": 986500000, "totalCurrentAssets": 3961000000, "propertyPlantEquipment": 230600000, "goodWill": 837600000, "intangibleAssets": 67400000, "otherAssets": 707600000, "deferredLongTermAssetCharges": 10400000, "totalAssets": 5804200000, "accountsPayable": 1388600000, "shortLongTermDebt": 48100000, "otherCurrentLiab": 1333300000, "longTermDebt": 192500000, "otherLiab": 268800000, "deferredLongTermLiab": 200000, "totalCurrentLiabilities": 4436700000, "totalLiab": 4903100000, "commonStock": 284700000, "retainedEarnings": -220500000, "treasuryStock": 374400000, "capitalSurplus": 321000000, "otherStockholderEquity": 374400000, "totalStockholderEquity": 759600000, "netTangibleAssets": -145400000}, {"maxAge": 1, "endDate": "2017-03-31", "cash": 159600000, "netReceivables": 2172500000, "inventory": 186000000, "otherCurrentAssets": 1235000000, "totalCurrentAssets": 3816100000, "propertyPlantEquipment": 234500000, "goodWill": 816500000, "intangibleAssets": 57500000, "otherAssets": 962300000, "totalAssets": 5886900000, "accountsPayable": 1432500000, "otherCurrentLiab": 1281100000, "otherLiab": 250500000, "deferredLongTermLiab": 600000, "totalCurrentLiabilities": 4922500000, "totalLiab": 5188000000, "commonStock": 284700000, "retainedEarnings": -368300000, "treasuryStock": 367400000, "capitalSurplus": 321000000, "otherStockholderEquity": 367400000, "totalStockholderEquity": 604800000, "netTangibleAssets": -269200000}], "maxAge": 86400}, "earningsTrend": {"trend": [{"maxAge": 1, "period": "0q", "endDate": null, "growth": {}, "earningsEstimate": {"avg": 0.0, "low": 0.0, "high": 0.0, "yearAgoEps": {}, "numberOfAnalysts": 0, "growth": {}}, "revenueEstimate": {"avg": 0, "low": 0, "high": 0, "numberOfAnalysts": 0, "yearAgoRevenue": {}, "growth": {}}, "epsTrend": {"current": 0.0, "7daysAgo": 0.0, "30daysAgo": 0.0, "60daysAgo": 0.0, "90daysAgo": 0.0}, "epsRevisions": {"upLast7days": 0, "upLast30days": 0, "downLast30days": 0, "downLast90days": {}}}, {"maxAge": 1, "period": "+1q", "endDate": null, "growth": {}, "earningsEstimate": {"avg": 0.0, "low": 0.0, "high": 0.0, "yearAgoEps": {}, "numberOfAnalysts": 0, "growth": {}}, "revenueEstimate": {"avg": 0, "low": 0, "high": 0, "numberOfAnalysts": 0, "yearAgoRevenue": {}, "growth": {}}, "epsTrend": {"current": 0.0, "7daysAgo": 0.0, "30daysAgo": 0.0, "60daysAgo": 0.0, "90daysAgo": 0.0}, "epsRevisions": {"upLast7days": 0, "upLast30days": 0, "downLast30days": 0, "downLast90days": {}}}, {"maxAge": 1, "period": "0y", "endDate": null, "growth": {}, "earningsEstimate": {"avg": 0.0, "low": 0.0, "high": 0.0, "yearAgoEps": {}, "numberOfAnalysts": 0, "growth": {}}, "revenueEstimate": {"avg": 0, "low": 0, "high": 0, "numberOfAnalysts": 0, "yearAgoRevenue": {}, "growth": {}}, "epsTrend": {"current": 0.0, "7daysAgo": 0.0, "30daysAgo": 0.0, "60daysAgo": 0.0, "90daysAgo": 0.0}, "epsRevisions": {"upLast7days": 0, "upLast30days": 0, "downLast30days": 0, "downLast90days": {}}}, {"maxAge": 1, "period": "+1y", "endDate": null, "growth": {}, "earningsEstimate": {"avg": 0.0, "low": 0.0, "high": 0.0, "yearAgoEps": {}, "numberOfAnalysts": 0, "growth": {}}, "revenueEstimate": {"avg": 0, "low": 0, "high": 0, "numberOfAnalysts": 0, "yearAgoRevenue": {}, "growth": {}}, "epsTrend": {"current": 0.0, "7daysAgo": 0.0, "30daysAgo": 0.0, "60daysAgo": 0.0, "90daysAgo": 0.0}, "epsRevisions": {"upLast7days": 0, "upLast30days": 0, "downLast30days": 0, "downLast90days": {}}}, {"maxAge": 1, "period": "+5y", "endDate": null, "growth": {}, "earningsEstimate": {"avg": {}, "low": {}, "high": {}, "yearAgoEps": {}, "numberOfAnalysts": {}, "growth": {}}, "revenueEstimate": {"avg": {}, "low": {}, "high": {}, "numberOfAnalysts": {}, "yearAgoRevenue": {}, "growth": {}}, "epsTrend": {"current": {}, "7daysAgo": {}, "30daysAgo": {}, "60daysAgo": {}, "90daysAgo": {}}, "epsRevisions": {"upLast7days": {}, "upLast30days": {}, "downLast30days": {}, "downLast90days": {}}}, {"maxAge": 1, "period": "-5y", "endDate": null, "growth": 0.02892, "earningsEstimate": {"avg": {}, "low": {}, "high": {}, "yearAgoEps": {}, "numberOfAnalysts": {}, "growth": {}}, "revenueEstimate": {"avg": {}, "low": {}, "high": {}, "numberOfAnalysts": {}, "yearAgoRevenue": {}, "growth": {}}, "epsTrend": {"current": {}, "7daysAgo": {}, "30daysAgo": {}, "60daysAgo": {}, "90daysAgo": {}}, "epsRevisions": {"upLast7days": {}, "upLast30days": {}, "downLast30days": {}, "downLast90days": {}}}], "maxAge": 1}, "institutionOwnership": {"maxAge": 1, "ownershipList": []}, "majorHoldersBreakdown": {"maxAge": 1, "insidersPercentHeld": 0.78707004, "institutionsPercentHeld": 0.05156, "institutionsFloatPercentHeld": 0.24213, "institutionsCount": 3}, "balanceSheetHistoryQuarterly": {"balanceSheetStatements": [{"maxAge": 1, "endDate": "2020-12-31", "totalStockholderEquity": 206900000, "netTangibleAssets": -2870200000}, {"maxAge": 1, "endDate": "2020-09-30", "cash": 4315900000, "shortTermInvestments": 4600800000, "netReceivables": 3362900000, "inventory": 1424300000, "otherCurrentAssets": 3135100000, "totalCurrentAssets": 16839000000, "longTermInvestments": 454100000, "propertyPlantEquipment": 2101500000, "goodWill": 2666400000, "intangibleAssets": 410700000, "otherAssets": 1628000000, "deferredLongTermAssetCharges": 181500000, "totalAssets": 24099700000, "accountsPayable": 5503500000, "otherCurrentLiab": 10386700000, "longTermDebt": 2002000000, "otherLiab": 2407200000, "totalCurrentLiabilities": 18627900000, "totalLiab": 23892800000, "commonStock": 298200000, "treasuryStock": -91300000, "otherStockholderEquity": -91300000, "totalStockholderEquity": 206900000, "netTangibleAssets": -2870200000}, {"maxAge": 1, "endDate": "2020-06-30", "totalStockholderEquity": -478200000, "netTangibleAssets": -3246600000}, {"maxAge": 1, "endDate": "2020-03-31", "cash": 3158700000, "shortTermInvestments": 783900000, "netReceivables": 7049100000, "inventory": 1365600000, "otherCurrentAssets": 2306800000, "totalCurrentAssets": 15837600000, "longTermInvestments": 509300000, "propertyPlantEquipment": 2492700000, "goodWill": 2342400000, "intangibleAssets": 426000000, "otherAssets": 1744200000, "deferredLongTermAssetCharges": 202700000, "totalAssets": 23352200000, "accountsPayable": 5471300000, "shortLongTermDebt": 2053700000, "otherCurrentLiab": 4831500000, "longTermDebt": 152100000, "otherLiab": 2607900000, "deferredLongTermLiab": 25600000, "totalCurrentLiabilities": 19882800000, "totalLiab": 23830400000, "commonStock": 297500000, "retainedEarnings": -640200000, "treasuryStock": -594500000, "capitalSurplus": 459000000, "otherStockholderEquity": -594500000, "totalStockholderEquity": -478200000, "netTangibleAssets": -3246600000}], "maxAge": 86400}, "earningsHistory": {"history": [{"maxAge": 1, "epsActual": {}, "epsEstimate": {}, "epsDifference": {}, "surprisePercent": {}, "quarter": {}, "period": "-4q"}, {"maxAge": 1, "epsActual": {}, "epsEstimate": {}, "epsDifference": {}, "surprisePercent": {}, "quarter": {}, "period": "-3q"}, {"maxAge": 1, "epsActual": {}, "epsEstimate": {}, "epsDifference": {}, "surprisePercent": {}, "quarter": {}, "period": "-2q"}, {"maxAge": 1, "epsActual": {}, "epsEstimate": {}, "epsDifference": {}, "surprisePercent": {}, "quarter": {}, "period": "-1q"}], "maxAge": 86400}, "summaryProfile": {"address1": "Essar House", "address2": "11, Keshavrao Khadye Marg Opposite Race Course Mahalaxmi", "city": "Mumbai", "zip": "400034", "country": "India", "phone": "91 22 6660 1100", "fax": "91 22 2354 4331", "website": "http://www.agcnetworks.com", "industry": "Software\u2014Application", "sector": "Technology", "longBusinessSummary": "AGC Networks Limited provides information and communications technology solutions worldwide. It operates through System Integration, Technology Product Solution, and Others segments. The company offers unified communication solutions, such as IP communication, multimedia integration, contact center, and collaboration solutions. It also provides data center and edge IT solutions, such as hyper converged infrastructure that integrates computing, storage, networking, and virtualization resources and other technologies; private cloud; mobility; and software defined networking. In addition, the company offers a portfolio of cyber security services, which include certification, compliance, implementation, management, and audit services. Further, it provides digital transformation and applications, such as gamification, customer experience and journey, automation, and IoT solutions. Additionally, the company offers guardian support services consisting of IT infrastructure remote and on-site management services; global security operations center and global network operations center services; managed services, including enterprise service management, integrated management data center, and cloud computing services; and professional services comprising consulting, deployment, design, customization, and audit services. It serves banking, financial service, and insurance; education; healthcare; travel and hospitality; IT/ITES; and manufacturing industries. The company was founded in 1986 and is based in Mumbai, India. AGC Networks Limited is a subsidiary of Essar Global Fund Limited.", "fullTimeEmployees": 3500, "companyOfficers": [], "maxAge": 86400}, "netSharePurchaseActivity": {"maxAge": 1, "period": "6m", "buyInfoCount": 0, "buyInfoShares": 0, "sellInfoCount": 0, "netInfoCount": 0, "netInfoShares": 0, "netPercentInsiderShares": 0.0, "totalInsiderShares": 23470510}, "insiderTransactions": {"transactions": [{"maxAge": 1, "shares": 1300458, "value": 17882337, "filerUrl": "", "transactionText": "Other at price 13.75 per share.", "filerName": "Aegis Ltd", "filerRelation": "Promoter", "moneyText": "", "startDate": "2021-03-03", "ownership": "D"}, {"maxAge": 1, "shares": 334370, "value": 4585951, "filerUrl": "", "transactionText": "Other at price 13.72 per share.", "filerName": "Bhagwat Metallics Ltd", "filerRelation": "Promoter", "moneyText": "", "startDate": "2021-03-03", "ownership": "D"}, {"maxAge": 1, "shares": 1000, "value": 13662, "filerUrl": "", "transactionText": "Sale at price 13.66 per share.", "filerName": "Mhalgi (Jagdeesh Janardan)", "filerRelation": "UNREPORTED", "moneyText": "", "startDate": "2021-02-26", "ownership": "D"}, {"maxAge": 1, "shares": 1074, "value": 14878, "filerUrl": "", "transactionText": "Sale at price 13.85 per share.", "filerName": "Mhalgi (Jagdeesh Janardan)", "filerRelation": "UNREPORTED", "moneyText": "", "startDate": "2021-02-24", "ownership": "D"}, {"maxAge": 1, "shares": 105682, "value": 1313310, "filerUrl": "", "transactionText": "Other at price 12.43 per share.", "filerName": "Verma (Sanjeev)", "filerRelation": "Wholetime Director", "moneyText": "", "startDate": "2021-02-11", "ownership": "D"}, {"maxAge": 1, "shares": 4394, "value": 54604, "filerUrl": "", "transactionText": "Other at price 12.43 per share.", "filerName": "Mhalgi (Jagdeesh Janardan)", "filerRelation": "UNREPORTED", "moneyText": "", "startDate": "2021-02-11", "ownership": "D"}, {"maxAge": 1, "shares": 250000, "value": 2602975, "filerUrl": "", "transactionText": "Acquisition at price 10.41 per share.", "filerName": "Ebony Advisors L.L.P.", "filerRelation": "Institution- Corporation", "moneyText": "", "startDate": "2020-12-29", "ownership": "D"}, {"maxAge": 1, "shares": 250000, "value": 2602975, "filerUrl": "", "transactionText": "Sale at price 10.41 per share.", "filerName": "Ncube Ventures L.L.P.", "filerRelation": "Institution- Corporation", "moneyText": "", "startDate": "2020-12-29", "ownership": "D"}, {"maxAge": 1, "shares": 400, "value": 3536, "filerUrl": "", "transactionText": "Sale at price 8.84 per share.", "filerName": "Mhalgi (Jagdeesh Janardan)", "filerRelation": "UNREPORTED", "moneyText": "", "startDate": "2020-12-17", "ownership": "D"}, {"maxAge": 1, "shares": 3145, "value": 26425, "filerUrl": "", "transactionText": "Sale at price 8.40 per share.", "filerName": "Mhalgi (Jagdeesh Janardan)", "filerRelation": "UNREPORTED", "moneyText": "", "startDate": "2020-12-16", "ownership": "D"}, {"maxAge": 1, "shares": 5000, "value": 41570, "filerUrl": "", "transactionText": "Other at price 8.31 per share.", "filerName": "Mhalgi (Jagdeesh Janardan)", "filerRelation": "UNREPORTED", "moneyText": "", "startDate": "2020-11-12", "ownership": "D"}, {"maxAge": 1, "shares": 27500, "value": 129574, "filerUrl": "", "transactionText": "Acquisition at price 4.71 per share.", "filerName": "Ncube Ventures L.L.P.", "filerRelation": "Institution- Corporation", "moneyText": "", "startDate": "2020-09-29", "ownership": "D"}, {"maxAge": 1, "shares": 65000, "value": 309315, "filerUrl": "", "transactionText": "Acquisition at price 4.76 per share.", "filerName": "Ncube Ventures L.L.P.", "filerRelation": "Promoter", "moneyText": "", "startDate": "2020-09-25", "ownership": "D"}, {"maxAge": 1, "shares": 35227, "value": 162195, "filerUrl": "", "transactionText": "Other at price 4.60 per share.", "filerName": "Verma (Sanjeev)", "filerRelation": "Director", "moneyText": "", "startDate": "2020-09-11", "ownership": "D"}, {"maxAge": 1, "shares": 35227, "filerUrl": "", "transactionText": "", "filerName": "Verma (Sanjeev)", "filerRelation": "UNREPORTED", "moneyText": "", "startDate": "2020-05-12", "ownership": "D"}, {"maxAge": 1, "shares": 6000, "filerUrl": "", "transactionText": "", "filerName": "Mhalgi (Jagdeesh Janardan)", "filerRelation": "UNREPORTED", "moneyText": "", "startDate": "2020-02-28", "ownership": "D"}, {"maxAge": 1, "shares": 265000, "filerUrl": "", "transactionText": "", "filerName": "Silverleaf Oak Advisors, L.L.P.", "filerRelation": "Promoter", "moneyText": "", "startDate": "2020-02-28", "ownership": "D"}, {"maxAge": 1, "shares": 235000, "filerUrl": "", "transactionText": "", "filerName": "Silverleaf Oak Advisors, L.L.P.", "filerRelation": "Promoter", "moneyText": "", "startDate": "2020-02-27", "ownership": "D"}, {"maxAge": 1, "shares": 750000, "filerUrl": "", "transactionText": "", "filerName": "Silverleaf Oak Advisors, L.L.P.", "filerRelation": "Promoter", "moneyText": "", "startDate": "2020-02-26", "ownership": "D"}, {"maxAge": 1, "shares": 7000, "filerUrl": "", "transactionText": "", "filerName": "Mhalgi (Jagdeesh Janardan)", "filerRelation": "UNREPORTED", "moneyText": "", "startDate": "2020-02-14", "ownership": "D"}, {"maxAge": 1, "shares": 932203, "filerUrl": "", "transactionText": "", "filerName": "Bhagwat Metallics Ltd", "filerRelation": "Promoter", "moneyText": "", "startDate": "2020-01-15", "ownership": "D"}, {"maxAge": 1, "shares": 932203, "filerUrl": "", "transactionText": "", "filerName": "Onir Information Technology  Ltd.", "filerRelation": "Promoter", "moneyText": "", "startDate": "2020-01-15", "ownership": "D"}, {"maxAge": 1, "shares": 1240694, "filerUrl": "", "transactionText": "", "filerName": "Bhagwat Metallics Ltd", "filerRelation": "Promoter", "moneyText": "", "startDate": "2019-11-28", "ownership": "D"}, {"maxAge": 1, "shares": 197912, "filerUrl": "", "transactionText": "", "filerName": "Aegis Ltd", "filerRelation": "Promoter", "moneyText": "", "startDate": "2019-11-28", "ownership": "D"}, {"maxAge": 1, "shares": 300215, "filerUrl": "", "transactionText": "", "filerName": "Ebony Advisors L.L.P.", "filerRelation": "Institution- Corporation", "moneyText": "", "startDate": "2019-03-15", "ownership": "D"}, {"maxAge": 1, "shares": 12031, "filerUrl": "", "transactionText": "", "filerName": "Ebony Advisors L.L.P.", "filerRelation": "Institution- Corporation", "moneyText": "", "startDate": "2019-03-15", "ownership": "D"}, {"maxAge": 1, "shares": 1000000, "filerUrl": "", "transactionText": "", "filerName": "Bhagwat Metallics Ltd", "filerRelation": "Institution- Corporation", "moneyText": "", "startDate": "2019-01-11", "ownership": "D"}, {"maxAge": 1, "shares": 5300000, "filerUrl": "", "transactionText": "", "filerName": "Bhagwat Metallics Ltd", "filerRelation": "Institution- Corporation", "moneyText": "", "startDate": "2019-01-04", "ownership": "D"}, {"maxAge": 1, "shares": 932203, "filerUrl": "", "transactionText": "", "filerName": "Onir Information Technology  Ltd.", "filerRelation": "UNREPORTED", "moneyText": "", "startDate": "2018-09-03", "ownership": "D"}, {"maxAge": 1, "shares": 110000, "filerUrl": "", "transactionText": "", "filerName": "Onir Information Technology  Ltd.", "filerRelation": "UNREPORTED", "moneyText": "", "startDate": "2018-08-13", "ownership": "D"}, {"maxAge": 1, "shares": 683899, "filerUrl": "", "transactionText": "", "filerName": "Morgan Stanley India Investment Fund", "filerRelation": "Investment Advisor", "moneyText": "", "startDate": "2010-08-09", "ownership": "D"}, {"maxAge": 1, "shares": 380000, "filerUrl": "", "transactionText": "", "filerName": "Morgan Stanley India Investment Fund", "filerRelation": "Investment Advisor", "moneyText": "", "startDate": "2010-02-02", "ownership": "D"}], "maxAge": 1}, "sectorTrend": {"maxAge": 1, "symbol": null, "estimates": []}, "incomeStatementHistoryQuarterly": {"incomeStatementHistory": [{"maxAge": 1, "endDate": "2020-12-31", "totalRevenue": 12410700000, "costOfRevenue": 10580000000, "grossProfit": 1830700000, "researchDevelopment": {}, "sellingGeneralAdministrative": {}, "nonRecurring": {}, "otherOperatingExpenses": 869500000, "totalOperatingExpenses": 11664400000, "operatingIncome": 746300000, "totalOtherIncomeExpenseNet": -231000000, "ebit": 746300000, "interestExpense": -206500000, "incomeBeforeTax": 515300000, "incomeTaxExpense": 52900000, "minorityInterest": {}, "netIncomeFromContinuingOps": 462400000, "discontinuedOperations": {}, "extraordinaryItems": {}, "effectOfAccountingCharges": {}, "otherItems": {}, "netIncome": 462400000, "netIncomeApplicableToCommonShares": 462400000}, {"maxAge": 1, "endDate": "2020-09-30", "totalRevenue": 12178900000, "costOfRevenue": 10244600000, "grossProfit": 1934300000, "researchDevelopment": {}, "sellingGeneralAdministrative": {}, "nonRecurring": {}, "otherOperatingExpenses": 892400000, "totalOperatingExpenses": 11403200000, "operatingIncome": 775700000, "totalOtherIncomeExpenseNet": -346400000, "ebit": 775700000, "interestExpense": -288700000, "incomeBeforeTax": 429300000, "incomeTaxExpense": 15000000, "minorityInterest": {}, "netIncomeFromContinuingOps": 414300000, "discontinuedOperations": {}, "extraordinaryItems": {}, "effectOfAccountingCharges": {}, "otherItems": {}, "netIncome": 414300000, "netIncomeApplicableToCommonShares": 414300000}, {"maxAge": 1, "endDate": "2020-06-30", "totalRevenue": 9938600000, "costOfRevenue": 8503600000, "grossProfit": 1435000000, "researchDevelopment": {}, "sellingGeneralAdministrative": {}, "nonRecurring": {}, "otherOperatingExpenses": 855900000, "totalOperatingExpenses": 9609600000, "operatingIncome": 329000000, "totalOtherIncomeExpenseNet": -255300000, "ebit": 329000000, "interestExpense": -206200000, "incomeBeforeTax": 73700000, "incomeTaxExpense": 30400000, "minorityInterest": {}, "netIncomeFromContinuingOps": 43300000, "discontinuedOperations": {}, "extraordinaryItems": {}, "effectOfAccountingCharges": {}, "otherItems": {}, "netIncome": 43300000, "netIncomeApplicableToCommonShares": 43300000}, {"maxAge": 1, "endDate": "2020-03-31", "totalRevenue": 12496900000, "costOfRevenue": 10810600000, "grossProfit": 1686300000, "researchDevelopment": {}, "sellingGeneralAdministrative": 429500000, "nonRecurring": {}, "otherOperatingExpenses": 238300000, "totalOperatingExpenses": 11703800000, "operatingIncome": 793100000, "totalOtherIncomeExpenseNet": -406600000, "ebit": 793100000, "interestExpense": -206200000, "incomeBeforeTax": 386500000, "incomeTaxExpense": -25700000, "minorityInterest": {}, "netIncomeFromContinuingOps": 412200000, "discontinuedOperations": {}, "extraordinaryItems": {}, "effectOfAccountingCharges": {}, "otherItems": {}, "netIncome": 412200000, "netIncomeApplicableToCommonShares": 412200000}], "maxAge": 86400}, "cashflowStatementHistoryQuarterly": {"cashflowStatements": [{"maxAge": 1, "endDate": "2020-12-31", "netIncome": 462400000, "changeToLiabilities": 0}, {"maxAge": 1, "endDate": "2020-09-30", "netIncome": 414300000, "changeToLiabilities": 0}, {"maxAge": 1, "endDate": "2020-06-30", "netIncome": 43300000, "changeToLiabilities": 0}, {"maxAge": 1, "endDate": "2020-03-31", "netIncome": 412200000, "changeToLiabilities": 0}], "maxAge": 86400}, "earnings": {"maxAge": 86400, "earningsChart": {"quarterly": [], "earningsDate": []}, "financialsChart": {"yearly": [{"date": 2017, "revenue": 7796300000, "earnings": 103300000}, {"date": 2018, "revenue": 7334500000, "earnings": 149300000}, {"date": 2019, "revenue": 18527400000, "earnings": -787700000}, {"date": 2020, "revenue": 49939200000, "earnings": 411200000}], "quarterly": [{"date": "1Q2020", "revenue": 12496900000, "earnings": 412200000}, {"date": "2Q2020", "revenue": 9938600000, "earnings": 43300000}, {"date": "3Q2020", "revenue": 12178900000, "earnings": 414300000}, {"date": "4Q2020", "revenue": 12410700000, "earnings": 462400000}]}, "financialCurrency": "INR"}, "financialData": {"maxAge": 86400, "currentPrice": 1588.65, "targetHighPrice": 132.0, "targetLowPrice": 132.0, "targetMeanPrice": 132.0, "targetMedianPrice": 132.0, "recommendationKey": "none", "numberOfAnalystOpinions": 1, "totalCash": 8916700160, "totalCashPerShare": 299.016, "ebitda": 2883800064, "totalDebt": 5595400192, "totalRevenue": 47021899776, "debtToEquity": 2704.398, "revenuePerShare": 1736.208, "grossProfits": 7163600000, "revenueGrowth": -0.013, "grossMargins": 0.14932999, "ebitdaMargins": 0.061329998, "operatingMargins": 0.056339998, "profitMargins": 0.02833, "financialCurrency": "INR"}}}