{"AGCNET.BO": {"recommendationTrend": {"trend": [{"period": "0m", "strongBuy": 0, "buy": 0, "hold": 0, "sell": 0, "strongSell": 0}, {"period": "-1m", "strongBuy": 0, "buy": 0, "hold": 0, "sell": 0, "strongSell": 0}, {"period": "-2m", "strongBuy": 0, "buy": 0, "hold": 0, "sell": 0, "strongSell": 0}, {"period": "-3m", "strongBuy": 0, "buy": 0, "hold": 0, "sell": 0, "strongSell": 0}], "maxAge": 86400}, "cashflowStatementHistory": {"cashflowStatements": [{"maxAge": 1, "endDate": "2020-03-31", "netIncome": 411200000, "depreciation": 989600000, "changeToNetincome": 1857800000, "changeToAccountReceivables": 4935200000, "changeToLiabilities": 68000000, "changeToInventory": 89900000, "changeToOperatingActivities": 1791300000, "totalCashFromOperatingActivities": 10143000000, "capitalExpenditures": -224500000, "otherCashflowsFromInvestingActivities": -2720900000, "totalCashflowsFromInvestingActivities": -1989100000, "dividendsPaid": -1600000, "netBorrowings": -4370600000, "otherCashflowsFromFinancingActivities": -2222000000, "totalCashFromFinancingActivities": -6593600000, "effectOfExchangeRate": -461000000, "changeInCash": 1099300000, "issuanceOfStock": 600000}, {"maxAge": 1, "endDate": "2019-03-31", "netIncome": -787700000, "depreciation": 111500000, "changeToNetincome": 50700000, "changeToAccountReceivables": -6505900000, "changeToLiabilities": 4231900000, "changeToInventory": -1161800000, "changeToOperatingActivities": 3306800000, "totalCashFromOperatingActivities": -719500000, "capitalExpenditures": -303100000, "otherCashflowsFromInvestingActivities": -637100000, "totalCashflowsFromInvestingActivities": -3565400000, "dividendsPaid": -300000, "netBorrowings": 6592600000, "otherCashflowsFromFinancingActivities": -302100000, "totalCashFromFinancingActivities": 6290200000, "effectOfExchangeRate": -38100000, "changeInCash": 1967200000, "issuanceOfStock": 600000}, {"maxAge": 1, "endDate": "2018-03-31", "netIncome": 149300000, "depreciation": 67100000, "changeToNetincome": 113000000, "changeToAccountReceivables": -101800000, "changeToLiabilities": 6100000, "changeToInventory": -3300000, "changeToOperatingActivities": 275500000, "totalCashFromOperatingActivities": 520500000, "capitalExpenditures": -108800000, "otherCashflowsFromInvestingActivities": 60600000, "totalCashflowsFromInvestingActivities": -48100000, "dividendsPaid": -2000000, "netBorrowings": -301800000, "otherCashflowsFromFinancingActivities": -236000000, "totalCashFromFinancingActivities": -539800000, "effectOfExchangeRate": -38100000, "changeInCash": -67400000, "issuanceOfStock": 600000}, {"maxAge": 1, "endDate": "2017-03-31", "netIncome": 103300000, "depreciation": 55700000, "changeToNetincome": -40800000, "changeToAccountReceivables": 101900000, "changeToLiabilities": -349100000, "changeToInventory": 49300000, "changeToOperatingActivities": 111900000, "totalCashFromOperatingActivities": 42100000, "capitalExpenditures": -92800000, "otherCashflowsFromInvestingActivities": 55600000, "totalCashflowsFromInvestingActivities": -36700000, "dividendsPaid": -500000, "netBorrowings": 142900000, "otherCashflowsFromFinancingActivities": -250400000, "totalCashFromFinancingActivities": -108000000, "effectOfExchangeRate": -38100000, "changeInCash": -102600000, "issuanceOfStock": 600000}], "maxAge": 86400}, "institutionOwnership": {"maxAge": 1, "ownershipList": []}, "balanceSheetHistoryQuarterly": {"balanceSheetStatements": [{"maxAge": 1, "endDate": "2020-06-30", "totalStockholderEquity": -478200000, "netTangibleAssets": -3246600000}, {"maxAge": 1, "endDate": "2020-03-31", "cash": 3694400000, "shortTermInvestments": 3852100000, "netReceivables": 3806800000, "inventory": 1365600000, "otherCurrentAssets": 3118700000, "totalCurrentAssets": 15837600000, "longTermInvestments": 532400000, "propertyPlantEquipment": 2492700000, "goodWill": 2342400000, "intangibleAssets": 426000000, "otherAssets": 1721100000, "deferredLongTermAssetCharges": 202700000, "totalAssets": 23352200000, "accountsPayable": 5471300000, "otherCurrentLiab": 11205100000, "longTermDebt": 152100000, "otherLiab": 2607900000, "totalCurrentLiabilities": 19882800000, "totalLiab": 23830400000, "commonStock": 297500000, "treasuryStock": -775700000, "otherStockholderEquity": -775700000, "totalStockholderEquity": -478200000, "netTangibleAssets": -3246600000}, {"maxAge": 1, "endDate": "2019-12-31", "totalStockholderEquity": 541700000, "netTangibleAssets": -1908100000}, {"maxAge": 1, "endDate": "2019-09-30", "cash": 2142300000, "shortTermInvestments": 1135200000, "netReceivables": 9309000000, "inventory": 1466700000, "otherCurrentAssets": 5321800000, "totalCurrentAssets": 19375000000, "longTermInvestments": 384400000, "propertyPlantEquipment": 2596400000, "goodWill": 2097700000, "intangibleAssets": 352100000, "otherAssets": 1336300000, "deferredLongTermAssetCharges": 327300000, "totalAssets": 26141900000, "accountsPayable": 5669500000, "otherCurrentLiab": 11121800000, "longTermDebt": 3273600000, "otherLiab": 1748700000, "totalCurrentLiabilities": 19327500000, "totalLiab": 25600200000, "commonStock": 297400000, "treasuryStock": 244300000, "otherStockholderEquity": 244300000, "totalStockholderEquity": 541700000, "netTangibleAssets": -1908100000}], "maxAge": 86400}, "earningsHistory": {"history": [{"maxAge": 1, "epsActual": {}, "epsEstimate": {}, "epsDifference": {}, "surprisePercent": {}, "quarter": {}, "period": "-4q"}, {"maxAge": 1, "epsActual": {}, "epsEstimate": {}, "epsDifference": {}, "surprisePercent": {}, "quarter": {}, "period": "-3q"}, {"maxAge": 1, "epsActual": {}, "epsEstimate": {}, "epsDifference": {}, "surprisePercent": {}, "quarter": {}, "period": "-2q"}, {"maxAge": 1, "epsActual": {}, "epsEstimate": {}, "epsDifference": {}, "surprisePercent": {}, "quarter": {}, "period": "-1q"}], "maxAge": 86400}, "indexTrend": {"maxAge": 1, "symbol": "SP5", "peRatio": 19.7411, "pegRatio": 1.34172, "estimates": [{"period": "0q", "growth": 0.549}, {"period": "+1q", "growth": 0.431}, {"period": "0y", "growth": 0.305}, {"period": "+1y", "growth": 0.109}, {"period": "+5y", "growth": 0.120865}, {"period": "-5y"}]}, "industryTrend": {"maxAge": 1, "symbol": null, "estimates": []}, "insiderTransactions": {"transactions": [{"maxAge": 1, "shares": 27500, "value": 129574, "filerUrl": "", "transactionText": "Acquisition at price 4.71 per share.", "filerName": "Ncube Ventures L.L.P.", "filerRelation": "Institution- Corporation", "moneyText": "", "startDate": "2020-09-29", "ownership": "D"}, {"maxAge": 1, "shares": 65000, "value": 309315, "filerUrl": "", "transactionText": "Acquisition at price 4.76 per share.", "filerName": "Ncube Ventures L.L.P.", "filerRelation": "Promoter", "moneyText": "", "startDate": "2020-09-25", "ownership": "D"}, {"maxAge": 1, "shares": 35227, "value": 162195, "filerUrl": "", "transactionText": "Other at price 4.60 per share.", "filerName": "Verma (Sanjeev)", "filerRelation": "Director", "moneyText": "", "startDate": "2020-09-11", "ownership": "D"}, {"maxAge": 1, "shares": 35227, "filerUrl": "", "transactionText": "", "filerName": "Verma (Sanjeev)", "filerRelation": "UNREPORTED", "moneyText": "", "startDate": "2020-05-12", "ownership": "D"}, {"maxAge": 1, "shares": 265000, "filerUrl": "", "transactionText": "", "filerName": "Silverleaf Oak Advisors, L.L.P.", "filerRelation": "Promoter", "moneyText": "", "startDate": "2020-02-28", "ownership": "D"}, {"maxAge": 1, "shares": 6000, "filerUrl": "", "transactionText": "", "filerName": "Mhalgi (Jagdeesh Janardan)", "filerRelation": "UNREPORTED", "moneyText": "", "startDate": "2020-02-28", "ownership": "D"}, {"maxAge": 1, "shares": 235000, "filerUrl": "", "transactionText": "", "filerName": "Silverleaf Oak Advisors, L.L.P.", "filerRelation": "Promoter", "moneyText": "", "startDate": "2020-02-27", "ownership": "D"}, {"maxAge": 1, "shares": 750000, "filerUrl": "", "transactionText": "", "filerName": "Silverleaf Oak Advisors, L.L.P.", "filerRelation": "Promoter", "moneyText": "", "startDate": "2020-02-26", "ownership": "D"}, {"maxAge": 1, "shares": 7000, "filerUrl": "", "transactionText": "", "filerName": "Mhalgi (Jagdeesh Janardan)", "filerRelation": "UNREPORTED", "moneyText": "", "startDate": "2020-02-14", "ownership": "D"}, {"maxAge": 1, "shares": 932203, "filerUrl": "", "transactionText": "", "filerName": "Onir Information Technology  Ltd.", "filerRelation": "Promoter", "moneyText": "", "startDate": "2020-01-15", "ownership": "D"}, {"maxAge": 1, "shares": 932203, "filerUrl": "", "transactionText": "", "filerName": "Bhagwat Metallics Ltd", "filerRelation": "Promoter", "moneyText": "", "startDate": "2020-01-15", "ownership": "D"}, {"maxAge": 1, "shares": 197912, "filerUrl": "", "transactionText": "", "filerName": "Aegis Ltd", "filerRelation": "Promoter", "moneyText": "", "startDate": "2019-11-28", "ownership": "D"}, {"maxAge": 1, "shares": 1240694, "filerUrl": "", "transactionText": "", "filerName": "Bhagwat Metallics Ltd", "filerRelation": "Promoter", "moneyText": "", "startDate": "2019-11-28", "ownership": "D"}, {"maxAge": 1, "shares": 12031, "filerUrl": "", "transactionText": "", "filerName": "Ebony Advisors L.L.P.", "filerRelation": "Institution- Corporation", "moneyText": "", "startDate": "2019-03-15", "ownership": "D"}, {"maxAge": 1, "shares": 300215, "filerUrl": "", "transactionText": "", "filerName": "Ebony Advisors L.L.P.", "filerRelation": "Institution- Corporation", "moneyText": "", "startDate": "2019-03-15", "ownership": "D"}, {"maxAge": 1, "shares": 1000000, "filerUrl": "", "transactionText": "", "filerName": "Bhagwat Metallics Ltd", "filerRelation": "Institution- Corporation", "moneyText": "", "startDate": "2019-01-11", "ownership": "D"}, {"maxAge": 1, "shares": 5300000, "filerUrl": "", "transactionText": "", "filerName": "Bhagwat Metallics Ltd", "filerRelation": "Institution- Corporation", "moneyText": "", "startDate": "2019-01-04", "ownership": "D"}], "maxAge": 1}, "quoteType": {"exchange": "BSE", "quoteType": "EQUITY", "symbol": "AGCNET.BO", "underlyingSymbol": "AGCNET.BO", "shortName": "AGC NETWORKS LIMITED", "longName": "AGC Networks Limited", "firstTradeDateEpochUtc": "2000-06-23 09:15:00", "timeZoneFullName": "Asia/Kolkata", "timeZoneShortName": "IST", "uuid": "c27b524d-25f7-3569-b23a-086fd9ad78d9", "messageBoardId": null, "gmtOffSetMilliseconds": 19800000, "maxAge": 1}, "incomeStatementHistory": {"incomeStatementHistory": [{"maxAge": 1, "endDate": "2020-03-31", "totalRevenue": 49939200000, "costOfRevenue": 42620900000, "grossProfit": 7318300000, "researchDevelopment": {}, "sellingGeneralAdministrative": {}, "nonRecurring": {}, "otherOperatingExpenses": 3633700000, "totalOperatingExpenses": 47244200000, "operatingIncome": 2695000000, "totalOtherIncomeExpenseNet": -2214000000, "ebit": 2695000000, "interestExpense": -1293800000, "incomeBeforeTax": 481000000, "incomeTaxExpense": 69800000, "minorityInterest": {}, "netIncomeFromContinuingOps": 411200000, "discontinuedOperations": {}, "extraordinaryItems": {}, "effectOfAccountingCharges": {}, "otherItems": {}, "netIncome": 411200000, "netIncomeApplicableToCommonShares": 411200000}, {"maxAge": 1, "endDate": "2019-03-31", "totalRevenue": 18527400000, "costOfRevenue": 16200100000, "grossProfit": 2327300000, "researchDevelopment": {}, "sellingGeneralAdministrative": 410500000, "nonRecurring": {}, "otherOperatingExpenses": 1418300000, "totalOperatingExpenses": 18175400000, "operatingIncome": 352000000, "totalOtherIncomeExpenseNet": -1145500000, "ebit": 352000000, "interestExpense": -443200000, "incomeBeforeTax": -793500000, "incomeTaxExpense": -5800000, "minorityInterest": {}, "netIncomeFromContinuingOps": -787700000, "discontinuedOperations": {}, "extraordinaryItems": {}, "effectOfAccountingCharges": {}, "otherItems": {}, "netIncome": -787700000, "netIncomeApplicableToCommonShares": -787700000}, {"maxAge": 1, "endDate": "2018-03-31", "totalRevenue": 7334500000, "costOfRevenue": 6408000000, "grossProfit": 926500000, "researchDevelopment": {}, "sellingGeneralAdministrative": 130600000, "nonRecurring": {}, "otherOperatingExpenses": 462900000, "totalOperatingExpenses": 7083200000, "operatingIncome": 251300000, "totalOtherIncomeExpenseNet": -60600000, "ebit": 251300000, "interestExpense": -247100000, "incomeBeforeTax": 190700000, "incomeTaxExpense": 41400000, "minorityInterest": {}, "netIncomeFromContinuingOps": 149300000, "discontinuedOperations": {}, "extraordinaryItems": {}, "effectOfAccountingCharges": {}, "otherItems": {}, "netIncome": 149300000, "netIncomeApplicableToCommonShares": 149300000}, {"maxAge": 1, "endDate": "2017-03-31", "totalRevenue": 7796300000, "costOfRevenue": 6787600000, "grossProfit": 1008700000, "researchDevelopment": {}, "sellingGeneralAdministrative": 207200000, "nonRecurring": {}, "otherOperatingExpenses": 467200000, "totalOperatingExpenses": 7527600000, "operatingIncome": 268700000, "totalOtherIncomeExpenseNet": -142200000, "ebit": 268700000, "interestExpense": -238100000, "incomeBeforeTax": 126500000, "incomeTaxExpense": 23200000, "minorityInterest": {}, "netIncomeFromContinuingOps": 103300000, "discontinuedOperations": {}, "extraordinaryItems": {}, "effectOfAccountingCharges": {}, "otherItems": {}, "netIncome": 103300000, "netIncomeApplicableToCommonShares": 103300000}], "maxAge": 86400}, "fundOwnership": {"maxAge": 1, "ownershipList": []}, "summaryDetail": {"maxAge": 1, "priceHint": 2, "previousClose": 1619.45, "open": 1627.55, "dayLow": 1582.5, "dayHigh": 1627.55, "regularMarketPreviousClose": 1619.45, "regularMarketOpen": 1627.55, "regularMarketDayLow": 1582.5, "regularMarketDayHigh": 1627.55, "trailingPE": 149.61716, "volume": 311, "regularMarketVolume": 311, "averageVolume": 1284, "averageVolume10days": 979, "averageDailyVolume10Day": 979, "bid": 1560.0, "ask": 1623.0, "bidSize": 0, "askSize": 0, "marketCap": 47191343104, "fiftyTwoWeekLow": 205.2, "fiftyTwoWeekHigh": 1627.55, "fiftyDayAverage": 810.0643, "twoHundredDayAverage": 571.64343, "trailingAnnualDividendRate": 1.0, "trailingAnnualDividendYield": 0.0006174936, "currency": "INR", "fromCurrency": null, "toCurrency": null, "lastMarket": null, "algorithm": null, "tradeable": false}, "sectorTrend": {"maxAge": 1, "symbol": null, "estimates": []}, "incomeStatementHistoryQuarterly": {"incomeStatementHistory": [{"maxAge": 1, "endDate": "2020-06-30", "totalRevenue": 9938600000, "costOfRevenue": 8503600000, "grossProfit": 1435000000, "researchDevelopment": {}, "sellingGeneralAdministrative": {}, "nonRecurring": {}, "otherOperatingExpenses": 855900000, "totalOperatingExpenses": 9609600000, "operatingIncome": 329000000, "totalOtherIncomeExpenseNet": -255300000, "ebit": 329000000, "interestExpense": -206200000, "incomeBeforeTax": 73700000, "incomeTaxExpense": 30400000, "minorityInterest": {}, "netIncomeFromContinuingOps": 43300000, "discontinuedOperations": {}, "extraordinaryItems": {}, "effectOfAccountingCharges": {}, "otherItems": {}, "netIncome": 43300000, "netIncomeApplicableToCommonShares": 43300000}, {"maxAge": 1, "endDate": "2020-03-31", "totalRevenue": 12496900000, "costOfRevenue": 10510800000, "grossProfit": 1986100000, "researchDevelopment": {}, "sellingGeneralAdministrative": {}, "nonRecurring": {}, "otherOperatingExpenses": 977100000, "totalOperatingExpenses": 11713300000, "operatingIncome": 783600000, "totalOtherIncomeExpenseNet": -397100000, "ebit": 783600000, "interestExpense": -296800000, "incomeBeforeTax": 386500000, "incomeTaxExpense": -25700000, "minorityInterest": {}, "netIncomeFromContinuingOps": 412200000, "discontinuedOperations": {}, "extraordinaryItems": {}, "effectOfAccountingCharges": {}, "otherItems": {}, "netIncome": 412200000, "netIncomeApplicableToCommonShares": 412200000}, {"maxAge": 1, "endDate": "2019-12-31", "totalRevenue": 12576900000, "costOfRevenue": 10780200000, "grossProfit": 1796700000, "researchDevelopment": {}, "sellingGeneralAdministrative": {}, "nonRecurring": {}, "otherOperatingExpenses": 727500000, "totalOperatingExpenses": 11752800000, "operatingIncome": 824100000, "totalOtherIncomeExpenseNet": -1263300000, "ebit": 824100000, "interestExpense": -329800000, "incomeBeforeTax": -439200000, "incomeTaxExpense": 52400000, "minorityInterest": {}, "netIncomeFromContinuingOps": -491600000, "discontinuedOperations": {}, "extraordinaryItems": {}, "effectOfAccountingCharges": {}, "otherItems": {}, "netIncome": -491600000, "netIncomeApplicableToCommonShares": -491600000}, {"maxAge": 1, "endDate": "2019-09-30", "totalRevenue": 12586700000, "costOfRevenue": 10737600000, "grossProfit": 1849100000, "researchDevelopment": {}, "sellingGeneralAdministrative": {}, "nonRecurring": {}, "otherOperatingExpenses": 972200000, "totalOperatingExpenses": 11985300000, "operatingIncome": 601400000, "totalOtherIncomeExpenseNet": -223000000, "ebit": 601400000, "interestExpense": -357400000, "incomeBeforeTax": 378400000, "incomeTaxExpense": 23400000, "minorityInterest": {}, "netIncomeFromContinuingOps": 355000000, "discontinuedOperations": {}, "extraordinaryItems": {}, "effectOfAccountingCharges": {}, "otherItems": {}, "netIncome": 355000000, "netIncomeApplicableToCommonShares": 355000000}], "maxAge": 86400}, "cashflowStatementHistoryQuarterly": {"cashflowStatements": [{"maxAge": 1, "endDate": "2020-06-30", "netIncome": 43300000, "changeToLiabilities": 0}, {"maxAge": 1, "endDate": "2020-03-31", "netIncome": 412200000, "changeToLiabilities": 0}, {"maxAge": 1, "endDate": "2019-12-31", "netIncome": -491600000, "changeToLiabilities": 0}, {"maxAge": 1, "endDate": "2019-09-30", "netIncome": 355000000, "changeToLiabilities": 0}], "maxAge": 86400}, "insiderHolders": {"holders": [{"maxAge": 1, "name": "Aegis Ltd", "relation": "Promoter", "url": "", "transactionDescription": "Purchase", "latestTransDate": "2019-11-28", "positionDirect": 14082055, "positionDirectDate": "2019-11-28"}, {"maxAge": 1, "name": "Bhagwat Metallics Ltd", "relation": "Promoter", "url": "", "transactionDescription": "Other", "latestTransDate": "2020-01-15", "positionDirect": 6472897, "positionDirectDate": "2020-01-15"}, {"maxAge": 1, "name": "Ebony Advisors L.L.P.", "relation": "Institution- Corporation", "url": "", "transactionDescription": "Sale", "latestTransDate": "2019-03-15", "positionDirect": 0, "positionDirectDate": "2019-03-15"}, {"maxAge": 1, "name": "Mhalgi (Jagdeesh Janardan)", "relation": "UNREPORTED", "url": "", "transactionDescription": "Sale", "latestTransDate": "2020-02-28", "positionDirect": 1000, "positionDirectDate": "2020-02-28"}, {"maxAge": 1, "name": "Ncube Ventures L.L.P.", "relation": "Institution- Corporation", "url": "", "transactionDescription": "Acquisition", "latestTransDate": "2020-09-29", "positionDirect": 395525, "positionDirectDate": "2020-09-29"}, {"maxAge": 1, "name": "Onir Information Technology  Ltd.", "relation": "Promoter", "url": "", "transactionDescription": "Other", "latestTransDate": "2020-01-15", "positionDirect": 0, "positionDirectDate": "2020-01-15"}, {"maxAge": 1, "name": "Silverleaf Oak Advisors, L.L.P.", "relation": "Promoter", "url": "", "transactionDescription": "Sale", "latestTransDate": "2020-02-28", "positionDirect": 4550000, "positionDirectDate": "2020-02-28"}, {"maxAge": 1, "name": "Verma (Sanjeev)", "relation": "Director", "url": "", "transactionDescription": "Other", "latestTransDate": "2020-09-11", "positionDirect": 70454, "positionDirectDate": "2020-09-11"}], "maxAge": 1}, "earnings": {"maxAge": 86400, "earningsChart": {"quarterly": [], "earningsDate": ["2020-02-14 05:30:S"]}, "financialsChart": {"yearly": [{"date": 2017, "revenue": 7796300000, "earnings": 103300000}, {"date": 2018, "revenue": 7334500000, "earnings": 149300000}, {"date": 2019, "revenue": 18527400000, "earnings": -787700000}, {"date": 2020, "revenue": 49939200000, "earnings": 411200000}], "quarterly": [{"date": "3Q2019", "revenue": 12586700000, "earnings": 355000000}, {"date": "4Q2019", "revenue": 12576900000, "earnings": -491600000}, {"date": "1Q2020", "revenue": 12496900000, "earnings": 412200000}, {"date": "2Q2020", "revenue": 9938600000, "earnings": 43300000}]}, "financialCurrency": "INR"}, "calendarEvents": {"maxAge": 1, "earnings": {"earningsDate": ["2020-02-14 05:30:S"]}}, "price": {"maxAge": 1, "regularMarketChangePercent": -0.02263108, "regularMarketChange": -36.649902, "regularMarketTime": "2021-04-30 15:09:47", "priceHint": 2, "regularMarketPrice": 1582.8, "regularMarketDayHigh": 1627.55, "regularMarketDayLow": 1582.5, "regularMarketVolume": 311, "averageDailyVolume10Day": 979, "averageDailyVolume3Month": 1284, "regularMarketPreviousClose": 1619.45, "regularMarketSource": "FREE_REALTIME", "regularMarketOpen": 1627.55, "exchange": "BSE", "exchangeName": "BSE", "exchangeDataDelayedBy": 0, "marketState": "CLOSED", "quoteType": "EQUITY", "symbol": "AGCNET.BO", "underlyingSymbol": null, "shortName": "AGC NETWORKS LIMITED", "longName": "AGC Networks Limited", "currency": "INR", "quoteSourceName": "Delayed Quote", "currencySymbol": "\u20b9", "fromCurrency": null, "toCurrency": null, "lastMarket": null, "marketCap": 47191343104}, "balanceSheetHistory": {"balanceSheetStatements": [{"maxAge": 1, "endDate": "2020-03-31", "cash": 3694400000, "shortTermInvestments": 3852100000, "netReceivables": 3806800000, "inventory": 1365600000, "otherCurrentAssets": 3118700000, "totalCurrentAssets": 15837600000, "longTermInvestments": 532400000, "propertyPlantEquipment": 2492700000, "goodWill": 2342400000, "intangibleAssets": 426000000, "otherAssets": 1721100000, "deferredLongTermAssetCharges": 202700000, "totalAssets": 23352200000, "accountsPayable": 5471300000, "otherCurrentLiab": 11205100000, "longTermDebt": 152100000, "otherLiab": 2607900000, "totalCurrentLiabilities": 19882800000, "totalLiab": 23830400000, "commonStock": 297500000, "treasuryStock": -775700000, "otherStockholderEquity": -775700000, "totalStockholderEquity": -478200000, "netTangibleAssets": -3246600000}, {"maxAge": 1, "endDate": "2019-03-31", "cash": 2059400000, "shortTermInvestments": 641300000, "netReceivables": 8961600000, "inventory": 1508400000, "otherCurrentAssets": 4768600000, "totalCurrentAssets": 18976900000, "longTermInvestments": 73900000, "propertyPlantEquipment": 1559900000, "goodWill": 2053700000, "intangibleAssets": 381000000, "otherAssets": 1267100000, "deferredLongTermAssetCharges": 319800000, "totalAssets": 24312500000, "accountsPayable": 5619200000, "shortLongTermDebt": 103600000, "otherCurrentLiab": 4668200000, "longTermDebt": 5868900000, "otherLiab": 1948300000, "totalCurrentLiabilities": 16284700000, "totalLiab": 24125800000, "commonStock": 297400000, "retainedEarnings": -971200000, "treasuryStock": 402200000, "capitalSurplus": 458300000, "otherStockholderEquity": 402200000, "totalStockholderEquity": 186700000, "netTangibleAssets": -2248000000}, {"maxAge": 1, "endDate": "2018-03-31", "cash": 92200000, "netReceivables": 2496900000, "inventory": 310100000, "otherCurrentAssets": 986500000, "totalCurrentAssets": 3961000000, "propertyPlantEquipment": 230600000, "goodWill": 837600000, "intangibleAssets": 67400000, "otherAssets": 707600000, "deferredLongTermAssetCharges": 10400000, "totalAssets": 5804200000, "accountsPayable": 1388600000, "shortLongTermDebt": 48100000, "otherCurrentLiab": 1333300000, "longTermDebt": 192500000, "otherLiab": 268800000, "deferredLongTermLiab": 200000, "totalCurrentLiabilities": 4436700000, "totalLiab": 4903100000, "commonStock": 284700000, "retainedEarnings": -220500000, "treasuryStock": 374400000, "capitalSurplus": 321000000, "otherStockholderEquity": 374400000, "totalStockholderEquity": 759600000, "netTangibleAssets": -145400000}, {"maxAge": 1, "endDate": "2017-03-31", "cash": 159600000, "netReceivables": 2172500000, "inventory": 186000000, "otherCurrentAssets": 1235000000, "totalCurrentAssets": 3816100000, "propertyPlantEquipment": 234500000, "goodWill": 816500000, "intangibleAssets": 57500000, "otherAssets": 962300000, "totalAssets": 5886900000, "accountsPayable": 1432500000, "otherCurrentLiab": 1281100000, "otherLiab": 250500000, "deferredLongTermLiab": 600000, "totalCurrentLiabilities": 4922500000, "totalLiab": 5188000000, "commonStock": 284700000, "retainedEarnings": -368300000, "treasuryStock": 367400000, "capitalSurplus": 321000000, "otherStockholderEquity": 367400000, "totalStockholderEquity": 604800000, "netTangibleAssets": -269200000}], "maxAge": 86400}, "earningsTrend": {"trend": [{"maxAge": 1, "period": "0q", "endDate": null, "growth": {}, "earningsEstimate": {"avg": 0.0, "low": 0.0, "high": 0.0, "yearAgoEps": {}, "numberOfAnalysts": 0, "growth": {}}, "revenueEstimate": {"avg": 0, "low": 0, "high": 0, "numberOfAnalysts": 0, "yearAgoRevenue": {}, "growth": {}}, "epsTrend": {"current": 0.0, "7daysAgo": 0.0, "30daysAgo": 0.0, "60daysAgo": 0.0, "90daysAgo": 0.0}, "epsRevisions": {"upLast7days": 0, "upLast30days": 0, "downLast30days": 0, "downLast90days": {}}}, {"maxAge": 1, "period": "+1q", "endDate": null, "growth": {}, "earningsEstimate": {"avg": 0.0, "low": 0.0, "high": 0.0, "yearAgoEps": {}, "numberOfAnalysts": 0, "growth": {}}, "revenueEstimate": {"avg": 0, "low": 0, "high": 0, "numberOfAnalysts": 0, "yearAgoRevenue": {}, "growth": {}}, "epsTrend": {"current": 0.0, "7daysAgo": 0.0, "30daysAgo": 0.0, "60daysAgo": 0.0, "90daysAgo": 0.0}, "epsRevisions": {"upLast7days": 0, "upLast30days": 0, "downLast30days": 0, "downLast90days": {}}}, {"maxAge": 1, "period": "0y", "endDate": null, "growth": {}, "earningsEstimate": {"avg": 0.0, "low": 0.0, "high": 0.0, "yearAgoEps": {}, "numberOfAnalysts": 0, "growth": {}}, "revenueEstimate": {"avg": 0, "low": 0, "high": 0, "numberOfAnalysts": 0, "yearAgoRevenue": {}, "growth": {}}, "epsTrend": {"current": 0.0, "7daysAgo": 0.0, "30daysAgo": 0.0, "60daysAgo": 0.0, "90daysAgo": 0.0}, "epsRevisions": {"upLast7days": 0, "upLast30days": 0, "downLast30days": 0, "downLast90days": {}}}, {"maxAge": 1, "period": "+1y", "endDate": null, "growth": {}, "earningsEstimate": {"avg": 0.0, "low": 0.0, "high": 0.0, "yearAgoEps": {}, "numberOfAnalysts": 0, "growth": {}}, "revenueEstimate": {"avg": 0, "low": 0, "high": 0, "numberOfAnalysts": 0, "yearAgoRevenue": {}, "growth": {}}, "epsTrend": {"current": 0.0, "7daysAgo": 0.0, "30daysAgo": 0.0, "60daysAgo": 0.0, "90daysAgo": 0.0}, "epsRevisions": {"upLast7days": 0, "upLast30days": 0, "downLast30days": 0, "downLast90days": {}}}, {"maxAge": 1, "period": "+5y", "endDate": null, "growth": {}, "earningsEstimate": {"avg": {}, "low": {}, "high": {}, "yearAgoEps": {}, "numberOfAnalysts": {}, "growth": {}}, "revenueEstimate": {"avg": {}, "low": {}, "high": {}, "numberOfAnalysts": {}, "yearAgoRevenue": {}, "growth": {}}, "epsTrend": {"current": {}, "7daysAgo": {}, "30daysAgo": {}, "60daysAgo": {}, "90daysAgo": {}}, "epsRevisions": {"upLast7days": {}, "upLast30days": {}, "downLast30days": {}, "downLast90days": {}}}, {"maxAge": 1, "period": "-5y", "endDate": null, "growth": {}, "earningsEstimate": {"avg": {}, "low": {}, "high": {}, "yearAgoEps": {}, "numberOfAnalysts": {}, "growth": {}}, "revenueEstimate": {"avg": {}, "low": {}, "high": {}, "numberOfAnalysts": {}, "yearAgoRevenue": {}, "growth": {}}, "epsTrend": {"current": {}, "7daysAgo": {}, "30daysAgo": {}, "60daysAgo": {}, "90daysAgo": {}}, "epsRevisions": {"upLast7days": {}, "upLast30days": {}, "downLast30days": {}, "downLast90days": {}}}], "maxAge": 1}, "financialData": {"maxAge": 86400, "currentPrice": 1582.8, "targetHighPrice": 132.0, "targetLowPrice": 132.0, "targetMeanPrice": 132.0, "targetMedianPrice": 132.0, "recommendationKey": "none", "numberOfAnalystOpinions": 1, "grossProfits": 7318300000, "financialCurrency": "INR"}}}