{"AGIIL.BO": {"cashflowStatementHistory": {"cashflowStatements": [{"maxAge": 1, "endDate": "2020-03-31", "netIncome": 150533929, "depreciation": 42435596, "changeToNetincome": 100491400, "changeToAccountReceivables": 74810538, "changeToLiabilities": -51621906, "changeToInventory": -1017232396, "changeToOperatingActivities": 1013383270, "totalCashFromOperatingActivities": 313104559, "capitalExpenditures": -35596126, "investments": -39963758, "otherCashflowsFromInvestingActivities": 1113489, "totalCashflowsFromInvestingActivities": -74446395, "netBorrowings": -89492310, "otherCashflowsFromFinancingActivities": -125714488, "totalCashFromFinancingActivities": -215206798, "changeInCash": 23451365}, {"maxAge": 1, "endDate": "2019-03-31", "netIncome": 92777446, "depreciation": 41457237, "changeToNetincome": 55647458, "changeToAccountReceivables": -89689497, "changeToLiabilities": 77318790, "changeToInventory": -977937208, "changeToOperatingActivities": 712191127, "totalCashFromOperatingActivities": -88029097, "capitalExpenditures": -131237156, "investments": 38865109, "otherCashflowsFromInvestingActivities": 2540409, "totalCashflowsFromInvestingActivities": -89831638, "netBorrowings": 222630742, "otherCashflowsFromFinancingActivities": -84500896, "totalCashFromFinancingActivities": 138129846, "changeInCash": -39730889}, {"maxAge": 1, "endDate": "2018-03-31", "netIncome": 116519021, "depreciation": 34671830, "changeToNetincome": 69934979, "changeToAccountReceivables": 1532000, "changeToLiabilities": 24120000, "changeToInventory": -309714000, "changeToOperatingActivities": 143108000, "totalCashFromOperatingActivities": 80211000, "capitalExpenditures": -72853000, "investments": -203401000, "otherCashflowsFromInvestingActivities": 1713000, "totalCashflowsFromInvestingActivities": -274541000, "netBorrowings": 378245000, "otherCashflowsFromFinancingActivities": -76338000, "totalCashFromFinancingActivities": 301907000, "changeInCash": 107577000}, {"maxAge": 1, "endDate": "2017-03-31", "netIncome": 52100007, "depreciation": 24830000, "changeToNetincome": 57227997, "changeToAccountReceivables": -15004000, "changeToLiabilities": -11378000, "changeToInventory": 372546000, "changeToOperatingActivities": -474830000, "totalCashFromOperatingActivities": 5491999, "capitalExpenditures": -53859000, "investments": -11432000, "otherCashflowsFromInvestingActivities": 981000, "totalCashflowsFromInvestingActivities": -64310000, "netBorrowings": 130861000, "otherCashflowsFromFinancingActivities": -65095000, "totalCashFromFinancingActivities": 65766000, "changeInCash": 6948000}], "maxAge": 86400}, "institutionOwnership": {"ownershipList": [], "maxAge": 1}, "balanceSheetHistoryQuarterly": {"balanceSheetStatements": [{"maxAge": 1, "endDate": "2020-06-30", "totalStockholderEquity": 682743000, "netTangibleAssets": 682566000}, {"maxAge": 1, "endDate": "2020-03-31", "cash": 127875904, "shortTermInvestments": 4607472, "netReceivables": 88072044, "inventory": 3228087734, "otherCurrentAssets": 64028880, "totalCurrentAssets": 3513836144, "longTermInvestments": 9970129, "propertyPlantEquipment": 157994792, "intangibleAssets": 177393, "otherAssets": 319887494, "deferredLongTermAssetCharges": 11283359, "totalAssets": 4001865952, "accountsPayable": 121381351, "shortLongTermDebt": 405365480, "otherCurrentLiab": 2134083369, "longTermDebt": 644560892, "otherLiab": 1293508, "totalCurrentLiabilities": 2673680868, "totalLiab": 3319535268, "commonStock": 102167200, "retainedEarnings": 435519484, "treasuryStock": 22500000, "capitalSurplus": 122144000, "otherStockholderEquity": 22500000, "totalStockholderEquity": 682330684, "netTangibleAssets": 682153291}, {"maxAge": 1, "endDate": "2019-12-31", "totalStockholderEquity": 650834000, "netTangibleAssets": 650402000}, {"maxAge": 1, "endDate": "2019-09-30", "cash": 83394000, "netReceivables": 92637000, "inventory": 2590660000, "otherCurrentAssets": 142184000, "totalCurrentAssets": 2908875000, "longTermInvestments": 2254000, "propertyPlantEquipment": 156635000, "intangibleAssets": 432000, "otherAssets": 317830000, "deferredLongTermAssetCharges": 10888000, "totalAssets": 3386026000, "accountsPayable": 118151000, "shortLongTermDebt": 215563000, "otherCurrentLiab": 1464709000, "longTermDebt": 932532000, "otherLiab": 4237000, "totalCurrentLiabilities": 1798423000, "totalLiab": 2735192000, "commonStock": 102167000, "treasuryStock": 548667000, "otherStockholderEquity": 548667000, "totalStockholderEquity": 650834000, "netTangibleAssets": 650402000}], "maxAge": 86400}, "indexTrend": {"maxAge": 1, "symbol": "SP5", "peRatio": 19.7411, "pegRatio": 1.34172, "estimates": [{"period": "0q", "growth": 0.549}, {"period": "+1q", "growth": 0.431}, {"period": "0y", "growth": 0.305}, {"period": "+1y", "growth": 0.109}, {"period": "+5y", "growth": 0.120859005}, {"period": "-5y"}]}, "quoteType": {"exchange": "BSE", "quoteType": "EQUITY", "symbol": "AGIIL.BO", "underlyingSymbol": "AGIIL.BO", "shortName": "AGI Infra Limited", "longName": "AGI Infra Limited", "firstTradeDateEpochUtc": "2015-03-27 09:15:00", "timeZoneFullName": "Asia/Kolkata", "timeZoneShortName": "IST", "uuid": "84c7f2a4-24a7-33a6-8f26-e39f33094c91", "gmtOffSetMilliseconds": 19800000, "maxAge": 1}, "incomeStatementHistory": {"incomeStatementHistory": [{"maxAge": 1, "endDate": "2020-03-31", "totalRevenue": 918103564, "costOfRevenue": 226987174, "grossProfit": 691116390, "researchDevelopment": {}, "sellingGeneralAdministrative": 215570325, "nonRecurring": {}, "otherOperatingExpenses": 126066699, "totalOperatingExpenses": 611363970, "operatingIncome": 306739594, "totalOtherIncomeExpenseNet": -124600999, "ebit": 306739594, "interestExpense": -125714489, "incomeBeforeTax": 182138595, "incomeTaxExpense": 31604666, "minorityInterest": {}, "netIncomeFromContinuingOps": 150533929, "discontinuedOperations": {}, "extraordinaryItems": {}, "effectOfAccountingCharges": {}, "otherItems": {}, "netIncome": 150533929, "netIncomeApplicableToCommonShares": 150533929}, {"maxAge": 1, "endDate": "2019-03-31", "totalRevenue": 806349763, "costOfRevenue": 303564918, "grossProfit": 502784845, "researchDevelopment": {}, "sellingGeneralAdministrative": 115199621, "nonRecurring": {}, "otherOperatingExpenses": 148058840, "totalOperatingExpenses": 608486166, "operatingIncome": 197863597, "totalOtherIncomeExpenseNet": -81962407, "ebit": 197863597, "interestExpense": -84502816, "incomeBeforeTax": 115901190, "incomeTaxExpense": 23123744, "minorityInterest": {}, "netIncomeFromContinuingOps": 92777446, "discontinuedOperations": {}, "extraordinaryItems": {}, "effectOfAccountingCharges": {}, "otherItems": {}, "netIncome": 92777446, "netIncomeApplicableToCommonShares": 92777446}, {"maxAge": 1, "endDate": "2018-03-31", "totalRevenue": 1222901495, "costOfRevenue": 663970140, "grossProfit": 558931355, "researchDevelopment": {}, "sellingGeneralAdministrative": 164109891, "nonRecurring": {}, "otherOperatingExpenses": 134866974, "totalOperatingExpenses": 997658021, "operatingIncome": 225243474, "totalOtherIncomeExpenseNet": -74624821, "ebit": 225243474, "interestExpense": -76338297, "incomeBeforeTax": 150618653, "incomeTaxExpense": 34099632, "minorityInterest": {}, "netIncomeFromContinuingOps": 116519021, "discontinuedOperations": {}, "extraordinaryItems": {}, "effectOfAccountingCharges": {}, "otherItems": {}, "netIncome": 116519021, "netIncomeApplicableToCommonShares": 116519021}, {"maxAge": 1, "endDate": "2017-03-31", "totalRevenue": 1462290531, "costOfRevenue": 1099852915, "grossProfit": 362437616, "researchDevelopment": {}, "sellingGeneralAdministrative": 115441992, "nonRecurring": {}, "otherOperatingExpenses": 76809186, "totalOperatingExpenses": 1316934418, "operatingIncome": 145356113, "totalOtherIncomeExpenseNet": -66367531, "ebit": 145356113, "interestExpense": -67349388, "incomeBeforeTax": 78988582, "incomeTaxExpense": 26888575, "minorityInterest": {}, "netIncomeFromContinuingOps": 52100007, "discontinuedOperations": {}, "extraordinaryItems": {}, "effectOfAccountingCharges": {}, "otherItems": {}, "netIncome": 52100007, "netIncomeApplicableToCommonShares": 52100007}], "maxAge": 86400}, "fundOwnership": {"ownershipList": [], "maxAge": 1}, "summaryDetail": {"maxAge": 1, "priceHint": 2, "previousClose": 69.85, "open": 70.0, "dayLow": 68.0, "dayHigh": 71.5, "regularMarketPreviousClose": 69.85, "regularMarketOpen": 70.0, "regularMarketDayLow": 68.0, "regularMarketDayHigh": 71.5, "trailingPE": 5.2080193, "volume": 42600, "regularMarketVolume": 42600, "averageVolume": 2385, "averageVolume10days": 436, "averageDailyVolume10Day": 436, "bid": 67.2, "ask": 70.0, "bidSize": 0, "askSize": 0, "marketCap": 705973952, "fiftyTwoWeekLow": 37.7, "fiftyTwoWeekHigh": 71.5, "fiftyDayAverage": 59.63333, "twoHundredDayAverage": 54.97978, "trailingAnnualDividendRate": 1.0, "trailingAnnualDividendYield": 0.014316392, "currency": "INR", "fromCurrency": null, "lastMarket": null, "algorithm": null, "tradeable": false}, "incomeStatementHistoryQuarterly": {"incomeStatementHistory": [{"maxAge": 1, "endDate": "2020-06-30", "totalRevenue": 175041000, "costOfRevenue": 59318000, "grossProfit": 115723000, "researchDevelopment": {}, "sellingGeneralAdministrative": 35196000, "nonRecurring": {}, "otherOperatingExpenses": 11775000, "totalOperatingExpenses": 115618000, "operatingIncome": 59423000, "totalOtherIncomeExpenseNet": -30574000, "ebit": 59423000, "interestExpense": -30574000, "incomeBeforeTax": 28849000, "incomeTaxExpense": 5100000, "minorityInterest": {}, "netIncomeFromContinuingOps": 23749000, "discontinuedOperations": {}, "extraordinaryItems": {}, "effectOfAccountingCharges": {}, "otherItems": {}, "netIncome": 23749000, "netIncomeApplicableToCommonShares": 23749000}, {"maxAge": 1, "endDate": "2020-03-31", "totalRevenue": 162478564, "costOfRevenue": 4683174, "grossProfit": 157795390, "researchDevelopment": {}, "sellingGeneralAdministrative": 57886325, "nonRecurring": {}, "otherOperatingExpenses": 11290699, "totalOperatingExpenses": 81499970, "operatingIncome": 80978594, "totalOtherIncomeExpenseNet": -43229999, "ebit": 80978594, "interestExpense": -31452489, "incomeBeforeTax": 37748595, "incomeTaxExpense": 6104666, "minorityInterest": {}, "netIncomeFromContinuingOps": 31643929, "discontinuedOperations": {}, "extraordinaryItems": {}, "effectOfAccountingCharges": {}, "otherItems": {}, "netIncome": 31643929, "netIncomeApplicableToCommonShares": 31643929}, {"maxAge": 1, "endDate": "2019-12-31", "totalRevenue": 282654000, "costOfRevenue": 63978000, "grossProfit": 218676000, "researchDevelopment": {}, "sellingGeneralAdministrative": 61341000, "nonRecurring": {}, "otherOperatingExpenses": 56472000, "totalOperatingExpenses": 195205000, "operatingIncome": 87449000, "totalOtherIncomeExpenseNet": -38390000, "ebit": 87449000, "interestExpense": -42876000, "incomeBeforeTax": 49059000, "incomeTaxExpense": 8800000, "minorityInterest": {}, "netIncomeFromContinuingOps": 40259000, "discontinuedOperations": {}, "extraordinaryItems": {}, "effectOfAccountingCharges": {}, "otherItems": {}, "netIncome": 40259000, "netIncomeApplicableToCommonShares": 40259000}, {"maxAge": 1, "endDate": "2019-09-30", "totalRevenue": 251868000, "costOfRevenue": 69445000, "grossProfit": 182423000, "researchDevelopment": {}, "sellingGeneralAdministrative": 64938000, "nonRecurring": {}, "otherOperatingExpenses": 35877000, "totalOperatingExpenses": 181322000, "operatingIncome": 70546000, "totalOtherIncomeExpenseNet": -20865000, "ebit": 70546000, "interestExpense": -25775000, "incomeBeforeTax": 49681000, "incomeTaxExpense": 9700000, "minorityInterest": {}, "netIncomeFromContinuingOps": 39981000, "discontinuedOperations": {}, "extraordinaryItems": {}, "effectOfAccountingCharges": {}, "otherItems": {}, "netIncome": 39981000, "netIncomeApplicableToCommonShares": 39981000}], "maxAge": 86400}, "cashflowStatementHistoryQuarterly": {"cashflowStatements": [{"maxAge": 1, "endDate": "2020-06-30", "netIncome": 23749000, "changeToLiabilities": 0}, {"maxAge": 1, "endDate": "2020-03-31", "netIncome": 31643929, "changeToLiabilities": 0}, {"maxAge": 1, "endDate": "2019-12-31", "netIncome": 40259000, "changeToLiabilities": 0}, {"maxAge": 1, "endDate": "2019-09-30", "netIncome": 39981000, "changeToLiabilities": 0}], "maxAge": 86400}, "insiderHolders": {"holders": [], "maxAge": 1}, "calendarEvents": {"maxAge": 1, "earnings": {"earningsDate": ["2020-08-29 05:30:S"]}}, "upgradeDowngradeHistory": {"history": [], "maxAge": 86400}, "price": {"maxAge": 1, "regularMarketChangePercent": -0.010737294, "regularMarketChange": -0.75, "regularMarketTime": "2021-04-30 15:52:21", "priceHint": 2, "regularMarketPrice": 69.1, "regularMarketDayHigh": 71.5, "regularMarketDayLow": 68.0, "regularMarketVolume": 42600, "averageDailyVolume10Day": 436, "averageDailyVolume3Month": 2385, "regularMarketPreviousClose": 69.85, "regularMarketSource": "FREE_REALTIME", "regularMarketOpen": 70.0, "exchange": "BSE", "exchangeName": "BSE", "exchangeDataDelayedBy": 0, "marketState": "CLOSED", "quoteType": "EQUITY", "symbol": "AGIIL.BO", "underlyingSymbol": null, "shortName": "AGI Infra Limited", "longName": "AGI Infra Limited", "currency": "INR", "quoteSourceName": "Delayed Quote", "currencySymbol": "\u20b9", "fromCurrency": null, "lastMarket": null, "marketCap": 705973952}, "balanceSheetHistory": {"balanceSheetStatements": [{"maxAge": 1, "endDate": "2020-03-31", "cash": 127875904, "shortTermInvestments": 4607472, "netReceivables": 88072044, "inventory": 3228087734, "otherCurrentAssets": 64028880, "totalCurrentAssets": 3513836144, "longTermInvestments": 9970129, "propertyPlantEquipment": 157994792, "intangibleAssets": 177393, "otherAssets": 319887494, "deferredLongTermAssetCharges": 11283359, "totalAssets": 4001865952, "accountsPayable": 121381351, "shortLongTermDebt": 405365480, "otherCurrentLiab": 2134083369, "longTermDebt": 644560892, "otherLiab": 1293508, "totalCurrentLiabilities": 2673680868, "totalLiab": 3319535268, "commonStock": 102167200, "retainedEarnings": 435519484, "treasuryStock": 22500000, "capitalSurplus": 122144000, "otherStockholderEquity": 22500000, "totalStockholderEquity": 682330684, "netTangibleAssets": 682153291}, {"maxAge": 1, "endDate": "2019-03-31", "cash": 101946053, "shortTermInvestments": 8085958, "netReceivables": 157984492, "inventory": 2210855338, "otherCurrentAssets": 43585797, "totalCurrentAssets": 2523252582, "longTermInvestments": 2236178, "propertyPlantEquipment": 164834313, "intangibleAssets": 481519, "otherAssets": 279528401, "deferredLongTermAssetCharges": 10888024, "totalAssets": 2970332993, "accountsPayable": 173003256, "shortLongTermDebt": 288600772, "otherCurrentLiab": 1083763842, "longTermDebt": 850817909, "otherLiab": 4236603, "totalCurrentLiabilities": 1559767410, "totalLiab": 2414821922, "commonStock": 102167200, "retainedEarnings": 316199871, "treasuryStock": 15000000, "capitalSurplus": 122144000, "otherStockholderEquity": 15000000, "totalStockholderEquity": 555511071, "netTangibleAssets": 555029552}, {"maxAge": 1, "endDate": "2018-03-31", "cash": 145472488, "shortTermInvestments": 3290412, "netReceivables": 81776102, "inventory": 1232918130, "otherCurrentAssets": 48440129, "totalCurrentAssets": 1513098407, "longTermInvestments": 6823489, "propertyPlantEquipment": 143812189, "intangibleAssets": 139070, "otherAssets": 247307458, "deferredLongTermAssetCharges": 8011768, "totalAssets": 1911180613, "accountsPayable": 95684466, "shortLongTermDebt": 221817227, "otherCurrentLiab": 399234125, "longTermDebt": 694970712, "otherLiab": 2108224, "totalCurrentLiabilities": 727931278, "totalLiab": 1425010214, "commonStock": 102167200, "retainedEarnings": 254359199, "treasuryStock": 7500000, "capitalSurplus": 122144000, "otherStockholderEquity": 7500000, "totalStockholderEquity": 486170399, "netTangibleAssets": 486031329}, {"maxAge": 1, "endDate": "2017-03-31", "cash": 39842137, "shortTermInvestments": 1343804, "netReceivables": 38672048, "inventory": 923204000, "otherCurrentAssets": 39835736, "totalCurrentAssets": 1043470506, "longTermInvestments": 5919294, "propertyPlantEquipment": 105809145, "otherAssets": 40496110, "deferredLongTermAssetCharges": 4609400, "totalAssets": 1195695055, "accountsPayable": 71556711, "shortLongTermDebt": 141465182, "otherCurrentLiab": 192179067, "longTermDebt": 397077656, "otherLiab": 1462451, "totalCurrentLiabilities": 426222946, "totalLiab": 824763053, "commonStock": 102167200, "retainedEarnings": 146620802, "capitalSurplus": 122144000, "totalStockholderEquity": 370932002, "netTangibleAssets": 370932002}], "maxAge": 86400}, "financialData": {"maxAge": 86400, "currentPrice": 69.1, "recommendationKey": "none", "grossProfits": 691116390, "financialCurrency": "INR"}}}