{"AGROPHOS.NS": {"assetProfile": {"address1": "M-87, Trade Centre 18M", "address2": "South Tukoganj", "city": "Indore", "zip": "452001", "country": "India", "phone": "91 73 1252 9488", "website": "http://www.agrophos.com", "industry": "Agricultural Inputs", "sector": "Basic Materials", "longBusinessSummary": "Agro Phos (India) Limited manufactures and sells fertilizers and agrochemical products in India. The company offers single super phosphate, nitrogen phosphate and potassium ferrous sulphate, copper and zinc sulphate, organic manure, and calcium sulphate. It also trades in diammoium phosphate, urea, ammonium sulphate, and other fertilizers. The company was incorporated in 2002 and is headquartered in Indore, India.", "fullTimeEmployees": 49, "companyOfficers": [{"maxAge": 1, "name": "Mr. Raj Kumar Gupta", "age": 45, "title": "Chairman & MD", "yearBorn": 1975, "fiscalYear": 2020, "totalPay": 3000000, "exercisedValue": 0, "unexercisedValue": 0}, {"maxAge": 1, "name": "Mr. Vishnu Kant Gupta", "age": 40, "title": "CFO & Whole Time Director", "yearBorn": 1980, "fiscalYear": 2020, "totalPay": 1800000, "exercisedValue": 0, "unexercisedValue": 0}, {"maxAge": 1, "name": "Mr. Sumit  Sharma C.S.", "title": "Company Sec.", "fiscalYear": 2020, "totalPay": 276319, "exercisedValue": 0, "unexercisedValue": 0}], "compensationAsOfEpochDate": "2020-12-31 05:30:00", "maxAge": 86400}, "cashflowStatementHistory": {"cashflowStatements": [{"maxAge": 1, "endDate": "2020-03-31", "netIncome": 39218000, "depreciation": 11291000, "changeToNetincome": 27679000, "changeToAccountReceivables": -70667000, "changeToLiabilities": 102529000, "changeToInventory": -78777000, "totalCashFromOperatingActivities": 31326000, "capitalExpenditures": -3482000, "investments": 4186000, "otherCashflowsFromInvestingActivities": 1195000, "totalCashflowsFromInvestingActivities": 1899000, "netBorrowings": -10035000, "otherCashflowsFromFinancingActivities": -23244000, "totalCashFromFinancingActivities": -33279000, "changeInCash": -54000}, {"maxAge": 1, "endDate": "2019-03-31", "netIncome": 8279000, "depreciation": 10748000, "changeToNetincome": 27519000, "changeToAccountReceivables": 60767000, "changeToLiabilities": -46489000, "changeToInventory": -36024000, "totalCashFromOperatingActivities": 24800000, "capitalExpenditures": -5942000, "investments": 589000, "otherCashflowsFromInvestingActivities": 295000, "totalCashflowsFromInvestingActivities": -5058000, "dividendsPaid": -1220000, "netBorrowings": 7391000, "otherCashflowsFromFinancingActivities": -25341000, "totalCashFromFinancingActivities": -19170000, "changeInCash": 572000}, {"maxAge": 1, "endDate": "2018-03-31", "netIncome": 13584000, "depreciation": 10633000, "changeToNetincome": 26938000, "changeToAccountReceivables": 48427000, "changeToLiabilities": -78856000, "changeToInventory": -24849000, "totalCashFromOperatingActivities": -4123000, "capitalExpenditures": -2422000, "investments": 589000, "otherCashflowsFromInvestingActivities": 53020000, "totalCashflowsFromInvestingActivities": 50995000, "dividendsPaid": -1220000, "netBorrowings": -40759000, "otherCashflowsFromFinancingActivities": -26140000, "totalCashFromFinancingActivities": -66899000, "changeInCash": -20027000}, {"maxAge": 1, "endDate": "2017-03-31", "netIncome": 11983771, "depreciation": 10538738, "changeToNetincome": 35946868, "changeToAccountReceivables": -142792054, "changeToLiabilities": 15938000, "changeToInventory": 2626971, "totalCashFromOperatingActivities": -65757706, "capitalExpenditures": -2263231, "investments": -3500000, "otherCashflowsFromInvestingActivities": -18791321, "totalCashflowsFromInvestingActivities": -24554552, "dividendsPaid": -1220000, "netBorrowings": 13389808, "otherCashflowsFromFinancingActivities": -32162815, "totalCashFromFinancingActivities": 110586993, "changeInCash": 20274736, "issuanceOfStock": 129360000}], "maxAge": 86400}, "institutionOwnership": {"maxAge": 1, "ownershipList": []}, "majorHoldersBreakdown": {"maxAge": 1}, "balanceSheetHistoryQuarterly": {"balanceSheetStatements": [{"maxAge": 1, "endDate": "2020-12-31", "totalStockholderEquity": 400123129, "netTangibleAssets": 399703417}, {"maxAge": 1, "endDate": "2020-09-30", "cash": 13698617, "netReceivables": 382456955, "inventory": 247053322, "otherCurrentAssets": 53069542, "totalCurrentAssets": 696278436, "longTermInvestments": 662088, "propertyPlantEquipment": 131696752, "intangibleAssets": 419712, "otherAssets": 3182728, "totalAssets": 832239716, "accountsPayable": 182475829, "otherCurrentLiab": 32380237, "longTermDebt": 28939227, "otherLiab": 24303103, "totalCurrentLiabilities": 378874257, "totalLiab": 432116587, "commonStock": 202741150, "treasuryStock": 197381979, "otherStockholderEquity": 197381979, "totalStockholderEquity": 400123129, "netTangibleAssets": 399703417}, {"maxAge": 1, "endDate": "2020-06-30", "totalStockholderEquity": 384206000, "netTangibleAssets": 383734000}, {"maxAge": 1, "endDate": "2020-03-31", "cash": 1244000, "netReceivables": 359491000, "inventory": 268952000, "otherCurrentAssets": 69587000, "totalCurrentAssets": 699460000, "propertyPlantEquipment": 133732000, "intangibleAssets": 472000, "otherAssets": 3911000, "totalAssets": 837575000, "accountsPayable": 205457000, "shortLongTermDebt": 8139000, "otherCurrentLiab": 36745000, "longTermDebt": 2295000, "otherLiab": 26986000, "totalCurrentLiabilities": 424088000, "totalLiab": 453369000, "commonStock": 202741000, "retainedEarnings": 108905000, "treasuryStock": 2000000, "capitalSurplus": 70560000, "otherStockholderEquity": 2000000, "totalStockholderEquity": 384206000, "netTangibleAssets": 383734000}], "maxAge": 86400}, "indexTrend": {"maxAge": 1, "symbol": "SP5", "peRatio": 19.7411, "pegRatio": 1.34172, "estimates": [{"period": "0q", "growth": 0.549}, {"period": "+1q", "growth": 0.431}, {"period": "0y", "growth": 0.305}, {"period": "+1y", "growth": 0.109}, {"period": "+5y", "growth": 0.120865}, {"period": "-5y"}]}, "defaultKeyStatistics": {"maxAge": 1, "priceHint": 2, "enterpriseValue": 416190048, "profitMargins": 0.06695, "floatShares": 7775923, "sharesOutstanding": 20274100, "beta": 2.583216, "category": null, "bookValue": 19.661, "priceToBook": 0.5925436, "fundFamily": null, "legalType": null, "lastFiscalYearEnd": "2020-03-31 05:30:00", "nextFiscalYearEnd": "2022-03-31 05:30:00", "mostRecentQuarter": "2020-12-31 05:30:00", "earningsQuarterlyGrowth": -0.347, "netIncomeToCommon": 32218000, "trailingEps": 1.588, "lastSplitFactor": null, "enterpriseToRevenue": 0.865, "enterpriseToEbitda": 5.844, "52WeekChange": 0.0355556, "SandP52WeekChange": 0.48148263, "lastDividendValue": 0.05, "lastDividendDate": 1537747200}, "summaryProfile": {"address1": "M-87, Trade Centre 18M", "address2": "South Tukoganj", "city": "Indore", "zip": "452001", "country": "India", "phone": "91 73 1252 9488", "website": "http://www.agrophos.com", "industry": "Agricultural Inputs", "sector": "Basic Materials", "longBusinessSummary": "Agro Phos (India) Limited manufactures and sells fertilizers and agrochemical products in India. The company offers single super phosphate, nitrogen phosphate and potassium ferrous sulphate, copper and zinc sulphate, organic manure, and calcium sulphate. It also trades in diammoium phosphate, urea, ammonium sulphate, and other fertilizers. The company was incorporated in 2002 and is headquartered in Indore, India.", "fullTimeEmployees": 49, "companyOfficers": [], "maxAge": 86400}, "netSharePurchaseActivity": {"maxAge": 1, "period": "6m", "buyInfoCount": 0, "buyInfoShares": 0, "sellInfoCount": 0, "netInfoCount": 0, "netInfoShares": 0, "totalInsiderShares": 0}, "quoteType": {"exchange": "NSI", "quoteType": "EQUITY", "symbol": "AGROPHOS.NS", "underlyingSymbol": "AGROPHOS.NS", "shortName": "AGRO PHOS INDIA LT", "longName": "Agro Phos (India) Limited", "firstTradeDateEpochUtc": "2017-03-15 09:15:00", "timeZoneFullName": "Asia/Kolkata", "timeZoneShortName": "IST", "uuid": "c4764a53-09ec-3570-bc3e-ebd922df4ba8", "messageBoardId": "finmb_289388367", "gmtOffSetMilliseconds": 19800000, "maxAge": 1}, "incomeStatementHistory": {"incomeStatementHistory": [{"maxAge": 1, "endDate": "2020-03-31", "totalRevenue": 519447000, "costOfRevenue": 475463000, "grossProfit": 43984000, "researchDevelopment": {}, "sellingGeneralAdministrative": 27046000, "nonRecurring": {}, "otherOperatingExpenses": -65500000, "totalOperatingExpenses": 448353000, "operatingIncome": 71094000, "totalOtherIncomeExpenseNet": -26380000, "ebit": 71094000, "interestExpense": -21377000, "incomeBeforeTax": 44714000, "incomeTaxExpense": 5496000, "minorityInterest": {}, "netIncomeFromContinuingOps": 39218000, "discontinuedOperations": {}, "extraordinaryItems": {}, "effectOfAccountingCharges": {}, "otherItems": {}, "netIncome": 39218000, "netIncomeApplicableToCommonShares": 39218000}, {"maxAge": 1, "endDate": "2019-03-31", "totalRevenue": 629251000, "costOfRevenue": 561599000, "grossProfit": 67652000, "researchDevelopment": {}, "sellingGeneralAdministrative": 24968000, "nonRecurring": {}, "otherOperatingExpenses": -8709000, "totalOperatingExpenses": 588606000, "operatingIncome": 40645000, "totalOtherIncomeExpenseNet": -24320000, "ebit": 40645000, "interestExpense": -21895000, "incomeBeforeTax": 16325000, "incomeTaxExpense": 8046000, "minorityInterest": {}, "netIncomeFromContinuingOps": 8279000, "discontinuedOperations": {}, "extraordinaryItems": {}, "effectOfAccountingCharges": {}, "otherItems": {}, "netIncome": 8279000, "netIncomeApplicableToCommonShares": 8279000}, {"maxAge": 1, "endDate": "2018-03-31", "totalRevenue": 504293716, "costOfRevenue": 437098000, "grossProfit": 67195716, "researchDevelopment": {}, "sellingGeneralAdministrative": 25058000, "nonRecurring": {}, "otherOperatingExpenses": -10975000, "totalOperatingExpenses": 461814000, "operatingIncome": 42479716, "totalOtherIncomeExpenseNet": -21859716, "ebit": 42479716, "interestExpense": -23548000, "incomeBeforeTax": 20620000, "incomeTaxExpense": 7036000, "minorityInterest": {}, "netIncomeFromContinuingOps": 13584000, "discontinuedOperations": {}, "extraordinaryItems": {}, "effectOfAccountingCharges": {}, "otherItems": {}, "netIncome": 13584000, "netIncomeApplicableToCommonShares": 13584000}, {"maxAge": 1, "endDate": "2017-03-31", "totalRevenue": 643814455, "costOfRevenue": 384240097, "grossProfit": 259574358, "researchDevelopment": {}, "sellingGeneralAdministrative": 21883929, "nonRecurring": {}, "otherOperatingExpenses": 173055238, "totalOperatingExpenses": 589718002, "operatingIncome": 54096453, "totalOtherIncomeExpenseNet": -25459007, "ebit": 54096453, "interestExpense": -28481077, "incomeBeforeTax": 28637446, "incomeTaxExpense": 16653675, "minorityInterest": {}, "netIncomeFromContinuingOps": 11983771, "discontinuedOperations": {}, "extraordinaryItems": {}, "effectOfAccountingCharges": {}, "otherItems": {}, "netIncome": 11983771, "netIncomeApplicableToCommonShares": 11983771}], "maxAge": 86400}, "fundOwnership": {"maxAge": 1, "ownershipList": []}, "summaryDetail": {"maxAge": 1, "priceHint": 2, "previousClose": 11.55, "open": 11.55, "dayLow": 11.2, "dayHigh": 11.9, "regularMarketPreviousClose": 11.55, "regularMarketOpen": 11.55, "regularMarketDayLow": 11.2, "regularMarketDayHigh": 11.9, "exDividendDate": "2018-09-24 05:30:00", "payoutRatio": 0.0, "beta": 2.583216, "trailingPE": 7.336272, "volume": 39752, "regularMarketVolume": 39752, "averageVolume": 52729, "averageVolume10days": 54067, "averageDailyVolume10Day": 54067, "bid": 0.0, "ask": 0.0, "bidSize": 0, "askSize": 0, "marketCap": 236193264, "fiftyTwoWeekLow": 7.45, "fiftyTwoWeekHigh": 21.0, "priceToSalesTrailing12Months": 0.49079424, "fiftyDayAverage": 11.878788, "twoHundredDayAverage": 12.399291, "trailingAnnualDividendRate": 0.05, "trailingAnnualDividendYield": 0.0043290043, "currency": "INR", "fromCurrency": null, "toCurrency": null, "lastMarket": null, "algorithm": null, "tradeable": false}, "incomeStatementHistoryQuarterly": {"incomeStatementHistory": [{"maxAge": 1, "endDate": "2020-12-31", "totalRevenue": 94100000, "costOfRevenue": 105200000, "grossProfit": -11100000, "researchDevelopment": {}, "sellingGeneralAdministrative": 5500000, "nonRecurring": {}, "otherOperatingExpenses": -43900000, "totalOperatingExpenses": 69600000, "operatingIncome": 24500000, "totalOtherIncomeExpenseNet": -4800000, "ebit": 24500000, "interestExpense": -4800000, "incomeBeforeTax": 19700000, "incomeTaxExpense": 1800000, "minorityInterest": {}, "netIncomeFromContinuingOps": 17900000, "discontinuedOperations": {}, "extraordinaryItems": {}, "effectOfAccountingCharges": {}, "otherItems": {}, "netIncome": 17900000, "netIncomeApplicableToCommonShares": 17900000}, {"maxAge": 1, "endDate": "2020-09-30", "totalRevenue": 106000000, "costOfRevenue": 118100000, "grossProfit": -12100000, "researchDevelopment": {}, "sellingGeneralAdministrative": 6500000, "nonRecurring": {}, "otherOperatingExpenses": -40600000, "totalOperatingExpenses": 86700000, "operatingIncome": 19300000, "totalOtherIncomeExpenseNet": -5700000, "ebit": 19300000, "interestExpense": -5800000, "incomeBeforeTax": 13600000, "incomeTaxExpense": 2000000, "minorityInterest": {}, "netIncomeFromContinuingOps": 11600000, "discontinuedOperations": {}, "extraordinaryItems": {}, "effectOfAccountingCharges": {}, "otherItems": {}, "netIncome": 11600000, "netIncomeApplicableToCommonShares": 11600000}, {"maxAge": 1, "endDate": "2020-06-30", "totalRevenue": 147700000, "costOfRevenue": 114100000, "grossProfit": 33600000, "researchDevelopment": {}, "sellingGeneralAdministrative": 5600000, "nonRecurring": {}, "otherOperatingExpenses": 15600000, "totalOperatingExpenses": 138000000, "operatingIncome": 9700000, "totalOtherIncomeExpenseNet": -5000000, "ebit": 9700000, "interestExpense": -5000000, "incomeBeforeTax": 4700000, "incomeTaxExpense": 300000, "minorityInterest": {}, "netIncomeFromContinuingOps": 4400000, "discontinuedOperations": {}, "extraordinaryItems": {}, "effectOfAccountingCharges": {}, "otherItems": {}, "netIncome": 4400000, "netIncomeApplicableToCommonShares": 4400000}, {"maxAge": 1, "endDate": "2020-03-31", "totalRevenue": 133447000, "costOfRevenue": 136363000, "grossProfit": -2916000, "researchDevelopment": {}, "sellingGeneralAdministrative": 8346000, "nonRecurring": {}, "otherOperatingExpenses": -20400000, "totalOperatingExpenses": 127153000, "operatingIncome": 6294000, "totalOtherIncomeExpenseNet": -9580000, "ebit": 6294000, "interestExpense": -4677000, "incomeBeforeTax": -3286000, "incomeTaxExpense": -1704000, "minorityInterest": {}, "netIncomeFromContinuingOps": -1582000, "discontinuedOperations": {}, "extraordinaryItems": {}, "effectOfAccountingCharges": {}, "otherItems": {}, "netIncome": -1582000, "netIncomeApplicableToCommonShares": -1582000}], "maxAge": 86400}, "cashflowStatementHistoryQuarterly": {"cashflowStatements": [{"maxAge": 1, "endDate": "2020-12-31", "netIncome": 17900000, "changeToLiabilities": 0}, {"maxAge": 1, "endDate": "2020-09-30", "netIncome": 11600000, "changeToLiabilities": 0}, {"maxAge": 1, "endDate": "2020-06-30", "netIncome": 4400000, "changeToLiabilities": 0}, {"maxAge": 1, "endDate": "2020-03-31", "netIncome": -1582000, "changeToLiabilities": 0}], "maxAge": 86400}, "insiderHolders": {"holders": [], "maxAge": 1}, "calendarEvents": {"maxAge": 1, "earnings": {"earningsDate": []}, "exDividendDate": "2018-09-24 05:30:00"}, "price": {"maxAge": 1, "regularMarketChangePercent": 0.008657959, "regularMarketChange": 0.09999943, "regularMarketTime": "2021-04-30 15:28:11", "priceHint": 2, "regularMarketPrice": 11.65, "regularMarketDayHigh": 11.9, "regularMarketDayLow": 11.2, "regularMarketVolume": 39752, "averageDailyVolume10Day": 54067, "averageDailyVolume3Month": 52729, "regularMarketPreviousClose": 11.55, "regularMarketSource": "FREE_REALTIME", "regularMarketOpen": 11.55, "exchange": "NSI", "exchangeName": "NSE", "exchangeDataDelayedBy": 15, "marketState": "CLOSED", "quoteType": "EQUITY", "symbol": "AGROPHOS.NS", "underlyingSymbol": null, "shortName": "AGRO PHOS INDIA LT", "longName": "Agro Phos (India) Limited", "currency": "INR", "quoteSourceName": "Delayed Quote", "currencySymbol": "\u20b9", "fromCurrency": null, "toCurrency": null, "lastMarket": null, "marketCap": 236193264}, "balanceSheetHistory": {"balanceSheetStatements": [{"maxAge": 1, "endDate": "2020-03-31", "cash": 1244000, "netReceivables": 359491000, "inventory": 268952000, "otherCurrentAssets": 69587000, "totalCurrentAssets": 699460000, "propertyPlantEquipment": 133732000, "intangibleAssets": 472000, "otherAssets": 3911000, "totalAssets": 837575000, "accountsPayable": 205457000, "shortLongTermDebt": 8139000, "otherCurrentLiab": 36745000, "longTermDebt": 2295000, "otherLiab": 26986000, "totalCurrentLiabilities": 424088000, "totalLiab": 453369000, "commonStock": 202741000, "retainedEarnings": 108905000, "treasuryStock": 2000000, "capitalSurplus": 70560000, "otherStockholderEquity": 2000000, "totalStockholderEquity": 384206000, "netTangibleAssets": 383734000}, {"maxAge": 1, "endDate": "2019-03-31", "cash": 1298000, "shortTermInvestments": 99900000, "netReceivables": 316778000, "inventory": 190175000, "otherCurrentAssets": 43942000, "totalCurrentAssets": 552315000, "longTermInvestments": 3997000, "propertyPlantEquipment": 140078000, "otherAssets": 4884000, "totalAssets": 701274000, "accountsPayable": 109835000, "shortLongTermDebt": 627000, "otherCurrentLiab": 16792000, "longTermDebt": 16158000, "otherLiab": 32261000, "totalCurrentLiabilities": 305964000, "totalLiab": 354383000, "commonStock": 202741000, "retainedEarnings": 71590000, "treasuryStock": 2000000, "capitalSurplus": 70560000, "otherStockholderEquity": 2000000, "totalStockholderEquity": 346891000, "netTangibleAssets": 346891000}, {"maxAge": 1, "endDate": "2018-03-31", "cash": 726000, "netReceivables": 394727000, "inventory": 154151000, "otherCurrentAssets": 25628000, "totalCurrentAssets": 575361000, "longTermInvestments": 3743000, "propertyPlantEquipment": 145362000, "otherAssets": 5244000, "deferredLongTermAssetCharges": 12283206, "totalAssets": 729710000, "accountsPayable": 167249000, "shortLongTermDebt": 132000, "otherCurrentLiab": 7372000, "longTermDebt": 12988000, "otherLiab": 27184000, "totalCurrentLiabilities": 349702000, "totalLiab": 389874000, "commonStock": 202741000, "retainedEarnings": 64535000, "treasuryStock": 2000000, "capitalSurplus": 70560000, "otherStockholderEquity": 2000000, "totalStockholderEquity": 339836000, "netTangibleAssets": 339836000}, {"maxAge": 1, "endDate": "2017-03-31", "cash": 34175132, "netReceivables": 485221034, "inventory": 129302014, "otherCurrentAssets": 25764278, "totalCurrentAssets": 674462458, "longTermInvestments": 3500000, "propertyPlantEquipment": 159338201, "otherAssets": 20766619, "deferredLongTermAssetCharges": 18916197, "totalAssets": 858067278, "accountsPayable": 231406133, "otherCurrentLiab": 15259468, "longTermDebt": 11075840, "otherLiab": 1809784, "totalCurrentLiabilities": 472902028, "totalLiab": 485787652, "commonStock": 202741150, "retainedEarnings": 96978976, "treasuryStock": 1999500, "capitalSurplus": 70560000, "otherStockholderEquity": 1999500, "totalStockholderEquity": 372279626, "netTangibleAssets": 372279626}], "maxAge": 86400}, "financialData": {"maxAge": 86400, "currentPrice": 11.65, "recommendationKey": "none", "totalCash": 13698617, "totalCashPerShare": 0.673, "ebitda": 71219248, "totalDebt": 192917088, "totalRevenue": 481247008, "debtToEquity": 48.214, "revenuePerShare": 23.789, "grossProfits": 43984000, "earningsGrowth": -0.348, "revenueGrowth": -0.361, "grossMargins": 0.01555, "ebitdaMargins": 0.14799, "operatingMargins": 0.12425, "profitMargins": 0.06695, "financialCurrency": "INR"}}}