{"AHLADA.NS": {"assetProfile": {"address1": "Door No. 4-56", "address2": "Sy.No. 62/1/A & 67 Tech Mahindra Road, Bahadurpally Quthbullapur Mandal, Medchal District", "city": "Hyderabad", "zip": "500043", "country": "India", "phone": "91 98 6650 0811", "website": "http://www.ahlada.com", "industry": "Building Products & Equipment", "sector": "Industrials", "longBusinessSummary": "Ahlada Engineers Limited manufactures and sells steel doors and windows in India. It offers steel doors, including residential and commercial doors; and steel windows, such as single and double rebate windows. The company also manufactures and sells cleanroom equipment comprising pass box, horizontal and vertical air flow units, air showers, mobile LAF trolleys, bio-safety cabinets, dispensing and sampling booths, and sanitizing tunnels; clean room furniture, such as double sink cabinet, cupboards, die cabinets, cages, cage trolleys, table with keyboard slots and lockers, cross over benches, dust bins, enclosures, flat pallets, chairs, school benches, office tables, recycle cabinets, gown dispensers, steps, steps ladder, material trolleys, pallet shelves, pigeon cupboards, tool box cabinets, work shop carts, stools, and storage tanks; and water purifying systems. It serves the pharmaceutical, biotechnology, food, healthcare, entertainment, real estate, and other industries. The company also exports its products. Ahlada Engineers Limited was founded in 2005 and is based in Hyderabad, India.", "fullTimeEmployees": 227, "companyOfficers": [{"maxAge": 1, "name": "Mr. Chedepudi Suresh Mohan Reddy", "age": 53, "title": "Founder, MD & Director", "yearBorn": 1967, "fiscalYear": 2020, "totalPay": 8100000, "exercisedValue": 0, "unexercisedValue": 0}, {"maxAge": 1, "name": "Mr. Areti Narasimha Rao", "age": 48, "title": "Chief Financial Officer", "yearBorn": 1972, "fiscalYear": 2020, "totalPay": 3695000, "exercisedValue": 0, "unexercisedValue": 0}, {"maxAge": 1, "name": "Mr. Maddiboyina  Kotaiah", "age": 51, "title": "Sr. VP of Operations", "yearBorn": 1969, "exercisedValue": 0, "unexercisedValue": 0}, {"maxAge": 1, "name": "Mr. Pusuluru Kodanda Rami Reddy", "age": 40, "title": "Company Sec. & Compliance Officer", "yearBorn": 1980, "fiscalYear": 2020, "totalPay": 1105000, "exercisedValue": 0, "unexercisedValue": 0}, {"maxAge": 1, "name": "Ms. Cheedepudi  Kinnera", "age": 25, "title": "Whole-Time Director", "yearBorn": 1995, "fiscalYear": 2020, "totalPay": 1800000, "exercisedValue": 0, "unexercisedValue": 0}, {"maxAge": 1, "name": "Mr. Jambhapuram Abhinav Kumar Reddy", "age": 26, "title": "Whole-Time Director", "yearBorn": 1994, "fiscalYear": 2020, "totalPay": 1800000, "exercisedValue": 0, "unexercisedValue": 0}], "compensationAsOfEpochDate": "2020-12-31 05:30:00", "maxAge": 86400}, "cashflowStatementHistory": {"cashflowStatements": [{"maxAge": 1, "endDate": "2020-03-31", "netIncome": 64576525, "depreciation": 98443500, "changeToNetincome": 32315973, "changeToAccountReceivables": 521507906, "changeToLiabilities": -18449638, "changeToInventory": 5094866, "changeToOperatingActivities": -118338347, "totalCashFromOperatingActivities": 596636969, "capitalExpenditures": -386175528, "otherCashflowsFromInvestingActivities": 1451971, "totalCashflowsFromInvestingActivities": -381515265, "dividendsPaid": -15656505, "netBorrowings": -146044653, "otherCashflowsFromFinancingActivities": -51866651, "totalCashFromFinancingActivities": -213567809, "changeInCash": 1553895}, {"maxAge": 1, "endDate": "2019-03-31", "netIncome": 113679812, "depreciation": 70240698, "changeToNetincome": 117133486, "changeToAccountReceivables": -472796949, "changeToLiabilities": -87267541, "changeToInventory": 187391032, "changeToOperatingActivities": -68247425, "totalCashFromOperatingActivities": -139677887, "capitalExpenditures": -322533415, "otherCashflowsFromInvestingActivities": -43181932, "totalCashflowsFromInvestingActivities": -362015534, "dividendsPaid": -15656505, "netBorrowings": -30335664, "otherCashflowsFromFinancingActivities": -88867460, "totalCashFromFinancingActivities": 493386876, "changeInCash": -8306545, "issuanceOfStock": 612590000}, {"maxAge": 1, "endDate": "2018-03-31", "netIncome": 80744195, "depreciation": 36533144, "changeToNetincome": 69139757, "changeToAccountReceivables": -99475142, "changeToLiabilities": 30797749, "changeToInventory": -119064938, "changeToOperatingActivities": 232732726, "totalCashFromOperatingActivities": 231596491, "capitalExpenditures": -342908874, "otherCashflowsFromInvestingActivities": -54647, "totalCashflowsFromInvestingActivities": -342873521, "dividendsPaid": -15656505, "netBorrowings": 166592700, "otherCashflowsFromFinancingActivities": -48712209, "totalCashFromFinancingActivities": 117880491, "changeInCash": 6603462, "issuanceOfStock": 612590000}, {"maxAge": 1, "endDate": "2017-03-31", "netIncome": 32729000, "depreciation": 30007000, "changeToNetincome": 43043000, "changeToAccountReceivables": 42304000, "changeToLiabilities": -17288000, "changeToInventory": -32758000, "changeToOperatingActivities": -51472000, "totalCashFromOperatingActivities": 46565000, "capitalExpenditures": -108518000, "otherCashflowsFromInvestingActivities": 1101000, "totalCashflowsFromInvestingActivities": -107417000, "dividendsPaid": -15656505, "netBorrowings": 96404000, "otherCashflowsFromFinancingActivities": -38260000, "totalCashFromFinancingActivities": 58144000, "changeInCash": -2707000, "issuanceOfStock": 612590000}], "maxAge": 86400}, "institutionOwnership": {"maxAge": 1, "ownershipList": []}, "majorHoldersBreakdown": {"maxAge": 1}, "balanceSheetHistoryQuarterly": {"balanceSheetStatements": [{"maxAge": 1, "endDate": "2020-12-31", "totalStockholderEquity": 1158119000, "netTangibleAssets": 1158119000}, {"maxAge": 1, "endDate": "2020-09-30", "cash": 14625000, "netReceivables": 312108000, "inventory": 187898000, "totalCurrentAssets": 514631000, "propertyPlantEquipment": 1113791000, "otherAssets": 28526000, "totalAssets": 1656948000, "accountsPayable": 122600000, "otherCurrentLiab": 125728000, "longTermDebt": 85577000, "otherLiab": 53275000, "deferredLongTermLiab": 28526000, "totalCurrentLiabilities": 359977000, "totalLiab": 498829000, "commonStock": 129210000, "treasuryStock": 1028909000, "otherStockholderEquity": 1028909000, "totalStockholderEquity": 1158119000, "netTangibleAssets": 1158119000}, {"maxAge": 1, "endDate": "2020-06-30", "cash": 14625000, "netReceivables": 312108000, "inventory": 187898000, "totalCurrentAssets": 514631000, "propertyPlantEquipment": 1113791000, "otherAssets": 28526000, "totalAssets": 1656948000, "accountsPayable": 122600000, "otherCurrentLiab": 125728000, "longTermDebt": 85577000, "otherLiab": 53275000, "deferredLongTermLiab": 28526000, "totalCurrentLiabilities": 359977000, "totalLiab": 498829000, "commonStock": 129210000, "treasuryStock": 1028909000, "otherStockholderEquity": 1028909000, "totalStockholderEquity": 1158119000, "netTangibleAssets": 1158119000}, {"maxAge": 1, "endDate": "2019-12-31"}], "maxAge": 86400}, "indexTrend": {"maxAge": 1, "symbol": "SP5", "peRatio": 19.7411, "pegRatio": 1.34172, "estimates": [{"period": "0q", "growth": 0.549}, {"period": "+1q", "growth": 0.431}, {"period": "0y", "growth": 0.305}, {"period": "+1y", "growth": 0.109}, {"period": "+5y", "growth": 0.120865}, {"period": "-5y"}]}, "defaultKeyStatistics": {"maxAge": 1, "priceHint": 2, "enterpriseValue": 1436467584, "profitMargins": 0.053839996, "floatShares": 4043849, "beta": 0.846084, "category": null, "bookValue": 89.787, "priceToBook": 1.082562, "fundFamily": null, "legalType": null, "lastFiscalYearEnd": "2020-03-31 05:30:00", "nextFiscalYearEnd": "2022-03-31 05:30:00", "mostRecentQuarter": "2020-12-31 05:30:00", "earningsQuarterlyGrowth": 0.021, "netIncomeToCommon": 64229408, "trailingEps": 4.969, "lastSplitFactor": null, "enterpriseToRevenue": 1.204, "enterpriseToEbitda": 6.004, "52WeekChange": 0.52671754, "SandP52WeekChange": 0.48148263, "lastDividendValue": 1.2, "lastDividendDate": 1600732800}, "summaryProfile": {"address1": "Door No. 4-56", "address2": "Sy.No. 62/1/A & 67 Tech Mahindra Road, Bahadurpally Quthbullapur Mandal, Medchal District", "city": "Hyderabad", "zip": "500043", "country": "India", "phone": "91 98 6650 0811", "website": "http://www.ahlada.com", "industry": "Building Products & Equipment", "sector": "Industrials", "longBusinessSummary": "Ahlada Engineers Limited manufactures and sells steel doors and windows in India. It offers steel doors, including residential and commercial doors; and steel windows, such as single and double rebate windows. The company also manufactures and sells cleanroom equipment comprising pass box, horizontal and vertical air flow units, air showers, mobile LAF trolleys, bio-safety cabinets, dispensing and sampling booths, and sanitizing tunnels; clean room furniture, such as double sink cabinet, cupboards, die cabinets, cages, cage trolleys, table with keyboard slots and lockers, cross over benches, dust bins, enclosures, flat pallets, chairs, school benches, office tables, recycle cabinets, gown dispensers, steps, steps ladder, material trolleys, pallet shelves, pigeon cupboards, tool box cabinets, work shop carts, stools, and storage tanks; and water purifying systems. It serves the pharmaceutical, biotechnology, food, healthcare, entertainment, real estate, and other industries. The company also exports its products. Ahlada Engineers Limited was founded in 2005 and is based in Hyderabad, India.", "fullTimeEmployees": 227, "companyOfficers": [], "maxAge": 86400}, "netSharePurchaseActivity": {"maxAge": 1, "period": "6m", "buyInfoCount": 0, "buyInfoShares": 0, "sellInfoCount": 0, "netInfoCount": 0, "netInfoShares": 0, "totalInsiderShares": 0}, "quoteType": {"exchange": "NSI", "quoteType": "EQUITY", "symbol": "AHLADA.NS", "underlyingSymbol": "AHLADA.NS", "shortName": "Ahlada Engineers Limited", "longName": "Ahlada Engineers Limited", "firstTradeDateEpochUtc": "2018-10-12 09:15:00", "timeZoneFullName": "Asia/Kolkata", "timeZoneShortName": "IST", "uuid": "daa91db3-94ed-3cd1-88e5-cae303ecf931", "messageBoardId": "finmb_288778022", "gmtOffSetMilliseconds": 19800000, "maxAge": 1}, "incomeStatementHistory": {"incomeStatementHistory": [{"maxAge": 1, "endDate": "2020-03-31", "totalRevenue": 1104616799, "costOfRevenue": 536379879, "grossProfit": 568236920, "researchDevelopment": {}, "sellingGeneralAdministrative": 135835997, "nonRecurring": {}, "otherOperatingExpenses": 194087111, "totalOperatingExpenses": 964746487, "operatingIncome": 139870312, "totalOtherIncomeExpenseNet": -50075278, "ebit": 139870312, "interestExpense": -46643604, "incomeBeforeTax": 89795034, "incomeTaxExpense": 25218509, "minorityInterest": {}, "netIncomeFromContinuingOps": 64576525, "discontinuedOperations": {}, "extraordinaryItems": {}, "effectOfAccountingCharges": {}, "otherItems": {}, "netIncome": 64576525, "netIncomeApplicableToCommonShares": 64576525}, {"maxAge": 1, "endDate": "2019-03-31", "totalRevenue": 2074326881, "costOfRevenue": 1330246618, "grossProfit": 744080263, "researchDevelopment": {}, "sellingGeneralAdministrative": 164233532, "nonRecurring": {}, "otherOperatingExpenses": 242155886, "totalOperatingExpenses": 1806876734, "operatingIncome": 267450147, "totalOtherIncomeExpenseNet": -86204469, "ebit": 267450147, "interestExpense": -81120480, "incomeBeforeTax": 181245678, "incomeTaxExpense": 67565866, "minorityInterest": {}, "netIncomeFromContinuingOps": 113679812, "discontinuedOperations": {}, "extraordinaryItems": {}, "effectOfAccountingCharges": {}, "otherItems": {}, "netIncome": 113679812, "netIncomeApplicableToCommonShares": 113679812}, {"maxAge": 1, "endDate": "2018-03-31", "totalRevenue": 1261890861, "costOfRevenue": 801537290, "grossProfit": 460353571, "researchDevelopment": {}, "sellingGeneralAdministrative": 116305810, "nonRecurring": {}, "otherOperatingExpenses": 137305071, "totalOperatingExpenses": 1091681315, "operatingIncome": 170209546, "totalOtherIncomeExpenseNet": -47618519, "ebit": 170209546, "interestExpense": -42704908, "incomeBeforeTax": 122591027, "incomeTaxExpense": 41846832, "minorityInterest": {}, "netIncomeFromContinuingOps": 80744195, "discontinuedOperations": {}, "extraordinaryItems": {}, "effectOfAccountingCharges": {}, "otherItems": {}, "netIncome": 80744195, "netIncomeApplicableToCommonShares": 80744195}, {"maxAge": 1, "endDate": "2017-03-31", "totalRevenue": 1184383000, "costOfRevenue": 705046000, "grossProfit": 479337000, "researchDevelopment": {}, "sellingGeneralAdministrative": 99184000, "nonRecurring": {}, "otherOperatingExpenses": 256779000, "totalOperatingExpenses": 1091016000, "operatingIncome": 93367000, "totalOtherIncomeExpenseNet": -40623000, "ebit": 93367000, "interestExpense": -4130000, "incomeBeforeTax": 52744000, "incomeTaxExpense": 20015000, "minorityInterest": {}, "netIncomeFromContinuingOps": 32729000, "discontinuedOperations": {}, "extraordinaryItems": {}, "effectOfAccountingCharges": {}, "otherItems": {}, "netIncome": 32729000, "netIncomeApplicableToCommonShares": 32729000}], "maxAge": 86400}, "fundOwnership": {"maxAge": 1, "ownershipList": []}, "summaryDetail": {"maxAge": 1, "priceHint": 2, "previousClose": 97.5, "open": 102.4, "dayLow": 97.0, "dayHigh": 102.4, "regularMarketPreviousClose": 97.5, "regularMarketOpen": 102.4, "regularMarketDayLow": 97.0, "regularMarketDayHigh": 102.4, "dividendRate": 1.2, "dividendYield": 0.0171, "exDividendDate": "2020-09-22 05:30:00", "payoutRatio": 0.2439, "beta": 0.846084, "trailingPE": 19.56128, "volume": 3500, "regularMarketVolume": 3500, "averageVolume": 0, "averageVolume10days": 0, "averageDailyVolume10Day": 0, "bid": 0.0, "ask": 0.0, "fiftyTwoWeekLow": 39.9, "fiftyTwoWeekHigh": 102.4, "fiftyDayAverage": 70.0, "twoHundredDayAverage": 65.80993, "currency": "INR", "fromCurrency": null, "toCurrency": null, "lastMarket": null, "algorithm": null, "tradeable": false}, "incomeStatementHistoryQuarterly": {"incomeStatementHistory": [{"maxAge": 1, "endDate": "2020-12-31", "totalRevenue": 387199168, "costOfRevenue": 215095405, "grossProfit": 172103763, "researchDevelopment": {}, "sellingGeneralAdministrative": 26295697, "nonRecurring": {}, "otherOperatingExpenses": 60719075, "totalOperatingExpenses": 330386895, "operatingIncome": 56812273, "totalOtherIncomeExpenseNet": -10753407, "ebit": 56812273, "interestExpense": -10954358, "incomeBeforeTax": 46058866, "incomeTaxExpense": 9939250, "minorityInterest": {}, "netIncomeFromContinuingOps": 36119616, "discontinuedOperations": {}, "extraordinaryItems": {}, "effectOfAccountingCharges": {}, "otherItems": {}, "netIncome": 36119616, "netIncomeApplicableToCommonShares": 36119616}, {"maxAge": 1, "endDate": "2020-09-30", "totalRevenue": 259911000, "costOfRevenue": 138084500, "grossProfit": 121826500, "researchDevelopment": {}, "sellingGeneralAdministrative": 23066500, "nonRecurring": {}, "otherOperatingExpenses": 37910000, "totalOperatingExpenses": 227076000, "operatingIncome": 32835000, "totalOtherIncomeExpenseNet": -8398000, "ebit": 32835000, "interestExpense": -8605000, "incomeBeforeTax": 24437000, "incomeTaxExpense": 7604500, "minorityInterest": {}, "netIncomeFromContinuingOps": 16832500, "discontinuedOperations": {}, "extraordinaryItems": {}, "effectOfAccountingCharges": {}, "otherItems": {}, "netIncome": 16832500, "netIncomeApplicableToCommonShares": 16832500}, {"maxAge": 1, "endDate": "2020-06-30", "totalRevenue": 259911000, "costOfRevenue": 138084500, "grossProfit": 121826500, "researchDevelopment": {}, "sellingGeneralAdministrative": 23066500, "nonRecurring": {}, "otherOperatingExpenses": 37910000, "totalOperatingExpenses": 227076000, "operatingIncome": 32835000, "totalOtherIncomeExpenseNet": -8398000, "ebit": 32835000, "interestExpense": -8605000, "incomeBeforeTax": 24437000, "incomeTaxExpense": 7604500, "minorityInterest": {}, "netIncomeFromContinuingOps": 16832500, "discontinuedOperations": {}, "extraordinaryItems": {}, "effectOfAccountingCharges": {}, "otherItems": {}, "netIncome": 16832500, "netIncomeApplicableToCommonShares": 16832500}, {"maxAge": 1, "endDate": "2019-12-31", "totalRevenue": 297788667, "costOfRevenue": 135933263, "grossProfit": 161855404, "researchDevelopment": {}, "sellingGeneralAdministrative": 28015817, "nonRecurring": {}, "otherOperatingExpenses": 48400637, "totalOperatingExpenses": 235864181, "operatingIncome": 61924486, "totalOtherIncomeExpenseNet": -11986093, "ebit": 61924486, "interestExpense": -12066909, "incomeBeforeTax": 49938393, "incomeTaxExpense": 14563001, "minorityInterest": {}, "netIncomeFromContinuingOps": 35375392, "discontinuedOperations": {}, "extraordinaryItems": {}, "effectOfAccountingCharges": {}, "otherItems": {}, "netIncome": 35375392, "netIncomeApplicableToCommonShares": 35375392}], "maxAge": 86400}, "cashflowStatementHistoryQuarterly": {"cashflowStatements": [{"maxAge": 1, "endDate": "2020-12-31", "netIncome": 36119616, "changeToLiabilities": 0}, {"maxAge": 1, "endDate": "2020-09-30", "netIncome": 16832500, "depreciation": 28015000, "changeToNetincome": 8802000, "changeToAccountReceivables": 38384500, "changeToLiabilities": -19656000, "changeToInventory": 25173000, "changeToOperatingActivities": 12380500, "totalCashFromOperatingActivities": 112803000, "capitalExpenditures": -48294500, "otherCashflowsFromInvestingActivities": 164000, "totalCashflowsFromInvestingActivities": -48060500, "dividendsPaid": -7752500, "netBorrowings": -48952500, "otherCashflowsFromFinancingActivities": -8605000, "totalCashFromFinancingActivities": -65310000, "changeInCash": -567500}, {"maxAge": 1, "endDate": "2020-06-30", "netIncome": 16832500, "depreciation": 28015000, "changeToNetincome": 8802000, "changeToAccountReceivables": 38384500, "changeToLiabilities": -19656000, "changeToInventory": 25173000, "changeToOperatingActivities": 12380500, "totalCashFromOperatingActivities": 112803000, "capitalExpenditures": -48294500, "otherCashflowsFromInvestingActivities": 164000, "totalCashflowsFromInvestingActivities": -48060500, "dividendsPaid": -7752500, "netBorrowings": -48952500, "otherCashflowsFromFinancingActivities": -8605000, "totalCashFromFinancingActivities": -65310000, "changeInCash": -567500}, {"maxAge": 1, "endDate": "2019-12-31", "netIncome": 35375392, "depreciation": 28015000, "changeToNetincome": 8802000, "changeToAccountReceivables": 38384500, "changeToLiabilities": 0, "changeToInventory": 25173000, "changeToOperatingActivities": 12380500, "totalCashFromOperatingActivities": 112803000, "capitalExpenditures": -48294500, "otherCashflowsFromInvestingActivities": 164000, "totalCashflowsFromInvestingActivities": -48060500, "dividendsPaid": -7752500, "netBorrowings": -48952500, "otherCashflowsFromFinancingActivities": -8605000, "totalCashFromFinancingActivities": -65310000, "changeInCash": -567500}], "maxAge": 86400}, "insiderHolders": {"holders": [], "maxAge": 1}, "calendarEvents": {"maxAge": 1, "earnings": {"earningsDate": []}, "exDividendDate": "2020-09-22 05:30:00"}, "price": {"maxAge": 1, "regularMarketChangePercent": -0.0030769543, "regularMarketChange": -0.30000305, "regularMarketTime": "2021-04-30 15:28:00", "priceHint": 2, "regularMarketPrice": 97.2, "regularMarketDayHigh": 102.4, "regularMarketDayLow": 97.0, "regularMarketVolume": 3500, "averageDailyVolume10Day": 0, "averageDailyVolume3Month": 0, "regularMarketPreviousClose": 97.5, "regularMarketSource": "FREE_REALTIME", "regularMarketOpen": 102.4, "exchange": "NSI", "exchangeName": "NSE", "exchangeDataDelayedBy": 15, "marketState": "CLOSED", "quoteType": "EQUITY", "symbol": "AHLADA.NS", "underlyingSymbol": null, "shortName": "Ahlada Engineers Limited", "longName": "Ahlada Engineers Limited", "currency": "INR", "quoteSourceName": "Delayed Quote", "currencySymbol": "\u20b9", "fromCurrency": null, "toCurrency": null, "lastMarket": null}, "balanceSheetHistory": {"balanceSheetStatements": [{"maxAge": 1, "endDate": "2020-03-31", "cash": 15760341, "shortTermInvestments": 15160193, "netReceivables": 308043511, "inventory": 238243836, "otherCurrentAssets": 58018670, "totalCurrentAssets": 636986291, "propertyPlantEquipment": 1073285507, "otherAssets": 34269572, "totalAssets": 1744541370, "accountsPayable": 161912746, "shortLongTermDebt": 55994594, "otherCurrentLiab": 40007286, "longTermDebt": 110764419, "otherLiab": 50272133, "deferredLongTermLiab": 34269572, "totalCurrentLiabilities": 443043356, "totalLiab": 604582484, "commonStock": 129210000, "retainedEarnings": 377548756, "treasuryStock": 2063630, "capitalSurplus": 631136500, "otherStockholderEquity": 2063630, "totalStockholderEquity": 1139958886, "netTangibleAssets": 1139958886}, {"maxAge": 1, "endDate": "2019-03-31", "cash": 14206448, "shortTermInvestments": 24301283, "netReceivables": 830244479, "inventory": 243338702, "otherCurrentAssets": 133253123, "totalCurrentAssets": 1247856169, "propertyPlantEquipment": 788093722, "otherAssets": 45755757, "totalAssets": 2081705648, "accountsPayable": 180362384, "shortLongTermDebt": 93506059, "otherCurrentLiab": 229244517, "longTermDebt": 162616151, "otherLiab": 43836362, "deferredLongTermLiab": 45755757, "totalCurrentLiabilities": 782054219, "totalLiab": 990666782, "commonStock": 129210000, "retainedEarnings": 328628736, "treasuryStock": 2063630, "capitalSurplus": 631136500, "otherStockholderEquity": 2063630, "totalStockholderEquity": 1091038866, "netTangibleAssets": 1091038866}, {"maxAge": 1, "endDate": "2018-03-31", "cash": 22512991, "shortTermInvestments": 15360491, "netReceivables": 356439425, "inventory": 430729734, "otherCurrentAssets": 87426282, "totalCurrentAssets": 916646322, "propertyPlantEquipment": 538844653, "otherAssets": 756000, "totalAssets": 1456246975, "accountsPayable": 267629925, "shortLongTermDebt": 122395924, "otherCurrentLiab": 216316160, "longTermDebt": 238395986, "otherLiab": 12999801, "deferredLongTermLiab": 756000, "totalCurrentLiabilities": 835463975, "totalLiab": 1091477921, "commonStock": 87560000, "retainedEarnings": 214948924, "treasuryStock": 2063630, "capitalSurplus": 60196500, "otherStockholderEquity": 2063630, "totalStockholderEquity": 364769054, "netTangibleAssets": 364769054}, {"maxAge": 1, "endDate": "2017-03-31", "cash": 15910000, "netReceivables": 262221000, "inventory": 311664000, "otherCurrentAssets": 155770000, "totalCurrentAssets": 746058000, "propertyPlantEquipment": 232511000, "totalAssets": 978569000, "accountsPayable": 236832000, "shortLongTermDebt": 36156000, "otherCurrentLiab": 84004000, "longTermDebt": 107241000, "otherLiab": 8308000, "totalCurrentLiabilities": 570873000, "totalLiab": 694701000, "commonStock": 43780000, "retainedEarnings": 177827000, "treasuryStock": 2064000, "capitalSurplus": 60197000, "otherStockholderEquity": 2064000, "totalStockholderEquity": 283868000, "netTangibleAssets": 283868000}], "maxAge": 86400}, "financialData": {"maxAge": 86400, "currentPrice": 97.2, "recommendationKey": "none", "totalCash": 14625000, "totalCashPerShare": 1.134, "ebitda": 239249872, "totalDebt": 197226000, "totalRevenue": 1193001728, "debtToEquity": 17.03, "revenuePerShare": 92.29, "grossProfits": 568236920, "earningsGrowth": 0.022, "revenueGrowth": 0.3, "grossMargins": 0.45916, "ebitdaMargins": 0.20054, "operatingMargins": 0.107659996, "profitMargins": 0.053839996, "financialCurrency": "INR"}}}