{"AHLEAST.BO": {"recommendationTrend": {"trend": [{"period": "0m", "strongBuy": 0, "buy": 0, "hold": 0, "sell": 0, "strongSell": 0}, {"period": "-1m", "strongBuy": 0, "buy": 0, "hold": 0, "sell": 0, "strongSell": 0}, {"period": "-2m", "strongBuy": 0, "buy": 0, "hold": 0, "sell": 0, "strongSell": 0}, {"period": "-3m", "strongBuy": 0, "buy": 0, "hold": 0, "sell": 0, "strongSell": 0}], "maxAge": 86400}, "cashflowStatementHistory": {"cashflowStatements": [{"maxAge": 1, "endDate": "2020-03-31", "netIncome": -75120703, "depreciation": 258672603, "changeToNetincome": 195321280, "changeToAccountReceivables": 49610143, "changeToLiabilities": 32260806, "changeToInventory": -9167651, "changeToOperatingActivities": 262129598, "totalCashFromOperatingActivities": 714948993, "capitalExpenditures": -83966586, "investments": -411308293, "otherCashflowsFromInvestingActivities": 55791253, "totalCashflowsFromInvestingActivities": -435735706, "dividendsPaid": -29259695, "netBorrowings": -109202030, "otherCashflowsFromFinancingActivities": -144519240, "totalCashFromFinancingActivities": -282980965, "changeInCash": -3767678}, {"maxAge": 1, "endDate": "2019-03-31", "netIncome": 35408382, "depreciation": 277864343, "changeToNetincome": 58327487, "changeToAccountReceivables": -31106639, "changeToLiabilities": 13637279, "changeToInventory": 21358850, "changeToOperatingActivities": -33386658, "totalCashFromOperatingActivities": 343743689, "capitalExpenditures": -52013943, "investments": -203215961, "otherCashflowsFromInvestingActivities": 45568326, "totalCashflowsFromInvestingActivities": -203692243, "dividendsPaid": -28998677, "netBorrowings": -122438495, "otherCashflowsFromFinancingActivities": -149075930, "totalCashFromFinancingActivities": -300513102, "changeInCash": -160461656}, {"maxAge": 1, "endDate": "2018-03-31", "netIncome": -57310037, "depreciation": 306152391, "changeToNetincome": 55049113, "changeToAccountReceivables": -38218336, "changeToLiabilities": 42986735, "changeToInventory": -8818634, "changeToOperatingActivities": -123247562, "totalCashFromOperatingActivities": 182834605, "capitalExpenditures": -27395921, "investments": 208805091, "otherCashflowsFromInvestingActivities": 35752577, "totalCashflowsFromInvestingActivities": 217221804, "dividendsPaid": -22964655, "netBorrowings": -68002180, "otherCashflowsFromFinancingActivities": -162366667, "totalCashFromFinancingActivities": -253333502, "changeInCash": 146722907}, {"maxAge": 1, "endDate": "2017-03-31", "netIncome": -34965255, "depreciation": 303765741, "changeToNetincome": 118343616, "changeToAccountReceivables": -9500904, "changeToLiabilities": -15200272, "changeToInventory": 3580708, "changeToOperatingActivities": -3876943, "totalCashFromOperatingActivities": 368024688, "capitalExpenditures": -43080780, "investments": 1340394912, "otherCashflowsFromInvestingActivities": 38983358, "totalCashflowsFromInvestingActivities": 1435256874, "dividendsPaid": -22449960, "netBorrowings": -1553631828, "otherCashflowsFromFinancingActivities": -223729478, "totalCashFromFinancingActivities": -1799811266, "changeInCash": 3470296}], "maxAge": 86400}, "institutionOwnership": {"maxAge": 1, "ownershipList": []}, "balanceSheetHistoryQuarterly": {"balanceSheetStatements": [{"maxAge": 1, "endDate": "2020-03-31", "cash": 21927950, "shortTermInvestments": 311131129, "netReceivables": 243491827, "inventory": 31165349, "otherCurrentAssets": 547705118, "totalCurrentAssets": 2083805361, "longTermInvestments": 45869277, "propertyPlantEquipment": 6328635077, "goodWill": 999103879, "intangibleAssets": 8563351, "otherAssets": 217508064, "totalAssets": 9683485009, "accountsPayable": 165300249, "shortLongTermDebt": 174300000, "otherCurrentLiab": 443031323, "longTermDebt": 968100000, "otherLiab": 124021986, "totalCurrentLiabilities": 996816920, "totalLiab": 2088938906, "commonStock": 115277970, "retainedEarnings": 6995615996, "treasuryStock": 483652137, "otherStockholderEquity": 483652137, "totalStockholderEquity": 7594546103, "netTangibleAssets": 6586878873}, {"maxAge": 1, "endDate": "2019-12-31", "totalStockholderEquity": 7620365000, "netTangibleAssets": 6613800000}, {"maxAge": 1, "endDate": "2019-09-30", "cash": 287262000, "shortTermInvestments": 847129000, "netReceivables": 176867000, "inventory": 23566000, "otherCurrentAssets": 575388000, "totalCurrentAssets": 1910212000, "longTermInvestments": 72696000, "propertyPlantEquipment": 6428582000, "goodWill": 999791000, "intangibleAssets": 6774000, "otherAssets": 257519000, "totalAssets": 9675574000, "accountsPayable": 125524000, "otherCurrentLiab": 729273000, "longTermDebt": 1043100000, "otherLiab": 94533000, "totalCurrentLiabilities": 917576000, "totalLiab": 2055209000, "commonStock": 115278000, "treasuryStock": 7505087000, "otherStockholderEquity": 7505087000, "totalStockholderEquity": 7620365000, "netTangibleAssets": 6613800000}, {"maxAge": 1, "endDate": "2019-06-30", "totalStockholderEquity": 7734061297, "netTangibleAssets": 6469909689}], "maxAge": 86400}, "earningsHistory": {"history": [{"maxAge": 1, "epsActual": {}, "epsEstimate": {}, "epsDifference": {}, "surprisePercent": {}, "quarter": {}, "period": "-4q"}, {"maxAge": 1, "epsActual": {}, "epsEstimate": {}, "epsDifference": {}, "surprisePercent": {}, "quarter": {}, "period": "-3q"}, {"maxAge": 1, "epsActual": {}, "epsEstimate": {}, "epsDifference": {}, "surprisePercent": {}, "quarter": {}, "period": "-2q"}, {"maxAge": 1, "epsActual": 1.4, "epsEstimate": 4.88, "epsDifference": -3.48, "surprisePercent": -0.71300006, "quarter": "2017-09-30", "period": "-1q"}], "maxAge": 86400}, "indexTrend": {"maxAge": 1, "symbol": "SP5", "peRatio": 19.7411, "pegRatio": 1.34172, "estimates": [{"period": "0q", "growth": 0.549}, {"period": "+1q", "growth": 0.431}, {"period": "0y", "growth": 0.305}, {"period": "+1y", "growth": 0.109}, {"period": "+5y", "growth": 0.120865}, {"period": "-5y"}]}, "industryTrend": {"maxAge": 1, "symbol": null, "estimates": []}, "insiderTransactions": {"transactions": [{"maxAge": 1, "shares": 495496, "filerUrl": "", "transactionText": "", "filerName": "Saraf (Ratna)", "filerRelation": "Promoter", "moneyText": "", "startDate": "2016-09-16", "ownership": "D"}, {"maxAge": 1, "shares": 2712750, "filerUrl": "", "transactionText": "", "filerName": "Saraf (Radhe Shyam)", "filerRelation": "Promoter", "moneyText": "", "startDate": "2016-09-16", "ownership": "D"}, {"maxAge": 1, "shares": 11425, "filerUrl": "", "transactionText": "", "filerName": "Saraf (Ratna)", "filerRelation": "UNREPORTED", "moneyText": "", "startDate": "2014-10-07", "ownership": "D"}, {"maxAge": 1, "shares": 11425, "filerUrl": "", "transactionText": "", "filerName": "Saraf (Ratna)", "filerRelation": "UNREPORTED", "moneyText": "", "startDate": "2014-07-14", "ownership": "D"}, {"maxAge": 1, "shares": 36851, "filerUrl": "", "transactionText": "", "filerName": "Saraf (Ratna)", "filerRelation": "UNREPORTED", "moneyText": "", "startDate": "2014-07-10", "ownership": "D"}, {"maxAge": 1, "shares": 85000, "filerUrl": "", "transactionText": "", "filerName": "Saraf (Ratna)", "filerRelation": "UNREPORTED", "moneyText": "", "startDate": "2014-07-03", "ownership": "D"}, {"maxAge": 1, "shares": 16000, "filerUrl": "", "transactionText": "", "filerName": "Saraf (Umesh)", "filerRelation": "Joint Managing director", "moneyText": "", "startDate": "2014-04-12", "ownership": "D"}, {"maxAge": 1, "shares": 147000, "filerUrl": "", "transactionText": "", "filerName": "Saraf (Radhe Shyam)", "filerRelation": "UNREPORTED", "moneyText": "", "startDate": "2013-06-26", "ownership": "D"}, {"maxAge": 1, "shares": 424930, "filerUrl": "", "transactionText": "", "filerName": "Saraf (Radhe Shyam)", "filerRelation": "UNREPORTED", "moneyText": "", "startDate": "2013-06-25", "ownership": "D"}, {"maxAge": 1, "shares": 119900, "filerUrl": "", "transactionText": "", "filerName": "Axis Bank Ltd", "filerRelation": "Institution- Corporation", "moneyText": "", "startDate": "2011-12-13", "ownership": "D"}], "maxAge": 1}, "quoteType": {"exchange": "BSE", "quoteType": "EQUITY", "symbol": "AHLEAST.BO", "underlyingSymbol": "AHLEAST.BO", "shortName": "ASIAN HOTELS (EAST) LTD.", "longName": "Asian Hotels (East) Limited", "firstTradeDateEpochUtc": "2010-08-11 09:15:00", "timeZoneFullName": "Asia/Kolkata", "timeZoneShortName": "IST", "uuid": "180c8528-4aa2-35d6-a2cb-8e770d81de0f", "messageBoardId": null, "gmtOffSetMilliseconds": 19800000, "maxAge": 1}, "incomeStatementHistory": {"incomeStatementHistory": [{"maxAge": 1, "endDate": "2020-03-31", "totalRevenue": 1846660552, "costOfRevenue": 717346322, "grossProfit": 1129314230, "researchDevelopment": {}, "sellingGeneralAdministrative": 92276377, "nonRecurring": {}, "otherOperatingExpenses": 665014245, "totalOperatingExpenses": 1734552463, "operatingIncome": 112108089, "totalOtherIncomeExpenseNet": -104491206, "ebit": 112108089, "interestExpense": -138595308, "incomeBeforeTax": 7616883, "incomeTaxExpense": 82708613, "minorityInterest": {}, "netIncomeFromContinuingOps": -75091730, "discontinuedOperations": -28973, "extraordinaryItems": {}, "effectOfAccountingCharges": {}, "otherItems": {}, "netIncome": -75120703, "netIncomeApplicableToCommonShares": -75120703}, {"maxAge": 1, "endDate": "2019-03-31", "totalRevenue": 2023523295, "costOfRevenue": 717241999, "grossProfit": 1306281296, "researchDevelopment": {}, "sellingGeneralAdministrative": 83017168, "nonRecurring": {}, "otherOperatingExpenses": 740003003, "totalOperatingExpenses": 1819767157, "operatingIncome": 203756138, "totalOtherIncomeExpenseNet": -101864785, "ebit": 203756138, "interestExpense": -143221897, "incomeBeforeTax": 101891353, "incomeTaxExpense": 66563451, "minorityInterest": 172213, "netIncomeFromContinuingOps": 35327902, "discontinuedOperations": -28973, "extraordinaryItems": {}, "effectOfAccountingCharges": {}, "otherItems": {}, "netIncome": 35408382, "netIncomeApplicableToCommonShares": 35408382}, {"maxAge": 1, "endDate": "2018-03-31", "totalRevenue": 1896229620, "costOfRevenue": 699315762, "grossProfit": 1196913858, "researchDevelopment": {}, "sellingGeneralAdministrative": 80385733, "nonRecurring": {}, "otherOperatingExpenses": 710285964, "totalOperatingExpenses": 1788250612, "operatingIncome": 107979008, "totalOtherIncomeExpenseNet": -124703889, "ebit": 107979008, "interestExpense": -157677599, "incomeBeforeTax": -16724881, "incomeTaxExpense": 40649586, "minorityInterest": 252693, "netIncomeFromContinuingOps": -57374467, "discontinuedOperations": -28973, "extraordinaryItems": {}, "effectOfAccountingCharges": {}, "otherItems": {}, "netIncome": -57310037, "netIncomeApplicableToCommonShares": -57310037}, {"maxAge": 1, "endDate": "2017-03-31", "totalRevenue": 1952130366, "costOfRevenue": 743811096, "grossProfit": 1208319270, "researchDevelopment": {}, "sellingGeneralAdministrative": 98704296, "nonRecurring": {}, "otherOperatingExpenses": 668499426, "totalOperatingExpenses": 1820658556, "operatingIncome": 131471810, "totalOtherIncomeExpenseNet": -127183521, "ebit": 131471810, "interestExpense": -186084732, "incomeBeforeTax": 4288289, "incomeTaxExpense": 39315693, "minorityInterest": 317123, "netIncomeFromContinuingOps": -35027404, "discontinuedOperations": -28973, "extraordinaryItems": {}, "effectOfAccountingCharges": {}, "otherItems": {}, "netIncome": -34965255, "netIncomeApplicableToCommonShares": -34965255}], "maxAge": 86400}, "fundOwnership": {"maxAge": 1, "ownershipList": []}, "summaryDetail": {"maxAge": 1, "priceHint": 2, "previousClose": 154.0, "open": 145.65, "dayLow": 145.65, "dayHigh": 159.85, "regularMarketPreviousClose": 154.0, "regularMarketOpen": 145.65, "regularMarketDayLow": 145.65, "regularMarketDayHigh": 159.85, "forwardPE": 7.8066916, "volume": 211, "regularMarketVolume": 211, "averageVolume": 1093, "averageVolume10days": 182, "averageDailyVolume10Day": 182, "bid": 146.25, "ask": 157.8, "bidSize": 0, "askSize": 0, "marketCap": 1694586624, "fiftyTwoWeekLow": 111.3, "fiftyTwoWeekHigh": 199.0, "fiftyDayAverage": 162.51, "twoHundredDayAverage": 151.55986, "trailingAnnualDividendRate": 2.5, "trailingAnnualDividendYield": 0.016233766, "currency": "INR", "fromCurrency": null, "toCurrency": null, "lastMarket": null, "algorithm": null, "tradeable": false}, "sectorTrend": {"maxAge": 1, "symbol": null, "estimates": []}, "incomeStatementHistoryQuarterly": {"incomeStatementHistory": [{"maxAge": 1, "endDate": "2020-03-31", "totalRevenue": 427985552, "costOfRevenue": 25201322, "grossProfit": 402784230, "researchDevelopment": {}, "sellingGeneralAdministrative": 92276377, "nonRecurring": {}, "otherOperatingExpenses": 152211245, "totalOperatingExpenses": 333884463, "operatingIncome": 94101089, "totalOtherIncomeExpenseNet": -47196206, "ebit": 94101089, "interestExpense": -32546308, "incomeBeforeTax": 46904883, "incomeTaxExpense": 41849613, "minorityInterest": {}, "netIncomeFromContinuingOps": 5055270, "discontinuedOperations": -18973, "extraordinaryItems": {}, "effectOfAccountingCharges": {}, "otherItems": {}, "netIncome": 5036297, "netIncomeApplicableToCommonShares": 5036297}, {"maxAge": 1, "endDate": "2019-12-31", "totalRevenue": 486385000, "costOfRevenue": 228505000, "grossProfit": 257880000, "researchDevelopment": {}, "sellingGeneralAdministrative": 92276377, "nonRecurring": {}, "otherOperatingExpenses": 167042000, "totalOperatingExpenses": 460964000, "operatingIncome": 25421000, "totalOtherIncomeExpenseNet": -14102000, "ebit": 25421000, "interestExpense": -35022000, "incomeBeforeTax": 11319000, "incomeTaxExpense": 21972000, "minorityInterest": {}, "netIncomeFromContinuingOps": -10653000, "discontinuedOperations": -18973, "extraordinaryItems": {}, "effectOfAccountingCharges": {}, "otherItems": {}, "netIncome": -10653000, "netIncomeApplicableToCommonShares": -10653000}, {"maxAge": 1, "endDate": "2019-09-30", "totalRevenue": 487482000, "costOfRevenue": 238860000, "grossProfit": 248622000, "researchDevelopment": {}, "sellingGeneralAdministrative": 92276377, "nonRecurring": {}, "otherOperatingExpenses": 160946000, "totalOperatingExpenses": 465200000, "operatingIncome": 22282000, "totalOtherIncomeExpenseNet": -4896000, "ebit": 22282000, "interestExpense": -35478000, "incomeBeforeTax": 17386000, "incomeTaxExpense": 20589000, "minorityInterest": {}, "netIncomeFromContinuingOps": -3203000, "discontinuedOperations": -3000, "extraordinaryItems": {}, "effectOfAccountingCharges": {}, "otherItems": {}, "netIncome": -3206000, "netIncomeApplicableToCommonShares": -3206000}, {"maxAge": 1, "endDate": "2019-06-30", "totalRevenue": 444808000, "costOfRevenue": 224780000, "grossProfit": 220028000, "researchDevelopment": {}, "sellingGeneralAdministrative": 92276377, "nonRecurring": {}, "otherOperatingExpenses": 172172000, "totalOperatingExpenses": 461861000, "operatingIncome": -17053000, "totalOtherIncomeExpenseNet": -50939000, "ebit": -17053000, "interestExpense": -35549000, "incomeBeforeTax": -67992000, "incomeTaxExpense": -1701000, "minorityInterest": {}, "netIncomeFromContinuingOps": -66291000, "discontinuedOperations": -7000, "extraordinaryItems": {}, "effectOfAccountingCharges": {}, "otherItems": {}, "netIncome": -66298000, "netIncomeApplicableToCommonShares": -66298000}], "maxAge": 86400}, "cashflowStatementHistoryQuarterly": {"cashflowStatements": [{"maxAge": 1, "endDate": "2020-03-31", "netIncome": 5036297, "changeToLiabilities": 0}, {"maxAge": 1, "endDate": "2019-12-31", "netIncome": -10653000, "changeToLiabilities": 0}, {"maxAge": 1, "endDate": "2019-09-30", "netIncome": -3206000, "changeToLiabilities": 0}, {"maxAge": 1, "endDate": "2019-06-30", "netIncome": -66298000, "changeToLiabilities": 0}], "maxAge": 86400}, "insiderHolders": {"holders": [{"maxAge": 1, "name": "Axis Bank Ltd", "relation": "Institution- Corporation", "url": "", "transactionDescription": "Acquisition", "latestTransDate": "2011-12-13", "positionDirect": 588000, "positionDirectDate": "2011-12-13"}, {"maxAge": 1, "name": "Saraf (Radhe Shyam)", "relation": "Promoter", "url": "", "transactionDescription": "Other", "latestTransDate": "2016-09-16", "positionDirect": 3284680, "positionDirectDate": "2016-09-16"}, {"maxAge": 1, "name": "Saraf (Ratna)", "relation": "Promoter", "url": "", "transactionDescription": "Other", "latestTransDate": "2016-09-16", "positionDirect": 617347, "positionDirectDate": "2016-09-16"}, {"maxAge": 1, "name": "Saraf (Umesh)", "relation": "Joint Managing director", "url": "", "transactionDescription": "Purchase", "latestTransDate": "2014-04-12", "positionDirect": 16000, "positionDirectDate": "2014-04-12"}], "maxAge": 1}, "earnings": {"maxAge": 86400, "earningsChart": {"quarterly": [{"date": "3Q2017", "actual": 1.4, "estimate": 4.88}], "currentQuarterEstimateDate": "4Q", "currentQuarterEstimateYear": 2017, "earningsDate": ["2020-07-31 05:30:S"]}, "financialsChart": {"yearly": [{"date": 2017, "revenue": 1952130366, "earnings": -34965255}, {"date": 2018, "revenue": 1896229620, "earnings": -57310037}, {"date": 2019, "revenue": 2023523295, "earnings": 35408382}, {"date": 2020, "revenue": 1846660552, "earnings": -75120703}], "quarterly": [{"date": "2Q2019", "revenue": 444808000, "earnings": -66298000}, {"date": "3Q2019", "revenue": 487482000, "earnings": -3206000}, {"date": "4Q2019", "revenue": 486385000, "earnings": -10653000}, {"date": "1Q2020", "revenue": 427985552, "earnings": 5036297}]}, "financialCurrency": "INR"}, "calendarEvents": {"maxAge": 1, "earnings": {"earningsDate": ["2020-07-31 05:30:S"]}}, "price": {"maxAge": 1, "regularMarketChangePercent": -0.045454547, "regularMarketChange": -7.0, "regularMarketTime": "2021-04-30 12:43:09", "priceHint": 2, "regularMarketPrice": 147.0, "regularMarketDayHigh": 159.85, "regularMarketDayLow": 145.65, "regularMarketVolume": 211, "averageDailyVolume10Day": 182, "averageDailyVolume3Month": 1093, "regularMarketPreviousClose": 154.0, "regularMarketSource": "FREE_REALTIME", "regularMarketOpen": 145.65, "exchange": "BSE", "exchangeName": "BSE", "exchangeDataDelayedBy": 0, "marketState": "CLOSED", "quoteType": "EQUITY", "symbol": "AHLEAST.BO", "underlyingSymbol": null, "shortName": "ASIAN HOTELS (EAST) LTD.", "longName": "Asian Hotels (East) Limited", "currency": "INR", "quoteSourceName": "Delayed Quote", "currencySymbol": "\u20b9", "fromCurrency": null, "toCurrency": null, "lastMarket": null, "marketCap": 1694586624}, "balanceSheetHistory": {"balanceSheetStatements": [{"maxAge": 1, "endDate": "2020-03-31", "cash": 21927950, "shortTermInvestments": 311131129, "netReceivables": 243491827, "inventory": 31165349, "otherCurrentAssets": 547705118, "totalCurrentAssets": 2083805361, "longTermInvestments": 45869277, "propertyPlantEquipment": 6328635077, "goodWill": 999103879, "intangibleAssets": 8563351, "otherAssets": 217508064, "totalAssets": 9683485009, "accountsPayable": 165300249, "shortLongTermDebt": 174300000, "otherCurrentLiab": 443031323, "longTermDebt": 968100000, "otherLiab": 124021986, "totalCurrentLiabilities": 996816920, "totalLiab": 2088938906, "commonStock": 115277970, "retainedEarnings": 6995615996, "treasuryStock": 483652137, "otherStockholderEquity": 483652137, "totalStockholderEquity": 7594546103, "netTangibleAssets": 6586878873}, {"maxAge": 1, "endDate": "2019-03-31", "cash": 25782486, "shortTermInvestments": 41500000, "netReceivables": 236945537, "inventory": 21997698, "otherCurrentAssets": 40975839, "totalCurrentAssets": 1086845773, "longTermInvestments": 370124378, "propertyPlantEquipment": 6582760809, "goodWill": 1256775740, "intangibleAssets": 7375868, "otherAssets": 326273066, "totalAssets": 9630155634, "accountsPayable": 125132307, "shortLongTermDebt": 118050000, "otherCurrentLiab": 188082759, "longTermDebt": 1111500000, "otherLiab": 97008898, "minorityInterest": 172213, "totalCurrentLiabilities": 687413226, "totalLiab": 1895922124, "commonStock": 115277970, "retainedEarnings": 7106362387, "treasuryStock": 512420940, "otherStockholderEquity": 512420940, "totalStockholderEquity": 7734061297, "netTangibleAssets": 6469909689}, {"maxAge": 1, "endDate": "2018-03-31", "cash": 186244142, "shortTermInvestments": 20000000, "netReceivables": 213081110, "inventory": 43356548, "otherCurrentAssets": 44074800, "totalCurrentAssets": 997695794, "longTermInvestments": 326843741, "propertyPlantEquipment": 6838531366, "goodWill": 1256775740, "intangibleAssets": 7151513, "otherAssets": 310650443, "totalAssets": 9737648597, "accountsPayable": 115419497, "shortLongTermDebt": 95550000, "otherCurrentLiab": 261684860, "longTermDebt": 1229550000, "otherLiab": 97759369, "minorityInterest": 252693, "totalCurrentLiabilities": 723913568, "totalLiab": 2051222937, "commonStock": 115277970, "retainedEarnings": 7105516147, "treasuryStock": 465378850, "otherStockholderEquity": 465378850, "totalStockholderEquity": 7686172967, "netTangibleAssets": 6422245714}, {"maxAge": 1, "endDate": "2017-03-31", "cash": 63936151, "netReceivables": 165647364, "inventory": 34537914, "otherCurrentAssets": 35672696, "totalCurrentAssets": 982892785, "longTermInvestments": 304337196, "propertyPlantEquipment": 7108520938, "goodWill": 1256775740, "intangibleAssets": 10140365, "otherAssets": 144019048, "totalAssets": 9806686072, "accountsPayable": 205855868, "shortLongTermDebt": 73500000, "otherCurrentLiab": 165014472, "longTermDebt": 1325100000, "otherLiab": 131493170, "minorityInterest": 317123, "totalCurrentLiabilities": 599574154, "totalLiab": 2056167324, "commonStock": 115277970, "retainedEarnings": 7194152350, "treasuryStock": 440771305, "otherStockholderEquity": 440771305, "totalStockholderEquity": 7750201625, "netTangibleAssets": 6483285520}], "maxAge": 86400}, "earningsTrend": {"trend": [{"maxAge": 1, "period": "0q", "endDate": "2017-12-31", "growth": {}, "earningsEstimate": {"avg": 0.0, "low": 0.0, "high": 0.0, "yearAgoEps": {}, "numberOfAnalysts": 0, "growth": {}}, "revenueEstimate": {"avg": 0, "low": 0, "high": 0, "numberOfAnalysts": 0, "yearAgoRevenue": {}, "growth": {}}, "epsTrend": {"current": 0.0, "7daysAgo": 0.0, "30daysAgo": 0.0, "60daysAgo": 0.0, "90daysAgo": 0.0}, "epsRevisions": {"upLast7days": 0, "upLast30days": 0, "downLast30days": 0, "downLast90days": {}}}, {"maxAge": 1, "period": "+1q", "endDate": "2018-03-31", "growth": {}, "earningsEstimate": {"avg": 0.0, "low": 0.0, "high": 0.0, "yearAgoEps": {}, "numberOfAnalysts": 0, "growth": {}}, "revenueEstimate": {"avg": 0, "low": 0, "high": 0, "numberOfAnalysts": 0, "yearAgoRevenue": {}, "growth": {}}, "epsTrend": {"current": 0.0, "7daysAgo": 0.0, "30daysAgo": 0.0, "60daysAgo": 0.0, "90daysAgo": 0.0}, "epsRevisions": {"upLast7days": 0, "upLast30days": 0, "downLast30days": 0, "downLast90days": {}}}, {"maxAge": 1, "period": "0y", "endDate": "2018-03-31", "growth": {}, "earningsEstimate": {"avg": 0.0, "low": 0.0, "high": 0.0, "yearAgoEps": {}, "numberOfAnalysts": 0, "growth": {}}, "revenueEstimate": {"avg": 1061830000, "low": 1061830000, "high": 1061830000, "numberOfAnalysts": 1, "yearAgoRevenue": {}, "growth": {}}, "epsTrend": {"current": 0.0, "7daysAgo": 16.02, "30daysAgo": 16.02, "60daysAgo": 16.02, "90daysAgo": 16.02}, "epsRevisions": {"upLast7days": 0, "upLast30days": 0, "downLast30days": 0, "downLast90days": {}}}, {"maxAge": 1, "period": "+1y", "endDate": "2019-03-31", "growth": {}, "earningsEstimate": {"avg": 0.0, "low": 0.0, "high": 0.0, "yearAgoEps": {}, "numberOfAnalysts": 0, "growth": {}}, "revenueEstimate": {"avg": 1178630000, "low": 1178630000, "high": 1178630000, "numberOfAnalysts": 1, "yearAgoRevenue": 1061830000, "growth": 0.11}, "epsTrend": {"current": 0.0, "7daysAgo": 18.83, "30daysAgo": 18.83, "60daysAgo": 18.83, "90daysAgo": 18.83}, "epsRevisions": {"upLast7days": 0, "upLast30days": 0, "downLast30days": 0, "downLast90days": {}}}, {"maxAge": 1, "period": "+5y", "endDate": null, "growth": {}, "earningsEstimate": {"avg": {}, "low": {}, "high": {}, "yearAgoEps": {}, "numberOfAnalysts": {}, "growth": {}}, "revenueEstimate": {"avg": {}, "low": {}, "high": {}, "numberOfAnalysts": {}, "yearAgoRevenue": {}, "growth": {}}, "epsTrend": {"current": {}, "7daysAgo": {}, "30daysAgo": {}, "60daysAgo": {}, "90daysAgo": {}}, "epsRevisions": {"upLast7days": {}, "upLast30days": {}, "downLast30days": {}, "downLast90days": {}}}, {"maxAge": 1, "period": "-5y", "endDate": null, "growth": {}, "earningsEstimate": {"avg": {}, "low": {}, "high": {}, "yearAgoEps": {}, "numberOfAnalysts": {}, "growth": {}}, "revenueEstimate": {"avg": {}, "low": {}, "high": {}, "numberOfAnalysts": {}, "yearAgoRevenue": {}, "growth": {}}, "epsTrend": {"current": {}, "7daysAgo": {}, "30daysAgo": {}, "60daysAgo": {}, "90daysAgo": {}}, "epsRevisions": {"upLast7days": {}, "upLast30days": {}, "downLast30days": {}, "downLast90days": {}}}], "maxAge": 1}, "financialData": {"maxAge": 86400, "currentPrice": 147.0, "recommendationMean": 2.0, "recommendationKey": "buy", "grossProfits": 1129314230, "financialCurrency": "INR"}}}