{"AHLUCONT.BO": {"recommendationTrend": {"trend": [{"period": "0m", "strongBuy": 0, "buy": 0, "hold": 0, "sell": 0, "strongSell": 0}, {"period": "-1m", "strongBuy": 0, "buy": 0, "hold": 0, "sell": 0, "strongSell": 0}, {"period": "-2m", "strongBuy": 0, "buy": 0, "hold": 0, "sell": 0, "strongSell": 0}, {"period": "-3m", "strongBuy": 0, "buy": 0, "hold": 0, "sell": 0, "strongSell": 0}], "maxAge": 86400}, "cashflowStatementHistory": {"cashflowStatements": [{"maxAge": 1, "endDate": "2020-03-31", "netIncome": 643915000, "depreciation": 315476000, "changeToNetincome": 401174000, "changeToAccountReceivables": -436015000, "changeToLiabilities": 1943172000, "changeToInventory": -728654000, "changeToOperatingActivities": -1045958000, "totalCashFromOperatingActivities": 1096349000, "capitalExpenditures": -367518000, "investments": -186024000, "otherCashflowsFromInvestingActivities": 89616000, "totalCashflowsFromInvestingActivities": -458887000, "dividendsPaid": -20096000, "netBorrowings": -152743000, "otherCashflowsFromFinancingActivities": -190775000, "totalCashFromFinancingActivities": -363614000, "changeInCash": 273848000}, {"maxAge": 1, "endDate": "2019-03-31", "netIncome": 1173155000, "depreciation": 272844000, "changeToNetincome": -27066000, "changeToAccountReceivables": -925866000, "changeToLiabilities": 937344000, "changeToInventory": -331602000, "changeToOperatingActivities": -244170000, "totalCashFromOperatingActivities": 857374000, "capitalExpenditures": -298087000, "investments": -202230000, "otherCashflowsFromInvestingActivities": 69056000, "totalCashflowsFromInvestingActivities": -426110000, "dividendsPaid": -20096000, "netBorrowings": 313077000, "otherCashflowsFromFinancingActivities": -101987000, "totalCashFromFinancingActivities": 190994000, "changeInCash": 622258000}, {"maxAge": 1, "endDate": "2018-03-31", "netIncome": 1154182000, "depreciation": 253743000, "changeToNetincome": 110939000, "changeToAccountReceivables": -771687000, "changeToLiabilities": -488038000, "changeToInventory": 586803000, "changeToOperatingActivities": -38735000, "totalCashFromOperatingActivities": 809741000, "capitalExpenditures": -179040000, "investments": -66151000, "otherCashflowsFromInvestingActivities": 43074000, "totalCashflowsFromInvestingActivities": -198347000, "dividendsPaid": -20096000, "netBorrowings": -603151000, "otherCashflowsFromFinancingActivities": -93249000, "totalCashFromFinancingActivities": -696400000, "changeInCash": -85006000}, {"maxAge": 1, "endDate": "2017-03-31", "netIncome": 862417000, "depreciation": 237022000, "changeToNetincome": 495830000, "changeToAccountReceivables": -487182000, "changeToLiabilities": 454467000, "changeToInventory": -336723000, "changeToOperatingActivities": 37087000, "totalCashFromOperatingActivities": 1264935000, "capitalExpenditures": -203628000, "investments": -66151000, "otherCashflowsFromInvestingActivities": 114631000, "totalCashflowsFromInvestingActivities": -86874000, "dividendsPaid": -20096000, "netBorrowings": -518184000, "otherCashflowsFromFinancingActivities": -183219000, "totalCashFromFinancingActivities": -701403000, "changeInCash": 476657000}], "maxAge": 86400}, "institutionOwnership": {"maxAge": 1, "ownershipList": []}, "balanceSheetHistoryQuarterly": {"balanceSheetStatements": [{"maxAge": 1, "endDate": "2020-06-30", "totalStockholderEquity": 8028298000, "netTangibleAssets": 8004610000}, {"maxAge": 1, "endDate": "2020-03-31", "cash": 1650744000, "shortTermInvestments": 788621000, "netReceivables": 6193000000, "inventory": 2208011000, "otherCurrentAssets": 1939217000, "totalCurrentAssets": 12856408000, "longTermInvestments": 214806000, "propertyPlantEquipment": 2199993000, "goodWill": 13800000, "intangibleAssets": 9888000, "otherAssets": 2296216000, "deferredLongTermAssetCharges": 235777000, "totalAssets": 17591111000, "accountsPayable": 5230973000, "shortLongTermDebt": 3291000, "otherCurrentLiab": 2346294000, "longTermDebt": 5459000, "otherLiab": 776256000, "totalCurrentLiabilities": 8362494000, "totalLiab": 9562813000, "commonStock": 133975000, "retainedEarnings": 7385988000, "treasuryStock": 2235000, "capitalSurplus": 506100000, "otherStockholderEquity": 2235000, "totalStockholderEquity": 8028298000, "netTangibleAssets": 8004610000}, {"maxAge": 1, "endDate": "2019-12-31", "totalStockholderEquity": 7643379000, "netTangibleAssets": 7619362000}, {"maxAge": 1, "endDate": "2019-09-30", "cash": 1526569000, "shortTermInvestments": 176502000, "netReceivables": 6430530000, "inventory": 3462899000, "otherCurrentAssets": 696842000, "totalCurrentAssets": 12293342000, "longTermInvestments": 208020000, "propertyPlantEquipment": 1004108000, "goodWill": 13800000, "intangibleAssets": 10217000, "otherAssets": 2880703000, "deferredLongTermAssetCharges": 224021000, "totalAssets": 16410190000, "accountsPayable": 4683568000, "otherCurrentLiab": 2242777000, "longTermDebt": 5304000, "otherLiab": 1490844000, "totalCurrentLiabilities": 7270663000, "totalLiab": 8766811000, "commonStock": 133975000, "treasuryStock": 7509404000, "otherStockholderEquity": 7509404000, "totalStockholderEquity": 7643379000, "netTangibleAssets": 7619362000}], "maxAge": 86400}, "earningsHistory": {"history": [{"maxAge": 1, "epsActual": 4.35, "epsEstimate": 4.7, "epsDifference": -0.35, "surprisePercent": -0.074, "quarter": "2017-12-31", "period": "-4q"}, {"maxAge": 1, "epsActual": 4.63, "epsEstimate": 5.48, "epsDifference": -0.85, "surprisePercent": -0.155, "quarter": "2018-03-31", "period": "-3q"}, {"maxAge": 1, "epsActual": 4.21, "epsEstimate": 5.06, "epsDifference": -0.85, "surprisePercent": -0.168, "quarter": "2018-06-30", "period": "-2q"}, {"maxAge": 1, "epsActual": 4.65, "epsEstimate": 3.21, "epsDifference": 1.44, "surprisePercent": 0.449, "quarter": "2018-09-30", "period": "-1q"}], "maxAge": 86400}, "indexTrend": {"maxAge": 1, "symbol": "SP5", "peRatio": 19.7411, "pegRatio": 1.34172, "estimates": [{"period": "0q", "growth": 0.549}, {"period": "+1q", "growth": 0.431}, {"period": "0y", "growth": 0.305}, {"period": "+1y", "growth": 0.109}, {"period": "+5y", "growth": 0.120865}, {"period": "-5y"}]}, "industryTrend": {"maxAge": 1, "symbol": null, "estimates": []}, "insiderTransactions": {"transactions": [{"maxAge": 1, "shares": 898054, "filerUrl": "", "transactionText": "", "filerName": "Axis Mutual Fund Trustee Ltd", "filerRelation": "Institution- Corporation", "moneyText": "", "startDate": "2020-10-09", "ownership": "D"}, {"maxAge": 1, "shares": 15, "filerUrl": "", "transactionText": "", "filerName": "Ahluwalia (Vikas)", "filerRelation": "Executive Chairman", "moneyText": "", "startDate": "2019-09-05", "ownership": "D"}, {"maxAge": 1, "shares": 450, "filerUrl": "", "transactionText": "", "filerName": "Ahluwalia (Vikas)", "filerRelation": "Executive Chairman", "moneyText": "", "startDate": "2019-09-03", "ownership": "D"}, {"maxAge": 1, "shares": 10708, "filerUrl": "", "transactionText": "", "filerName": "Ahluwalia (Vikas)", "filerRelation": "Additonal Director", "moneyText": "", "startDate": "2019-08-29", "ownership": "D"}, {"maxAge": 1, "shares": 273, "filerUrl": "", "transactionText": "", "filerName": "Ahluwalia (Vikas)", "filerRelation": "Executive Chairman", "moneyText": "", "startDate": "2019-08-27", "ownership": "D"}, {"maxAge": 1, "shares": 455, "filerUrl": "", "transactionText": "", "filerName": "Ahluwalia (Vikas)", "filerRelation": "Executive Chairman", "moneyText": "", "startDate": "2019-08-23", "ownership": "D"}, {"maxAge": 1, "shares": 21158, "filerUrl": "", "transactionText": "", "filerName": "Ahluwalia (Vikas)", "filerRelation": "Executive Chairman", "moneyText": "", "startDate": "2019-08-22", "ownership": "D"}], "maxAge": 1}, "quoteType": {"exchange": "BSE", "quoteType": "EQUITY", "symbol": "AHLUCONT.BO", "underlyingSymbol": "AHLUCONT.BO", "shortName": "AHLUWALIA CONTRACTS (INDIA) LT", "longName": "Ahluwalia Contracts (India) Limited", "firstTradeDateEpochUtc": "2007-02-22 09:15:00", "timeZoneFullName": "Asia/Kolkata", "timeZoneShortName": "IST", "uuid": "25850d72-a7ce-3ae7-9516-321fdfd822b8", "messageBoardId": null, "gmtOffSetMilliseconds": 19800000, "maxAge": 1}, "incomeStatementHistory": {"incomeStatementHistory": [{"maxAge": 1, "endDate": "2020-03-31", "totalRevenue": 18849269000, "costOfRevenue": 14802554000, "grossProfit": 4046715000, "researchDevelopment": {}, "sellingGeneralAdministrative": 1854285000, "nonRecurring": {}, "otherOperatingExpenses": 244767000, "totalOperatingExpenses": 17641737000, "operatingIncome": 1207532000, "totalOtherIncomeExpenseNet": -242079000, "ebit": 1207532000, "interestExpense": -226352000, "incomeBeforeTax": 965453000, "incomeTaxExpense": 321538000, "minorityInterest": {}, "netIncomeFromContinuingOps": 643915000, "discontinuedOperations": {}, "extraordinaryItems": {}, "effectOfAccountingCharges": {}, "otherItems": {}, "netIncome": 643915000, "netIncomeApplicableToCommonShares": 643915000}, {"maxAge": 1, "endDate": "2019-03-31", "totalRevenue": 17547144000, "costOfRevenue": 13341767000, "grossProfit": 4205377000, "researchDevelopment": {}, "sellingGeneralAdministrative": 1643903000, "nonRecurring": {}, "otherOperatingExpenses": 300920000, "totalOperatingExpenses": 15659632000, "operatingIncome": 1887512000, "totalOtherIncomeExpenseNet": -93439000, "ebit": 1887512000, "interestExpense": -104090000, "incomeBeforeTax": 1794073000, "incomeTaxExpense": 620918000, "minorityInterest": {}, "netIncomeFromContinuingOps": 1173155000, "discontinuedOperations": {}, "extraordinaryItems": {}, "effectOfAccountingCharges": {}, "otherItems": {}, "netIncome": 1173155000, "netIncomeApplicableToCommonShares": 1173155000}, {"maxAge": 1, "endDate": "2018-03-31", "totalRevenue": 16465850000, "costOfRevenue": 12520342000, "grossProfit": 3945508000, "researchDevelopment": {}, "sellingGeneralAdministrative": 1529487000, "nonRecurring": {}, "otherOperatingExpenses": 225840000, "totalOperatingExpenses": 14533214000, "operatingIncome": 1932636000, "totalOtherIncomeExpenseNet": -184306000, "ebit": 1932636000, "interestExpense": -177969000, "incomeBeforeTax": 1748330000, "incomeTaxExpense": 594148000, "minorityInterest": {}, "netIncomeFromContinuingOps": 1154182000, "discontinuedOperations": {}, "extraordinaryItems": {}, "effectOfAccountingCharges": {}, "otherItems": {}, "netIncome": 1154182000, "netIncomeApplicableToCommonShares": 1154182000}, {"maxAge": 1, "endDate": "2017-03-31", "totalRevenue": 14265761000, "costOfRevenue": 10638632000, "grossProfit": 3627129000, "researchDevelopment": {}, "sellingGeneralAdministrative": 1685156000, "nonRecurring": {}, "otherOperatingExpenses": 208882000, "totalOperatingExpenses": 12771527000, "operatingIncome": 1494234000, "totalOtherIncomeExpenseNet": -184269000, "ebit": 1494234000, "interestExpense": -192160000, "incomeBeforeTax": 1309965000, "incomeTaxExpense": 447548000, "minorityInterest": {}, "netIncomeFromContinuingOps": 862417000, "discontinuedOperations": {}, "extraordinaryItems": {}, "effectOfAccountingCharges": {}, "otherItems": {}, "netIncome": 862417000, "netIncomeApplicableToCommonShares": 862417000}], "maxAge": 86400}, "fundOwnership": {"maxAge": 1, "ownershipList": [{"maxAge": 1, "reportDate": "2020-07-31", "organization": "DFA Emerging Markets Core Equity Portfolio", "pctHeld": 0.0004, "position": 25428, "value": 5511519}, {"maxAge": 1, "reportDate": "2020-07-31", "organization": "DFA Emerging Markets Small Cap Series", "pctHeld": 0.0004, "position": 24323, "value": 5272010}]}, "summaryDetail": {"maxAge": 1, "priceHint": 2, "previousClose": 285.45, "open": 283.1, "dayLow": 281.0, "dayHigh": 286.65, "regularMarketPreviousClose": 285.45, "regularMarketOpen": 283.1, "regularMarketDayLow": 281.0, "regularMarketDayHigh": 286.65, "trailingPE": 39.861362, "forwardPE": 10.550407, "volume": 550, "regularMarketVolume": 550, "averageVolume": 4859, "averageVolume10days": 3910, "averageDailyVolume10Day": 3910, "bid": 285.0, "ask": 289.0, "bidSize": 0, "askSize": 0, "marketCap": 19068020736, "fiftyTwoWeekLow": 136.05, "fiftyTwoWeekHigh": 369.3, "fiftyDayAverage": 280.56143, "twoHundredDayAverage": 253.10547, "trailingAnnualDividendRate": 0.3, "trailingAnnualDividendYield": 0.0010509721, "currency": "INR", "fromCurrency": null, "toCurrency": null, "lastMarket": null, "algorithm": null, "tradeable": false}, "sectorTrend": {"maxAge": 1, "symbol": null, "estimates": []}, "incomeStatementHistoryQuarterly": {"incomeStatementHistory": [{"maxAge": 1, "endDate": "2020-06-30", "totalRevenue": 2498465000, "costOfRevenue": 1932969000, "grossProfit": 565496000, "researchDevelopment": {}, "sellingGeneralAdministrative": 264441000, "nonRecurring": {}, "otherOperatingExpenses": 115846000, "totalOperatingExpenses": 2385561000, "operatingIncome": 112904000, "totalOtherIncomeExpenseNet": -12146000, "ebit": 112904000, "interestExpense": -82727000, "incomeBeforeTax": 100758000, "incomeTaxExpense": 26058000, "minorityInterest": {}, "netIncomeFromContinuingOps": 74700000, "discontinuedOperations": {}, "extraordinaryItems": {}, "effectOfAccountingCharges": {}, "otherItems": {}, "netIncome": 74700000, "netIncomeApplicableToCommonShares": 74700000}, {"maxAge": 1, "endDate": "2020-03-31", "totalRevenue": 7125137000, "costOfRevenue": 5782406000, "grossProfit": 1342731000, "researchDevelopment": {}, "sellingGeneralAdministrative": 733677000, "nonRecurring": {}, "otherOperatingExpenses": -137519000, "totalOperatingExpenses": 6880948000, "operatingIncome": 244189000, "totalOtherIncomeExpenseNet": -68715000, "ebit": 244189000, "interestExpense": -82727000, "incomeBeforeTax": 175474000, "incomeTaxExpense": 40450000, "minorityInterest": {}, "netIncomeFromContinuingOps": 135024000, "discontinuedOperations": {}, "extraordinaryItems": {}, "effectOfAccountingCharges": {}, "otherItems": {}, "netIncome": 135024000, "netIncomeApplicableToCommonShares": 135024000}, {"maxAge": 1, "endDate": "2019-12-31", "totalRevenue": 4383218000, "costOfRevenue": 3356840000, "grossProfit": 1026378000, "researchDevelopment": {}, "sellingGeneralAdministrative": 370402000, "nonRecurring": {}, "otherOperatingExpenses": 229157000, "totalOperatingExpenses": 4037622000, "operatingIncome": 345596000, "totalOtherIncomeExpenseNet": -68392000, "ebit": 345596000, "interestExpense": -93460000, "incomeBeforeTax": 277204000, "incomeTaxExpense": 72524000, "minorityInterest": {}, "netIncomeFromContinuingOps": 204680000, "discontinuedOperations": {}, "extraordinaryItems": {}, "effectOfAccountingCharges": {}, "otherItems": {}, "netIncome": 204680000, "netIncomeApplicableToCommonShares": 204680000}, {"maxAge": 1, "endDate": "2019-09-30", "totalRevenue": 4172885000, "costOfRevenue": 3320743000, "grossProfit": 852142000, "researchDevelopment": {}, "sellingGeneralAdministrative": 387901000, "nonRecurring": {}, "otherOperatingExpenses": 81534000, "totalOperatingExpenses": 3869581000, "operatingIncome": 303304000, "totalOtherIncomeExpenseNet": -65498000, "ebit": 303304000, "interestExpense": -85273000, "incomeBeforeTax": 237806000, "incomeTaxExpense": 111706000, "minorityInterest": {}, "netIncomeFromContinuingOps": 126100000, "discontinuedOperations": {}, "extraordinaryItems": {}, "effectOfAccountingCharges": {}, "otherItems": {}, "netIncome": 126100000, "netIncomeApplicableToCommonShares": 126100000}], "maxAge": 86400}, "cashflowStatementHistoryQuarterly": {"cashflowStatements": [{"maxAge": 1, "endDate": "2020-06-30", "netIncome": 74700000, "changeToLiabilities": 0}, {"maxAge": 1, "endDate": "2020-03-31", "netIncome": 135024000, "changeToLiabilities": 0}, {"maxAge": 1, "endDate": "2019-12-31", "netIncome": 204680000, "changeToLiabilities": 0}, {"maxAge": 1, "endDate": "2019-09-30", "netIncome": 126100000, "changeToLiabilities": 0}], "maxAge": 86400}, "insiderHolders": {"holders": [{"maxAge": 1, "name": "Ahluwalia (Vikas)", "relation": "Executive Chairman", "url": "", "transactionDescription": "Acquisition", "latestTransDate": "2019-09-05", "positionDirect": 7994257, "positionDirectDate": "2019-09-05"}, {"maxAge": 1, "name": "Axis Mutual Fund Trustee Ltd", "relation": "Institution- Corporation", "url": "", "transactionDescription": "Acquisition", "latestTransDate": "2020-10-09", "positionDirect": 3942363, "positionDirectDate": "2020-10-09"}], "maxAge": 1}, "earnings": {"maxAge": 86400, "earningsChart": {"quarterly": [{"date": "4Q2017", "actual": 4.35, "estimate": 4.7}, {"date": "1Q2018", "actual": 4.63, "estimate": 5.48}, {"date": "2Q2018", "actual": 4.21, "estimate": 5.06}, {"date": "3Q2018", "actual": 4.65, "estimate": 3.21}], "currentQuarterEstimateDate": "4Q", "currentQuarterEstimateYear": 2018, "earningsDate": []}, "financialsChart": {"yearly": [{"date": 2017, "revenue": 14265761000, "earnings": 862417000}, {"date": 2018, "revenue": 16465850000, "earnings": 1154182000}, {"date": 2019, "revenue": 17547144000, "earnings": 1173155000}, {"date": 2020, "revenue": 18849269000, "earnings": 643915000}], "quarterly": [{"date": "3Q2019", "revenue": 4172885000, "earnings": 126100000}, {"date": "4Q2019", "revenue": 4383218000, "earnings": 204680000}, {"date": "1Q2020", "revenue": 7125137000, "earnings": 135024000}, {"date": "2Q2020", "revenue": 2498465000, "earnings": 74700000}]}, "financialCurrency": "INR"}, "calendarEvents": {"maxAge": 1, "earnings": {"earningsDate": []}}, "price": {"maxAge": 1, "regularMarketChangePercent": -0.0028026565, "regularMarketChange": -0.8000183, "regularMarketTime": "2021-04-30 15:28:07", "priceHint": 2, "regularMarketPrice": 284.65, "regularMarketDayHigh": 286.65, "regularMarketDayLow": 281.0, "regularMarketVolume": 550, "averageDailyVolume10Day": 3910, "averageDailyVolume3Month": 4859, "regularMarketPreviousClose": 285.45, "regularMarketSource": "FREE_REALTIME", "regularMarketOpen": 283.1, "exchange": "BSE", "exchangeName": "BSE", "exchangeDataDelayedBy": 0, "marketState": "CLOSED", "quoteType": "EQUITY", "symbol": "AHLUCONT.BO", "underlyingSymbol": null, "shortName": "AHLUWALIA CONTRACTS (INDIA) LT", "longName": "Ahluwalia Contracts (India) Limited", "currency": "INR", "quoteSourceName": "Delayed Quote", "currencySymbol": "\u20b9", "fromCurrency": null, "toCurrency": null, "lastMarket": null, "marketCap": 19068020736}, "balanceSheetHistory": {"balanceSheetStatements": [{"maxAge": 1, "endDate": "2020-03-31", "cash": 1650744000, "shortTermInvestments": 788621000, "netReceivables": 6193000000, "inventory": 2208011000, "otherCurrentAssets": 1939217000, "totalCurrentAssets": 12856408000, "longTermInvestments": 214806000, "propertyPlantEquipment": 2199993000, "goodWill": 13800000, "intangibleAssets": 9888000, "otherAssets": 2296216000, "deferredLongTermAssetCharges": 235777000, "totalAssets": 17591111000, "accountsPayable": 5230973000, "shortLongTermDebt": 3291000, "otherCurrentLiab": 2346294000, "longTermDebt": 5459000, "otherLiab": 776256000, "totalCurrentLiabilities": 8362494000, "totalLiab": 9562813000, "commonStock": 133975000, "retainedEarnings": 7385988000, "treasuryStock": 2235000, "capitalSurplus": 506100000, "otherStockholderEquity": 2235000, "totalStockholderEquity": 8028298000, "netTangibleAssets": 8004610000}, {"maxAge": 1, "endDate": "2019-03-31", "cash": 1376896000, "shortTermInvestments": 715671000, "netReceivables": 6010875000, "inventory": 1481110000, "otherCurrentAssets": 1669062000, "totalCurrentAssets": 11315730000, "longTermInvestments": 101732000, "propertyPlantEquipment": 1856627000, "goodWill": 13800000, "intangibleAssets": 9595000, "otherAssets": 1557045000, "deferredLongTermAssetCharges": 283272000, "totalAssets": 14854529000, "accountsPayable": 4285249000, "shortLongTermDebt": 2426000, "otherCurrentLiab": 1658874000, "longTermDebt": 6292000, "otherLiab": 673376000, "totalCurrentLiabilities": 6802475000, "totalLiab": 7482143000, "commonStock": 133975000, "retainedEarnings": 6730076000, "treasuryStock": 2235000, "capitalSurplus": 506100000, "otherStockholderEquity": 2235000, "totalStockholderEquity": 7372386000, "netTangibleAssets": 7348991000}, {"maxAge": 1, "endDate": "2018-03-31", "cash": 754638000, "shortTermInvestments": 492809000, "netReceivables": 5688881000, "inventory": 1891344000, "otherCurrentAssets": 228336000, "totalCurrentAssets": 9100485000, "longTermInvestments": 122364000, "propertyPlantEquipment": 970425000, "goodWill": 13800000, "intangibleAssets": 7818000, "otherAssets": 2305886000, "deferredLongTermAssetCharges": 217146000, "totalAssets": 12520778000, "accountsPayable": 3777595000, "shortLongTermDebt": 1864000, "otherCurrentLiab": 1661685000, "longTermDebt": 7297000, "otherLiab": 303022000, "totalCurrentLiabilities": 5997059000, "totalLiab": 6307378000, "commonStock": 133975000, "retainedEarnings": 5571090000, "treasuryStock": 2235000, "capitalSurplus": 506100000, "otherStockholderEquity": 2235000, "totalStockholderEquity": 6213400000, "netTangibleAssets": 6191782000}, {"maxAge": 1, "endDate": "2017-03-31", "cash": 839644000, "netReceivables": 4578801000, "inventory": 2478147000, "otherCurrentAssets": 517184000, "totalCurrentAssets": 8457092000, "longTermInvestments": 4556000, "propertyPlantEquipment": 1050908000, "goodWill": 13800000, "intangibleAssets": 4929000, "otherAssets": 2791949000, "deferredLongTermAssetCharges": 146667000, "totalAssets": 12323234000, "accountsPayable": 3522105000, "shortLongTermDebt": 1423000, "otherCurrentLiab": 1899191000, "longTermDebt": 19000, "otherLiab": 664825000, "totalCurrentLiabilities": 6610780000, "totalLiab": 7275624000, "commonStock": 133975000, "retainedEarnings": 4404483000, "treasuryStock": 3052000, "capitalSurplus": 506100000, "otherStockholderEquity": 3052000, "totalStockholderEquity": 5047610000, "netTangibleAssets": 5028881000}], "maxAge": 86400}, "earningsTrend": {"trend": [{"maxAge": 1, "period": "0q", "endDate": "2018-12-31", "growth": {}, "earningsEstimate": {"avg": 0.0, "low": 0.0, "high": 0.0, "yearAgoEps": 4.35, "numberOfAnalysts": 0, "growth": {}}, "revenueEstimate": {"avg": 0, "low": 0, "high": 0, "numberOfAnalysts": 0, "yearAgoRevenue": {}, "growth": {}}, "epsTrend": {"current": 0.0, "7daysAgo": 0.0, "30daysAgo": 0.0, "60daysAgo": 0.0, "90daysAgo": 0.0}, "epsRevisions": {"upLast7days": 0, "upLast30days": 0, "downLast30days": 0, "downLast90days": {}}}, {"maxAge": 1, "period": "+1q", "endDate": "2019-03-31", "growth": {}, "earningsEstimate": {"avg": 0.0, "low": 0.0, "high": 0.0, "yearAgoEps": 4.63, "numberOfAnalysts": 0, "growth": {}}, "revenueEstimate": {"avg": 0, "low": 0, "high": 0, "numberOfAnalysts": 0, "yearAgoRevenue": {}, "growth": {}}, "epsTrend": {"current": 0.0, "7daysAgo": 0.0, "30daysAgo": 0.0, "60daysAgo": 0.0, "90daysAgo": 0.0}, "epsRevisions": {"upLast7days": 0, "upLast30days": 0, "downLast30days": 0, "downLast90days": {}}}, {"maxAge": 1, "period": "0y", "endDate": "2019-03-31", "growth": {}, "earningsEstimate": {"avg": 0.0, "low": 0.0, "high": 0.0, "yearAgoEps": {}, "numberOfAnalysts": 0, "growth": {}}, "revenueEstimate": {"avg": 19382100000, "low": 18965000000, "high": 20140000000, "numberOfAnalysts": 9, "yearAgoRevenue": 16465800000, "growth": 0.177}, "epsTrend": {"current": 0.0, "7daysAgo": 21.92, "30daysAgo": 21.92, "60daysAgo": 21.92, "90daysAgo": 21.92}, "epsRevisions": {"upLast7days": 0, "upLast30days": 1, "downLast30days": 0, "downLast90days": {}}}, {"maxAge": 1, "period": "+1y", "endDate": "2020-03-31", "growth": {}, "earningsEstimate": {"avg": 0.0, "low": 0.0, "high": 0.0, "yearAgoEps": {}, "numberOfAnalysts": 0, "growth": {}}, "revenueEstimate": {"avg": 23115100000, "low": 22148000000, "high": 24697000000, "numberOfAnalysts": 9, "yearAgoRevenue": 19382100000, "growth": 0.19299999}, "epsTrend": {"current": 0.0, "7daysAgo": 26.98, "30daysAgo": 26.98, "60daysAgo": 26.98, "90daysAgo": 26.98}, "epsRevisions": {"upLast7days": 0, "upLast30days": 1, "downLast30days": 0, "downLast90days": {}}}, {"maxAge": 1, "period": "+5y", "endDate": null, "growth": -0.19399999, "earningsEstimate": {"avg": {}, "low": {}, "high": {}, "yearAgoEps": {}, "numberOfAnalysts": {}, "growth": {}}, "revenueEstimate": {"avg": {}, "low": {}, "high": {}, "numberOfAnalysts": {}, "yearAgoRevenue": {}, "growth": {}}, "epsTrend": {"current": {}, "7daysAgo": {}, "30daysAgo": {}, "60daysAgo": {}, "90daysAgo": {}}, "epsRevisions": {"upLast7days": {}, "upLast30days": {}, "downLast30days": {}, "downLast90days": {}}}, {"maxAge": 1, "period": "-5y", "endDate": null, "growth": {}, "earningsEstimate": {"avg": {}, "low": {}, "high": {}, "yearAgoEps": {}, "numberOfAnalysts": {}, "growth": {}}, "revenueEstimate": {"avg": {}, "low": {}, "high": {}, "numberOfAnalysts": {}, "yearAgoRevenue": {}, "growth": {}}, "epsTrend": {"current": {}, "7daysAgo": {}, "30daysAgo": {}, "60daysAgo": {}, "90daysAgo": {}}, "epsRevisions": {"upLast7days": {}, "upLast30days": {}, "downLast30days": {}, "downLast90days": {}}}], "maxAge": 1}, "financialData": {"maxAge": 86400, "currentPrice": 284.65, "targetHighPrice": 500.0, "targetLowPrice": 406.0, "targetMeanPrice": 445.45, "targetMedianPrice": 449.0, "recommendationKey": "none", "numberOfAnalystOpinions": 11, "grossProfits": 4046715000, "financialCurrency": "INR"}}}