{"AHLWEST.BO": {"cashflowStatementHistory": {"cashflowStatements": [{"maxAge": 1, "endDate": "2020-03-31", "netIncome": 9900000, "depreciation": 513283000, "changeToNetincome": 1005500000, "changeToAccountReceivables": 52590000, "changeToLiabilities": -46370000, "changeToInventory": 6575000, "changeToOperatingActivities": -26614000, "totalCashFromOperatingActivities": 1521724000, "capitalExpenditures": -211643000, "investments": -54515000, "otherCashflowsFromInvestingActivities": 32447000, "totalCashflowsFromInvestingActivities": -232496000, "dividendsPaid": -18704000, "netBorrowings": -249239000, "otherCashflowsFromFinancingActivities": -959666000, "totalCashFromFinancingActivities": -1227609000, "changeInCash": 61619000}, {"maxAge": 1, "endDate": "2019-03-31", "netIncome": 748448000, "depreciation": 461454000, "changeToNetincome": 344870000, "changeToAccountReceivables": 17905000, "changeToLiabilities": 79384000, "changeToInventory": -17969000, "changeToOperatingActivities": 28335000, "totalCashFromOperatingActivities": 1690937000, "capitalExpenditures": -98470000, "investments": -315008000, "otherCashflowsFromInvestingActivities": 15950000, "totalCashflowsFromInvestingActivities": -1309008000, "dividendsPaid": -11458000, "netBorrowings": 197674000, "otherCashflowsFromFinancingActivities": -873286000, "totalCashFromFinancingActivities": -562275000, "changeInCash": -180347000, "issuanceOfStock": 59795000}, {"maxAge": 1, "endDate": "2018-03-31", "netIncome": -86306000, "depreciation": 554366000, "changeToNetincome": 796803000, "changeToAccountReceivables": -21474000, "changeToLiabilities": 57326000, "changeToInventory": 13995000, "changeToOperatingActivities": 84824000, "totalCashFromOperatingActivities": 1439018000, "capitalExpenditures": -228745000, "investments": -151943000, "otherCashflowsFromInvestingActivities": 386000, "totalCashflowsFromInvestingActivities": -310022000, "dividendsPaid": -11458000, "netBorrowings": -46709000, "otherCashflowsFromFinancingActivities": -917258000, "totalCashFromFinancingActivities": -963967000, "changeInCash": 165028000, "issuanceOfStock": 59795000}, {"maxAge": 1, "endDate": "2017-03-31", "netIncome": -312300000, "depreciation": 543781000, "changeToNetincome": 912120000, "changeToAccountReceivables": -64871000, "changeToLiabilities": -20556000, "changeToInventory": -2878000, "changeToOperatingActivities": -232787000, "totalCashFromOperatingActivities": 827581000, "capitalExpenditures": -224331000, "investments": -22883000, "otherCashflowsFromInvestingActivities": 2317000, "totalCashflowsFromInvestingActivities": -236007000, "dividendsPaid": -11458000, "netBorrowings": -307196000, "otherCashflowsFromFinancingActivities": -275780000, "totalCashFromFinancingActivities": -582976000, "changeInCash": 8598000, "issuanceOfStock": 59795000}], "maxAge": 86400}, "institutionOwnership": {"maxAge": 1, "ownershipList": []}, "balanceSheetHistoryQuarterly": {"balanceSheetStatements": [{"maxAge": 1, "endDate": "2020-06-30", "totalStockholderEquity": 1108249000, "netTangibleAssets": 1092350000}, {"maxAge": 1, "endDate": "2020-03-31", "cash": 184418000, "shortTermInvestments": 537910000, "netReceivables": 188020000, "inventory": 80336000, "otherCurrentAssets": 163262000, "totalCurrentAssets": 1191426000, "propertyPlantEquipment": 9847372000, "intangibleAssets": 15899000, "otherAssets": 676566000, "deferredLongTermAssetCharges": 274021000, "totalAssets": 11731263000, "accountsPayable": 299219000, "shortLongTermDebt": 125131000, "otherCurrentLiab": 250009000, "longTermDebt": 7348967000, "otherLiab": 323299000, "minorityInterest": 280000, "totalCurrentLiabilities": 1131028000, "totalLiab": 10622734000, "commonStock": 116512000, "retainedEarnings": 517067000, "treasuryStock": 402368000, "capitalSurplus": 72302000, "otherStockholderEquity": 402368000, "totalStockholderEquity": 1108249000, "netTangibleAssets": 1092350000}, {"maxAge": 1, "endDate": "2019-12-31", "totalStockholderEquity": 1010271000, "netTangibleAssets": 993378000}, {"maxAge": 1, "endDate": "2019-09-30", "cash": 683090000, "shortTermInvestments": 5454000, "netReceivables": 219364000, "inventory": 81473000, "otherCurrentAssets": 218971000, "totalCurrentAssets": 1208352000, "propertyPlantEquipment": 9991059000, "intangibleAssets": 16893000, "otherAssets": 640042000, "deferredLongTermAssetCharges": 295476000, "totalAssets": 11856346000, "accountsPayable": 313532000, "otherCurrentLiab": 521589000, "longTermDebt": 7695563000, "otherLiab": 331976000, "minorityInterest": 304000, "totalCurrentLiabilities": 1084539000, "totalLiab": 10845771000, "commonStock": 116512000, "treasuryStock": 893759000, "otherStockholderEquity": 893759000, "totalStockholderEquity": 1010271000, "netTangibleAssets": 993378000}], "maxAge": 86400}, "indexTrend": {"maxAge": 1, "symbol": "SP5", "peRatio": 19.7411, "pegRatio": 1.34172, "estimates": [{"period": "0q", "growth": 0.549}, {"period": "+1q", "growth": 0.431}, {"period": "0y", "growth": 0.305}, {"period": "+1y", "growth": 0.109}, {"period": "+5y", "growth": 0.120865}, {"period": "-5y"}]}, "insiderTransactions": {"transactions": [{"maxAge": 1, "shares": 10000, "value": 32684, "filerUrl": "", "transactionText": "Purchase at price 3.27 per share.", "filerName": "Gupta (Vinita D)", "filerRelation": "Promoter", "moneyText": "", "startDate": "2020-09-11", "ownership": "D"}, {"maxAge": 1, "shares": 100000, "value": 348770, "filerUrl": "", "transactionText": "Purchase at price 3.49 per share.", "filerName": "Gupta (Sandeep)", "filerRelation": "Wholetime Director", "moneyText": "", "startDate": "2020-08-28", "ownership": "D"}, {"maxAge": 1, "shares": 4070, "filerUrl": "", "transactionText": "", "filerName": "Gupta (Sandeep)", "filerRelation": "Wholetime Director", "moneyText": "", "startDate": "2020-03-24", "ownership": "D"}, {"maxAge": 1, "shares": 4862, "filerUrl": "", "transactionText": "", "filerName": "Gupta (Sandeep)", "filerRelation": "Wholetime Director", "moneyText": "", "startDate": "2020-03-18", "ownership": "D"}, {"maxAge": 1, "shares": 3915, "filerUrl": "", "transactionText": "", "filerName": "Gupta (Sandeep)", "filerRelation": "Wholetime Director", "moneyText": "", "startDate": "2020-03-09", "ownership": "D"}, {"maxAge": 1, "shares": 5785, "filerUrl": "", "transactionText": "", "filerName": "Gupta (Sandeep)", "filerRelation": "Wholetime Director", "moneyText": "", "startDate": "2020-03-06", "ownership": "D"}, {"maxAge": 1, "shares": 4103, "filerUrl": "", "transactionText": "", "filerName": "Gupta (Sandeep)", "filerRelation": "Wholetime Director", "moneyText": "", "startDate": "2020-03-05", "ownership": "D"}, {"maxAge": 1, "shares": 3637, "filerUrl": "", "transactionText": "", "filerName": "Gupta (Sandeep)", "filerRelation": "Wholetime Director", "moneyText": "", "startDate": "2020-02-25", "ownership": "D"}, {"maxAge": 1, "shares": 4117, "filerUrl": "", "transactionText": "", "filerName": "Gupta (Sandeep)", "filerRelation": "Wholetime Director", "moneyText": "", "startDate": "2020-02-17", "ownership": "D"}, {"maxAge": 1, "shares": 12304, "filerUrl": "", "transactionText": "", "filerName": "Gupta (Sandeep)", "filerRelation": "Wholetime Director", "moneyText": "", "startDate": "2019-12-27", "ownership": "D"}, {"maxAge": 1, "shares": 62, "filerUrl": "", "transactionText": "", "filerName": "Gupta (Sandeep)", "filerRelation": "Wholetime Director", "moneyText": "", "startDate": "2019-12-09", "ownership": "D"}, {"maxAge": 1, "shares": 6583, "filerUrl": "", "transactionText": "", "filerName": "Gupta (Sandeep)", "filerRelation": "Wholetime Director", "moneyText": "", "startDate": "2019-09-27", "ownership": "D"}, {"maxAge": 1, "shares": 4361, "filerUrl": "", "transactionText": "", "filerName": "Gupta (Sandeep)", "filerRelation": "Wholetime Director", "moneyText": "", "startDate": "2019-09-26", "ownership": "D"}, {"maxAge": 1, "shares": 6846, "filerUrl": "", "transactionText": "", "filerName": "Gupta (Sandeep)", "filerRelation": "Wholetime Director", "moneyText": "", "startDate": "2019-09-20", "ownership": "D"}, {"maxAge": 1, "shares": 3237, "filerUrl": "", "transactionText": "", "filerName": "Gupta (Sandeep)", "filerRelation": "Wholetime Director", "moneyText": "", "startDate": "2019-09-13", "ownership": "D"}, {"maxAge": 1, "shares": 4176, "filerUrl": "", "transactionText": "", "filerName": "Gupta (Sandeep)", "filerRelation": "Wholetime Director", "moneyText": "", "startDate": "2019-09-03", "ownership": "D"}, {"maxAge": 1, "shares": 4547, "filerUrl": "", "transactionText": "", "filerName": "Gupta (Sandeep)", "filerRelation": "Wholetime Director", "moneyText": "", "startDate": "2019-08-29", "ownership": "D"}, {"maxAge": 1, "shares": 5614, "filerUrl": "", "transactionText": "", "filerName": "Gupta (Sandeep)", "filerRelation": "Wholetime Director", "moneyText": "", "startDate": "2019-08-26", "ownership": "D"}, {"maxAge": 1, "shares": 5518, "filerUrl": "", "transactionText": "", "filerName": "Gupta (Chaman Lal & Sons) HUF", "filerRelation": "Promoter", "moneyText": "", "startDate": "2019-07-31", "ownership": "D"}, {"maxAge": 1, "shares": 5518, "filerUrl": "", "transactionText": "", "filerName": "Gupta (Sandeep)", "filerRelation": "Wholetime Director", "moneyText": "", "startDate": "2019-07-31", "ownership": "D"}, {"maxAge": 1, "shares": 2983, "filerUrl": "", "transactionText": "", "filerName": "Gupta (Sandeep)", "filerRelation": "Wholetime Director", "moneyText": "", "startDate": "2019-06-27", "ownership": "D"}, {"maxAge": 1, "shares": 85000, "filerUrl": "", "transactionText": "", "filerName": "Chaman Lal Brij Rani Charitable Trust", "filerRelation": "UNREPORTED", "moneyText": "", "startDate": "2019-06-20", "ownership": "D"}, {"maxAge": 1, "shares": 85000, "filerUrl": "", "transactionText": "", "filerName": "Gupta (Chaman Lal & Sons) HUF", "filerRelation": "Promoter", "moneyText": "", "startDate": "2019-06-20", "ownership": "D"}, {"maxAge": 1, "shares": 3077, "filerUrl": "", "transactionText": "", "filerName": "Gupta (Sandeep)", "filerRelation": "Wholetime Director", "moneyText": "", "startDate": "2019-06-20", "ownership": "D"}, {"maxAge": 1, "shares": 16277, "filerUrl": "", "transactionText": "", "filerName": "Gupta (Sandeep)", "filerRelation": "Wholetime Director", "moneyText": "", "startDate": "2019-06-12", "ownership": "D"}, {"maxAge": 1, "shares": 3115, "filerUrl": "", "transactionText": "", "filerName": "Gupta (Sandeep)", "filerRelation": "Wholetime Director", "moneyText": "", "startDate": "2019-06-04", "ownership": "D"}, {"maxAge": 1, "shares": 259769, "filerUrl": "", "transactionText": "", "filerName": "Gupta (Chaman Lal & Sons) HUF", "filerRelation": "Promoter", "moneyText": "", "startDate": "2019-05-31", "ownership": "D"}, {"maxAge": 1, "shares": 340414, "filerUrl": "", "transactionText": "", "filerName": "Gupta (Sushil Kumar)", "filerRelation": "Chairman of the Board", "moneyText": "", "startDate": "2019-05-31", "ownership": "D"}, {"maxAge": 1, "shares": 4550, "filerUrl": "", "transactionText": "", "filerName": "Gupta (Sandeep)", "filerRelation": "Wholetime Director", "moneyText": "", "startDate": "2019-05-30", "ownership": "D"}, {"maxAge": 1, "shares": 3034, "filerUrl": "", "transactionText": "", "filerName": "Gupta (Sandeep)", "filerRelation": "Wholetime Director", "moneyText": "", "startDate": "2019-03-19", "ownership": "D"}, {"maxAge": 1, "shares": 2982, "filerUrl": "", "transactionText": "", "filerName": "Gupta (Sandeep)", "filerRelation": "Wholetime Director", "moneyText": "", "startDate": "2019-03-05", "ownership": "D"}, {"maxAge": 1, "shares": 3572, "filerUrl": "", "transactionText": "", "filerName": "Gupta (Sandeep)", "filerRelation": "Wholetime Director", "moneyText": "", "startDate": "2019-02-19", "ownership": "D"}, {"maxAge": 1, "shares": 3442, "filerUrl": "", "transactionText": "", "filerName": "Gupta (Sandeep)", "filerRelation": "Wholetime Director", "moneyText": "", "startDate": "2019-02-01", "ownership": "D"}, {"maxAge": 1, "shares": 3266, "filerUrl": "", "transactionText": "", "filerName": "Gupta (Sandeep)", "filerRelation": "Wholetime Director", "moneyText": "", "startDate": "2019-01-31", "ownership": "D"}, {"maxAge": 1, "shares": 20162, "filerUrl": "", "transactionText": "", "filerName": "Gupta (Sandeep)", "filerRelation": "Wholetime Director", "moneyText": "", "startDate": "2019-01-30", "ownership": "D"}, {"maxAge": 1, "shares": 3569, "filerUrl": "", "transactionText": "", "filerName": "Gupta (Sandeep)", "filerRelation": "Wholetime Director", "moneyText": "", "startDate": "2018-12-03", "ownership": "D"}], "maxAge": 1}, "quoteType": {"exchange": "BSE", "quoteType": "EQUITY", "symbol": "AHLWEST.BO", "underlyingSymbol": "AHLWEST.BO", "shortName": "ASIAN HOTELS (WEST) LTD.", "longName": "Asian Hotels (West) Limited", "firstTradeDateEpochUtc": "2010-08-05 09:15:00", "timeZoneFullName": "Asia/Kolkata", "timeZoneShortName": "IST", "uuid": "25bc1cd6-b32f-3901-8d1d-b49dff32fe13", "messageBoardId": null, "gmtOffSetMilliseconds": 19800000, "maxAge": 1}, "incomeStatementHistory": {"incomeStatementHistory": [{"maxAge": 1, "endDate": "2020-03-31", "totalRevenue": 4374744000, "costOfRevenue": 1399501000, "grossProfit": 2975243000, "researchDevelopment": {}, "sellingGeneralAdministrative": 85692000, "nonRecurring": {}, "otherOperatingExpenses": 1252880000, "totalOperatingExpenses": 3258216000, "operatingIncome": 1116528000, "totalOtherIncomeExpenseNet": -1024314000, "ebit": 1116528000, "interestExpense": -1022932000, "incomeBeforeTax": 92214000, "incomeTaxExpense": 82320000, "minorityInterest": 280000, "netIncomeFromContinuingOps": 9894000, "discontinuedOperations": {}, "extraordinaryItems": {}, "effectOfAccountingCharges": {}, "otherItems": {}, "netIncome": 9900000, "netIncomeApplicableToCommonShares": 9900000}, {"maxAge": 1, "endDate": "2019-03-31", "totalRevenue": 4496417000, "costOfRevenue": 1334758000, "grossProfit": 3161659000, "researchDevelopment": {}, "sellingGeneralAdministrative": 80881000, "nonRecurring": {}, "otherOperatingExpenses": 1334342000, "totalOperatingExpenses": 3217573000, "operatingIncome": 1278844000, "totalOtherIncomeExpenseNet": -895783000, "ebit": 1278844000, "interestExpense": -859650000, "incomeBeforeTax": 383061000, "incomeTaxExpense": -361424000, "minorityInterest": 285000, "netIncomeFromContinuingOps": 744485000, "discontinuedOperations": {}, "extraordinaryItems": {}, "effectOfAccountingCharges": {}, "otherItems": {}, "netIncome": 748448000, "netIncomeApplicableToCommonShares": 748448000}, {"maxAge": 1, "endDate": "2018-03-31", "totalRevenue": 3887462000, "costOfRevenue": 1233407000, "grossProfit": 2654055000, "researchDevelopment": {}, "sellingGeneralAdministrative": 78194000, "nonRecurring": {}, "otherOperatingExpenses": 1197869000, "totalOperatingExpenses": 3069226000, "operatingIncome": 818236000, "totalOtherIncomeExpenseNet": -914035000, "ebit": 818236000, "interestExpense": -867525000, "incomeBeforeTax": -95799000, "incomeTaxExpense": 17749000, "minorityInterest": 98605000, "netIncomeFromContinuingOps": -113548000, "discontinuedOperations": {}, "extraordinaryItems": {}, "effectOfAccountingCharges": {}, "otherItems": {}, "netIncome": -86306000, "netIncomeApplicableToCommonShares": -86306000}, {"maxAge": 1, "endDate": "2017-03-31", "totalRevenue": 3642519000, "costOfRevenue": 1171466000, "grossProfit": 2471053000, "researchDevelopment": {}, "sellingGeneralAdministrative": 108390000, "nonRecurring": {}, "otherOperatingExpenses": 1138807000, "totalOperatingExpenses": 2967516000, "operatingIncome": 675003000, "totalOtherIncomeExpenseNet": -981801000, "ebit": 675003000, "interestExpense": -934523000, "incomeBeforeTax": -306798000, "incomeTaxExpense": 5502000, "minorityInterest": 125847000, "netIncomeFromContinuingOps": -312300000, "discontinuedOperations": {}, "extraordinaryItems": {}, "effectOfAccountingCharges": {}, "otherItems": {}, "netIncome": -312300000, "netIncomeApplicableToCommonShares": -312300000}], "maxAge": 86400}, "fundOwnership": {"maxAge": 1, "ownershipList": []}, "summaryDetail": {"maxAge": 1, "priceHint": 2, "previousClose": 211.5, "open": 209.1, "dayLow": 198.9, "dayHigh": 209.1, "regularMarketPreviousClose": 211.5, "regularMarketOpen": 209.1, "regularMarketDayLow": 198.9, "regularMarketDayHigh": 209.1, "volume": 331, "regularMarketVolume": 331, "averageVolume": 2436, "averageVolume10days": 9606, "averageDailyVolume10Day": 9606, "bid": 203.2, "ask": 204.5, "bidSize": 0, "askSize": 0, "marketCap": 2375097088, "fiftyTwoWeekLow": 190.0, "fiftyTwoWeekHigh": 373.25, "fiftyDayAverage": 252.20287, "twoHundredDayAverage": 259.29086, "trailingAnnualDividendRate": 1.0, "trailingAnnualDividendYield": 0.0047281324, "currency": "INR", "fromCurrency": null, "toCurrency": null, "lastMarket": null, "algorithm": null, "tradeable": false}, "incomeStatementHistoryQuarterly": {"incomeStatementHistory": [{"maxAge": 1, "endDate": "2020-06-30", "totalRevenue": 129019000, "costOfRevenue": 126534000, "grossProfit": 2485000, "researchDevelopment": {}, "sellingGeneralAdministrative": {}, "nonRecurring": {}, "otherOperatingExpenses": 88577000, "totalOperatingExpenses": 344686000, "operatingIncome": -215667000, "totalOtherIncomeExpenseNet": -223098000, "ebit": -215667000, "interestExpense": -245032000, "incomeBeforeTax": -438765000, "incomeTaxExpense": -42000, "minorityInterest": {}, "netIncomeFromContinuingOps": -438723000, "discontinuedOperations": {}, "extraordinaryItems": {}, "effectOfAccountingCharges": {}, "otherItems": {}, "netIncome": -438723000, "netIncomeApplicableToCommonShares": -438723000}, {"maxAge": 1, "endDate": "2020-03-31", "totalRevenue": 1018341000, "costOfRevenue": 448112000, "grossProfit": 570229000, "researchDevelopment": {}, "sellingGeneralAdministrative": 85692000, "nonRecurring": {}, "otherOperatingExpenses": 153473000, "totalOperatingExpenses": 818221000, "operatingIncome": 200120000, "totalOtherIncomeExpenseNet": -165369000, "ebit": 200120000, "interestExpense": -205823000, "incomeBeforeTax": 34751000, "incomeTaxExpense": 89479000, "minorityInterest": 280000, "netIncomeFromContinuingOps": -54728000, "discontinuedOperations": {}, "extraordinaryItems": {}, "effectOfAccountingCharges": {}, "otherItems": {}, "netIncome": -54722000, "netIncomeApplicableToCommonShares": -54722000}, {"maxAge": 1, "endDate": "2019-12-31", "totalRevenue": 1273990000, "costOfRevenue": 334366000, "grossProfit": 939624000, "researchDevelopment": {}, "sellingGeneralAdministrative": 85692000, "nonRecurring": {}, "otherOperatingExpenses": 404937000, "totalOperatingExpenses": 870159000, "operatingIncome": 403831000, "totalOtherIncomeExpenseNet": -306928000, "ebit": 403831000, "interestExpense": -265092000, "incomeBeforeTax": 96903000, "incomeTaxExpense": -50015000, "minorityInterest": 280000, "netIncomeFromContinuingOps": 146918000, "discontinuedOperations": {}, "extraordinaryItems": {}, "effectOfAccountingCharges": {}, "otherItems": {}, "netIncome": 146918000, "netIncomeApplicableToCommonShares": 146918000}, {"maxAge": 1, "endDate": "2019-09-30", "totalRevenue": 1068023000, "costOfRevenue": 312294000, "grossProfit": 755729000, "researchDevelopment": {}, "sellingGeneralAdministrative": 85692000, "nonRecurring": {}, "otherOperatingExpenses": 353555000, "totalOperatingExpenses": 795834000, "operatingIncome": 272189000, "totalOtherIncomeExpenseNet": -276519000, "ebit": 272189000, "interestExpense": -276519000, "incomeBeforeTax": -4330000, "incomeTaxExpense": -15163000, "minorityInterest": 304000, "netIncomeFromContinuingOps": 10833000, "discontinuedOperations": {}, "extraordinaryItems": {}, "effectOfAccountingCharges": {}, "otherItems": {}, "netIncome": 10833000, "netIncomeApplicableToCommonShares": 10833000}], "maxAge": 86400}, "cashflowStatementHistoryQuarterly": {"cashflowStatements": [{"maxAge": 1, "endDate": "2020-06-30", "netIncome": -438723000, "changeToLiabilities": 0}, {"maxAge": 1, "endDate": "2020-03-31", "netIncome": -54722000, "changeToLiabilities": 0}, {"maxAge": 1, "endDate": "2019-12-31", "netIncome": 146918000, "changeToLiabilities": 0}, {"maxAge": 1, "endDate": "2019-09-30", "netIncome": 10833000, "changeToLiabilities": 0}], "maxAge": 86400}, "insiderHolders": {"holders": [{"maxAge": 1, "name": "Chaman Lal Brij Rani Charitable Trust", "relation": "UNREPORTED", "url": "", "transactionDescription": "Sale", "latestTransDate": "2019-06-20", "positionDirect": 85000, "positionDirectDate": "2019-06-20"}, {"maxAge": 1, "name": "Gupta (Chaman Lal & Sons) HUF", "relation": "Promoter", "url": "", "transactionDescription": "Other", "latestTransDate": "2019-07-31", "positionDirect": 0, "positionDirectDate": "2019-07-31"}, {"maxAge": 1, "name": "Gupta (Sandeep)", "relation": "Wholetime Director", "url": "", "transactionDescription": "Purchase", "latestTransDate": "2020-08-28", "positionDirect": 744934, "positionDirectDate": "2020-08-28"}, {"maxAge": 1, "name": "Gupta (Sushil Kumar)", "relation": "Chairman of the Board", "url": "", "transactionDescription": "Other", "latestTransDate": "2019-05-31", "positionDirect": 878816, "positionDirectDate": "2019-05-31"}, {"maxAge": 1, "name": "Gupta (Vinita D)", "relation": "Promoter", "url": "", "transactionDescription": "Purchase", "latestTransDate": "2020-09-11", "positionDirect": 468926, "positionDirectDate": "2020-09-11"}], "maxAge": 1}, "calendarEvents": {"maxAge": 1, "earnings": {"earningsDate": ["2020-08-25 05:30:S"]}}, "price": {"maxAge": 1, "regularMarketChangePercent": -0.036170185, "regularMarketChange": -7.649994, "regularMarketTime": "2021-04-30 15:16:58", "priceHint": 2, "regularMarketPrice": 203.85, "regularMarketDayHigh": 209.1, "regularMarketDayLow": 198.9, "regularMarketVolume": 331, "averageDailyVolume10Day": 9606, "averageDailyVolume3Month": 2436, "regularMarketPreviousClose": 211.5, "regularMarketSource": "FREE_REALTIME", "regularMarketOpen": 209.1, "exchange": "BSE", "exchangeName": "BSE", "exchangeDataDelayedBy": 0, "marketState": "CLOSED", "quoteType": "EQUITY", "symbol": "AHLWEST.BO", "underlyingSymbol": null, "shortName": "ASIAN HOTELS (WEST) LTD.", "longName": "Asian Hotels (West) Limited", "currency": "INR", "quoteSourceName": "Delayed Quote", "currencySymbol": "\u20b9", "fromCurrency": null, "toCurrency": null, "lastMarket": null, "marketCap": 2375097088}, "balanceSheetHistory": {"balanceSheetStatements": [{"maxAge": 1, "endDate": "2020-03-31", "cash": 184418000, "shortTermInvestments": 537910000, "netReceivables": 188020000, "inventory": 80336000, "otherCurrentAssets": 163262000, "totalCurrentAssets": 1191426000, "propertyPlantEquipment": 9847372000, "intangibleAssets": 15899000, "otherAssets": 676566000, "deferredLongTermAssetCharges": 274021000, "totalAssets": 11731263000, "accountsPayable": 299219000, "shortLongTermDebt": 125131000, "otherCurrentLiab": 250009000, "longTermDebt": 7348967000, "otherLiab": 323299000, "minorityInterest": 280000, "totalCurrentLiabilities": 1131028000, "totalLiab": 10622734000, "commonStock": 116512000, "retainedEarnings": 517067000, "treasuryStock": 402368000, "capitalSurplus": 72302000, "otherStockholderEquity": 402368000, "totalStockholderEquity": 1108249000, "netTangibleAssets": 1092350000}, {"maxAge": 1, "endDate": "2019-03-31", "cash": 122799000, "shortTermInvestments": 503397000, "netReceivables": 221557000, "inventory": 86911000, "otherCurrentAssets": 149961000, "totalCurrentAssets": 1155816000, "propertyPlantEquipment": 8482480000, "intangibleAssets": 11797000, "otherAssets": 1473209000, "deferredLongTermAssetCharges": 301287000, "totalAssets": 11123302000, "accountsPayable": 345589000, "shortLongTermDebt": 120918000, "otherCurrentLiab": 223434000, "longTermDebt": 7691177000, "otherLiab": 1261314000, "deferredLongTermLiab": 1031809000, "minorityInterest": 285000, "totalCurrentLiabilities": 952065000, "totalLiab": 9904556000, "commonStock": 116512000, "retainedEarnings": 627279000, "treasuryStock": 402368000, "capitalSurplus": 72302000, "otherStockholderEquity": 402368000, "totalStockholderEquity": 1218461000, "netTangibleAssets": 1206664000}, {"maxAge": 1, "endDate": "2018-03-31", "cash": 290139000, "shortTermInvestments": 109832000, "netReceivables": 224869000, "inventory": 68942000, "otherCurrentAssets": 172610000, "totalCurrentAssets": 1006304000, "propertyPlantEquipment": 8876431000, "intangibleAssets": 17153000, "otherAssets": 1151231000, "totalAssets": 11051119000, "accountsPayable": 266205000, "shortLongTermDebt": 53574000, "otherCurrentLiab": 222962000, "longTermDebt": 7564741000, "otherLiab": 1407547000, "deferredLongTermLiab": 1054181000, "minorityInterest": 98605000, "totalCurrentLiabilities": 726721000, "totalLiab": 9699009000, "commonStock": 114583000, "retainedEarnings": 722118000, "treasuryStock": 402368000, "capitalSurplus": 14436000, "otherStockholderEquity": 402368000, "totalStockholderEquity": 1253505000, "netTangibleAssets": 1236352000}, {"maxAge": 1, "endDate": "2017-03-31", "cash": 130180000, "shortTermInvestments": 40000000, "netReceivables": 203114000, "inventory": 82937000, "otherCurrentAssets": 110503000, "totalCurrentAssets": 633593000, "propertyPlantEquipment": 9295542000, "intangibleAssets": 17515000, "otherAssets": 1271457000, "totalAssets": 11218107000, "accountsPayable": 208879000, "shortLongTermDebt": 102482000, "otherCurrentLiab": 123061000, "longTermDebt": 7645487000, "otherLiab": 1443777000, "deferredLongTermLiab": 1076553000, "minorityInterest": 125847000, "totalCurrentLiabilities": 646533000, "totalLiab": 9735797000, "commonStock": 114583000, "retainedEarnings": 825732000, "treasuryStock": 401712000, "capitalSurplus": 14436000, "otherStockholderEquity": 401712000, "totalStockholderEquity": 1356463000, "netTangibleAssets": 1338948000}], "maxAge": 86400}, "financialData": {"maxAge": 86400, "currentPrice": 203.85, "recommendationKey": "none", "grossProfits": 2975243000, "financialCurrency": "INR"}}}