{"AHMDSTE.BO": {"cashflowStatementHistory": {"cashflowStatements": [{"maxAge": 1, "endDate": "2020-03-31", "netIncome": -9074776, "depreciation": 1795476, "changeToNetincome": -6822762, "changeToAccountReceivables": -2809172, "changeToLiabilities": 2114290, "changeToInventory": -18110, "changeToOperatingActivities": -2623975, "totalCashFromOperatingActivities": -17429516, "capitalExpenditures": -30200233, "investments": 21641588, "otherCashflowsFromInvestingActivities": 23386567, "totalCashflowsFromInvestingActivities": 14827922, "dividendsPaid": -2046000, "otherCashflowsFromFinancingActivities": -480842, "totalCashFromFinancingActivities": -2526842, "changeInCash": -5128436}, {"maxAge": 1, "endDate": "2019-03-31", "netIncome": 12437440, "depreciation": 1443979, "changeToNetincome": -24139892, "changeToAccountReceivables": 3508113, "changeToLiabilities": -3063, "changeToInventory": 1739082, "changeToOperatingActivities": -9377499, "totalCashFromOperatingActivities": -14388427, "capitalExpenditures": -10709498, "investments": 28786978, "otherCashflowsFromInvestingActivities": 5235824, "totalCashflowsFromInvestingActivities": 23313304, "dividendsPaid": -2046000, "otherCashflowsFromFinancingActivities": -540444, "totalCashFromFinancingActivities": -2586444, "changeInCash": 6338433}, {"maxAge": 1, "endDate": "2018-03-31", "netIncome": 2040761, "depreciation": 1446724, "changeToNetincome": -13063201, "changeToAccountReceivables": -15849133, "changeToLiabilities": 254976, "changeToInventory": -1164082, "changeToOperatingActivities": -5511392, "totalCashFromOperatingActivities": -31845347, "capitalExpenditures": -47750, "investments": 30498801, "otherCashflowsFromInvestingActivities": 4025948, "totalCashflowsFromInvestingActivities": 34476999, "dividendsPaid": -2046000, "otherCashflowsFromFinancingActivities": -532991, "totalCashFromFinancingActivities": -2578991, "changeInCash": 52661}, {"maxAge": 1, "endDate": "2017-03-31", "netIncome": -124162, "depreciation": 1568000, "changeToNetincome": -10978838, "changeToAccountReceivables": 4212000, "changeToLiabilities": -2759000, "changeToInventory": -25000, "changeToOperatingActivities": 13460000, "totalCashFromOperatingActivities": 5353000, "capitalExpenditures": -4609000, "investments": -417000, "otherCashflowsFromInvestingActivities": 6466000, "totalCashflowsFromInvestingActivities": 2119000, "dividendsPaid": -3069000, "otherCashflowsFromFinancingActivities": -654000, "totalCashFromFinancingActivities": -3723000, "changeInCash": 3750000}], "maxAge": 86400}, "institutionOwnership": {"maxAge": 1, "ownershipList": []}, "balanceSheetHistoryQuarterly": {"balanceSheetStatements": [{"maxAge": 1, "endDate": "2020-06-30", "totalStockholderEquity": 248178771, "netTangibleAssets": 248141765}, {"maxAge": 1, "endDate": "2020-03-31", "cash": 2766827, "shortTermInvestments": 16000000, "netReceivables": 25827524, "inventory": 18110, "otherCurrentAssets": 8004311, "totalCurrentAssets": 52926884, "longTermInvestments": 134978444, "propertyPlantEquipment": 43816582, "intangibleAssets": 37006, "otherAssets": 24890402, "totalAssets": 256649318, "accountsPayable": 3151624, "otherCurrentLiab": 1484913, "otherLiab": 3391515, "totalCurrentLiabilities": 5079032, "totalLiab": 8470547, "commonStock": 40920000, "retainedEarnings": 184480995, "treasuryStock": 857776, "capitalSurplus": 21920000, "otherStockholderEquity": 857776, "totalStockholderEquity": 248178771, "netTangibleAssets": 248141765}, {"maxAge": 1, "endDate": "2019-12-31", "totalStockholderEquity": 254035000, "netTangibleAssets": 254035000}, {"maxAge": 1, "endDate": "2019-09-30", "cash": 19217000, "netReceivables": 17132000, "totalCurrentAssets": 36349000, "longTermInvestments": 160097000, "propertyPlantEquipment": 39845000, "otherAssets": 24350000, "totalAssets": 260641000, "accountsPayable": 1333000, "otherCurrentLiab": 2434000, "otherLiab": 2839000, "totalCurrentLiabilities": 3767000, "totalLiab": 6606000, "commonStock": 40920000, "treasuryStock": 213115000, "otherStockholderEquity": 213115000, "totalStockholderEquity": 254035000, "netTangibleAssets": 254035000}], "maxAge": 86400}, "indexTrend": {"maxAge": 1, "symbol": "SP5", "peRatio": 19.7411, "pegRatio": 1.34172, "estimates": [{"period": "0q", "growth": 0.549}, {"period": "+1q", "growth": 0.431}, {"period": "0y", "growth": 0.305}, {"period": "+1y", "growth": 0.109}, {"period": "+5y", "growth": 0.120859005}, {"period": "-5y"}]}, "quoteType": {"exchange": "BSE", "quoteType": "EQUITY", "symbol": "AHMDSTE.BO", "underlyingSymbol": "AHMDSTE.BO", "shortName": "AHMEDABAD STEELCRAFT LTD.", "longName": "Ahmedabad Steelcraft Limited", "firstTradeDateEpochUtc": "2002-01-03 09:15:00", "timeZoneFullName": "Asia/Kolkata", "timeZoneShortName": "IST", "uuid": "070c7429-7234-360a-9104-c56b313fc1d6", "messageBoardId": null, "gmtOffSetMilliseconds": 19800000, "maxAge": 1}, "incomeStatementHistory": {"incomeStatementHistory": [{"maxAge": 1, "endDate": "2020-03-31", "totalRevenue": 70565767, "costOfRevenue": 57123495, "grossProfit": 13442272, "researchDevelopment": {}, "sellingGeneralAdministrative": 10080899, "nonRecurring": {}, "otherOperatingExpenses": 18061951, "totalOperatingExpenses": 87071334, "operatingIncome": -16505567, "totalOtherIncomeExpenseNet": 9450230, "ebit": -16505567, "interestExpense": -60281, "incomeBeforeTax": -7055337, "incomeTaxExpense": 2019439, "minorityInterest": {}, "netIncomeFromContinuingOps": -9074776, "discontinuedOperations": {}, "extraordinaryItems": {}, "effectOfAccountingCharges": {}, "otherItems": {}, "netIncome": -9074776, "netIncomeApplicableToCommonShares": -9074776}, {"maxAge": 1, "endDate": "2019-03-31", "totalRevenue": 102864218, "costOfRevenue": 88991447, "grossProfit": 13872771, "researchDevelopment": {}, "sellingGeneralAdministrative": 9726793, "nonRecurring": {}, "otherOperatingExpenses": 12262203, "totalOperatingExpenses": 113393811, "operatingIncome": -10529593, "totalOtherIncomeExpenseNet": 23006430, "ebit": -10529593, "interestExpense": -119881, "incomeBeforeTax": 12476837, "incomeTaxExpense": 39397, "minorityInterest": {}, "netIncomeFromContinuingOps": 12437440, "discontinuedOperations": {}, "extraordinaryItems": {}, "effectOfAccountingCharges": {}, "otherItems": {}, "netIncome": 12437440, "netIncomeApplicableToCommonShares": 12437440}, {"maxAge": 1, "endDate": "2018-03-31", "totalRevenue": 86961228, "costOfRevenue": 75849467, "grossProfit": 11111761, "researchDevelopment": {}, "sellingGeneralAdministrative": 9682853, "nonRecurring": {}, "otherOperatingExpenses": 9721189, "totalOperatingExpenses": 96700233, "operatingIncome": -9739005, "totalOtherIncomeExpenseNet": 11994057, "ebit": -9739005, "interestExpense": -116466, "incomeBeforeTax": 2255052, "incomeTaxExpense": 214291, "minorityInterest": {}, "netIncomeFromContinuingOps": 2040761, "discontinuedOperations": {}, "extraordinaryItems": {}, "effectOfAccountingCharges": {}, "otherItems": {}, "netIncome": 2040761, "netIncomeApplicableToCommonShares": 2040761}, {"maxAge": 1, "endDate": "2017-03-31", "totalRevenue": 41777387, "costOfRevenue": 34617572, "grossProfit": 7159815, "researchDevelopment": {}, "sellingGeneralAdministrative": 10127500, "nonRecurring": {}, "otherOperatingExpenses": 9175891, "totalOperatingExpenses": 55488644, "operatingIncome": -13711257, "totalOtherIncomeExpenseNet": 13961083, "ebit": -13711257, "interestExpense": -11415, "incomeBeforeTax": 249826, "incomeTaxExpense": 373988, "minorityInterest": {}, "netIncomeFromContinuingOps": -124162, "discontinuedOperations": {}, "extraordinaryItems": {}, "effectOfAccountingCharges": {}, "otherItems": {}, "netIncome": -124162, "netIncomeApplicableToCommonShares": -124162}], "maxAge": 86400}, "fundOwnership": {"maxAge": 1, "ownershipList": []}, "summaryDetail": {"maxAge": 1, "priceHint": 2, "previousClose": 16.99, "open": 16.99, "dayLow": 16.15, "dayHigh": 16.99, "regularMarketPreviousClose": 16.99, "regularMarketOpen": 16.99, "regularMarketDayLow": 16.15, "regularMarketDayHigh": 16.99, "volume": 3, "regularMarketVolume": 3, "averageVolume": 89, "averageVolume10days": 76, "averageDailyVolume10Day": 76, "bid": 16.15, "ask": 16.99, "bidSize": 0, "askSize": 0, "marketCap": 66085800, "fiftyTwoWeekLow": 8.6, "fiftyTwoWeekHigh": 18.45, "fiftyDayAverage": 16.065, "twoHundredDayAverage": 14.357174, "trailingAnnualDividendRate": 0.5, "trailingAnnualDividendYield": 0.029429076, "currency": "INR", "fromCurrency": null, "toCurrency": null, "lastMarket": null, "algorithm": null, "tradeable": false}, "incomeStatementHistoryQuarterly": {"incomeStatementHistory": [{"maxAge": 1, "endDate": "2020-06-30", "totalRevenue": 19866000, "costOfRevenue": 18128000, "grossProfit": 1738000, "researchDevelopment": {}, "sellingGeneralAdministrative": 2195000, "nonRecurring": {}, "otherOperatingExpenses": 1685000, "totalOperatingExpenses": 22513000, "operatingIncome": -2647000, "totalOtherIncomeExpenseNet": 1025000, "ebit": -2647000, "interestExpense": -39000, "incomeBeforeTax": -1622000, "incomeTaxExpense": -1267000, "minorityInterest": {}, "netIncomeFromContinuingOps": -355000, "discontinuedOperations": {}, "extraordinaryItems": {}, "effectOfAccountingCharges": {}, "otherItems": {}, "netIncome": -355000, "netIncomeApplicableToCommonShares": -355000}, {"maxAge": 1, "endDate": "2020-03-31", "totalRevenue": 4409767, "costOfRevenue": 3573495, "grossProfit": 836272, "researchDevelopment": {}, "sellingGeneralAdministrative": 2848899, "nonRecurring": {}, "otherOperatingExpenses": 2519951, "totalOperatingExpenses": 9452334, "operatingIncome": -5042567, "totalOtherIncomeExpenseNet": 6885230, "ebit": -5042567, "interestExpense": -18281, "incomeBeforeTax": 1842663, "incomeTaxExpense": 314439, "minorityInterest": {}, "netIncomeFromContinuingOps": 1528224, "discontinuedOperations": {}, "extraordinaryItems": {}, "effectOfAccountingCharges": {}, "otherItems": {}, "netIncome": 1528224, "netIncomeApplicableToCommonShares": 1528224}, {"maxAge": 1, "endDate": "2019-12-31", "totalRevenue": 44014000, "costOfRevenue": 35550000, "grossProfit": 8464000, "researchDevelopment": {}, "sellingGeneralAdministrative": 2560000, "nonRecurring": {}, "otherOperatingExpenses": 8565000, "totalOperatingExpenses": 47136000, "operatingIncome": -3122000, "totalOtherIncomeExpenseNet": 732000, "ebit": -3122000, "interestExpense": -42000, "incomeBeforeTax": -2390000, "incomeTaxExpense": 255000, "minorityInterest": {}, "netIncomeFromContinuingOps": -2645000, "discontinuedOperations": {}, "extraordinaryItems": {}, "effectOfAccountingCharges": {}, "otherItems": {}, "netIncome": -2645000, "netIncomeApplicableToCommonShares": -2645000}, {"maxAge": 1, "endDate": "2019-09-30", "totalRevenue": 15845000, "costOfRevenue": 12974000, "grossProfit": 2871000, "researchDevelopment": {}, "sellingGeneralAdministrative": 2436000, "nonRecurring": {}, "otherOperatingExpenses": 4458000, "totalOperatingExpenses": 20339000, "operatingIncome": -4494000, "totalOtherIncomeExpenseNet": 908000, "ebit": -4494000, "interestExpense": -42000, "incomeBeforeTax": -3586000, "incomeTaxExpense": 1450000, "minorityInterest": {}, "netIncomeFromContinuingOps": -5036000, "discontinuedOperations": {}, "extraordinaryItems": {}, "effectOfAccountingCharges": {}, "otherItems": {}, "netIncome": -5036000, "netIncomeApplicableToCommonShares": -5036000}], "maxAge": 86400}, "cashflowStatementHistoryQuarterly": {"cashflowStatements": [{"maxAge": 1, "endDate": "2020-06-30", "netIncome": -355000, "changeToLiabilities": 0}, {"maxAge": 1, "endDate": "2020-03-31", "netIncome": 1528224, "changeToLiabilities": 0}, {"maxAge": 1, "endDate": "2019-12-31", "netIncome": -2645000, "changeToLiabilities": 0}, {"maxAge": 1, "endDate": "2019-09-30", "netIncome": -5036000, "changeToLiabilities": 0}], "maxAge": 86400}, "insiderHolders": {"holders": [], "maxAge": 1}, "calendarEvents": {"maxAge": 1, "earnings": {"earningsDate": ["2020-06-29 05:30:S"]}}, "price": {"maxAge": 1, "regularMarketChangePercent": -0.049440857, "regularMarketChange": -0.84000015, "regularMarketTime": "2021-04-30 14:28:52", "priceHint": 2, "regularMarketPrice": 16.15, "regularMarketDayHigh": 16.99, "regularMarketDayLow": 16.15, "regularMarketVolume": 3, "averageDailyVolume10Day": 76, "averageDailyVolume3Month": 89, "regularMarketPreviousClose": 16.99, "regularMarketSource": "FREE_REALTIME", "regularMarketOpen": 16.99, "exchange": "BSE", "exchangeName": "BSE", "exchangeDataDelayedBy": 0, "marketState": "CLOSED", "quoteType": "EQUITY", "symbol": "AHMDSTE.BO", "underlyingSymbol": null, "shortName": "AHMEDABAD STEELCRAFT LTD.", "longName": "Ahmedabad Steelcraft Limited", "currency": "INR", "quoteSourceName": "Delayed Quote", "currencySymbol": "\u20b9", "fromCurrency": null, "toCurrency": null, "lastMarket": null, "marketCap": 66085800}, "balanceSheetHistory": {"balanceSheetStatements": [{"maxAge": 1, "endDate": "2020-03-31", "cash": 2766827, "shortTermInvestments": 16000000, "netReceivables": 25827524, "inventory": 18110, "otherCurrentAssets": 8004311, "totalCurrentAssets": 52926884, "longTermInvestments": 134978444, "propertyPlantEquipment": 43816582, "intangibleAssets": 37006, "otherAssets": 24890402, "totalAssets": 256649318, "accountsPayable": 3151624, "otherCurrentLiab": 1484913, "otherLiab": 3391515, "totalCurrentLiabilities": 5079032, "totalLiab": 8470547, "commonStock": 40920000, "retainedEarnings": 184480995, "treasuryStock": 857776, "capitalSurplus": 21920000, "otherStockholderEquity": 857776, "totalStockholderEquity": 248178771, "netTangibleAssets": 248141765}, {"maxAge": 1, "endDate": "2019-03-31", "cash": 7834275, "shortTermInvestments": 16000000, "netReceivables": 22248500, "otherCurrentAssets": 6369768, "totalCurrentAssets": 52485768, "longTermInvestments": 158771392, "propertyPlantEquipment": 15411825, "intangibleAssets": 46519, "otherAssets": 43493881, "totalAssets": 270209385, "accountsPayable": 1037334, "otherCurrentLiab": 1863106, "otherLiab": 1388935, "totalCurrentLiabilities": 2907435, "totalLiab": 4296370, "commonStock": 40920000, "retainedEarnings": 195992314, "treasuryStock": 7080701, "capitalSurplus": 21920000, "otherStockholderEquity": 7080701, "totalStockholderEquity": 265913015, "netTangibleAssets": 265866496}, {"maxAge": 1, "endDate": "2018-03-31", "cash": 1383271, "shortTermInvestments": 16000000, "netReceivables": 24740972, "inventory": 1739082, "otherCurrentAssets": 3465674, "totalCurrentAssets": 47407033, "longTermInvestments": 168913734, "propertyPlantEquipment": 16855804, "otherAssets": 33303921, "totalAssets": 266480492, "accountsPayable": 1040397, "otherCurrentLiab": 370417, "otherLiab": 1349538, "totalCurrentLiabilities": 8413071, "totalLiab": 9762609, "commonStock": 40920000, "retainedEarnings": 185850745, "treasuryStock": 8027138, "capitalSurplus": 21920000, "otherStockholderEquity": 8027138, "totalStockholderEquity": 256717883, "netTangibleAssets": 256717883}, {"maxAge": 1, "endDate": "2017-03-31", "cash": 17198611, "netReceivables": 8664422, "inventory": 575000, "otherCurrentAssets": 1236233, "totalCurrentAssets": 27674266, "longTermInvestments": 189456542, "propertyPlantEquipment": 18254778, "otherAssets": 23356675, "totalAssets": 258742261, "accountsPayable": 785421, "otherCurrentLiab": 401929, "otherLiab": 1188657, "totalCurrentLiabilities": 1187350, "totalLiab": 2376007, "commonStock": 40920000, "retainedEarnings": 186350259, "treasuryStock": 7175995, "capitalSurplus": 21920000, "otherStockholderEquity": 7175995, "totalStockholderEquity": 256366254, "netTangibleAssets": 256366254}], "maxAge": 86400}, "financialData": {"maxAge": 86400, "currentPrice": 16.15, "recommendationKey": "none", "grossProfits": 13442272, "financialCurrency": "INR"}}}