{"AIAENG.BO": {"recommendationTrend": {"trend": [{"period": "0m", "strongBuy": 0, "buy": 0, "hold": 0, "sell": 0, "strongSell": 0}, {"period": "-1m", "strongBuy": 0, "buy": 0, "hold": 0, "sell": 0, "strongSell": 0}, {"period": "-2m", "strongBuy": 0, "buy": 0, "hold": 0, "sell": 0, "strongSell": 0}, {"period": "-3m", "strongBuy": 0, "buy": 0, "hold": 0, "sell": 0, "strongSell": 0}], "maxAge": 86400}, "cashflowStatementHistory": {"cashflowStatements": [{"maxAge": 1, "endDate": "2020-03-31", "netIncome": 5903580000, "depreciation": 972015000, "changeToNetincome": -1317658000, "changeToAccountReceivables": 1045119000, "changeToLiabilities": -387996000, "changeToInventory": 77972000, "changeToOperatingActivities": 493483000, "totalCashFromOperatingActivities": 6793292000, "capitalExpenditures": -1320062000, "investments": -2027738000, "otherCashflowsFromInvestingActivities": 230405000, "totalCashflowsFromInvestingActivities": -3107508000, "dividendsPaid": -3397129000, "netBorrowings": -254566000, "otherCashflowsFromFinancingActivities": -636247000, "totalCashFromFinancingActivities": -4287942000, "effectOfExchangeRate": 3992000, "changeInCash": -598166000}, {"maxAge": 1, "endDate": "2019-03-31", "netIncome": 5108305000, "depreciation": 782930000, "changeToNetincome": -918815000, "changeToAccountReceivables": -1136381000, "changeToLiabilities": 159167000, "changeToInventory": -2325297000, "changeToOperatingActivities": 221603000, "totalCashFromOperatingActivities": 1897039000, "capitalExpenditures": -1989502000, "investments": 222975000, "otherCashflowsFromInvestingActivities": 126094000, "totalCashflowsFromInvestingActivities": -1638391000, "dividendsPaid": -146000, "netBorrowings": 72123000, "otherCashflowsFromFinancingActivities": -73233000, "totalCashFromFinancingActivities": -1256000, "effectOfExchangeRate": 14133000, "changeInCash": 271525000}, {"maxAge": 1, "endDate": "2018-03-31", "netIncome": 4433522000, "depreciation": 650026000, "changeToNetincome": -1094667000, "changeToAccountReceivables": -844958000, "changeToLiabilities": 259877000, "changeToInventory": -193301000, "changeToOperatingActivities": -274492000, "totalCashFromOperatingActivities": 2941788000, "capitalExpenditures": -1377816000, "investments": -740095000, "otherCashflowsFromInvestingActivities": 60517000, "totalCashflowsFromInvestingActivities": -2050350000, "dividendsPaid": -1133170000, "netBorrowings": -181132000, "otherCashflowsFromFinancingActivities": -268324000, "totalCashFromFinancingActivities": -1582626000, "effectOfExchangeRate": -659000, "changeInCash": -604446000}, {"maxAge": 1, "endDate": "2017-03-31", "netIncome": 4567693000, "depreciation": 717959000, "changeToNetincome": -560241000, "changeToAccountReceivables": -739187000, "changeToLiabilities": 283560000, "changeToInventory": -1449380000, "changeToOperatingActivities": -521481000, "totalCashFromOperatingActivities": 2305735000, "capitalExpenditures": -806204000, "investments": 579932000, "otherCashflowsFromInvestingActivities": 57060000, "totalCashflowsFromInvestingActivities": -161358000, "dividendsPaid": -444698000, "netBorrowings": -416316000, "otherCashflowsFromFinancingActivities": -48388000, "totalCashFromFinancingActivities": -909402000, "effectOfExchangeRate": 146000, "changeInCash": 1235121000}], "maxAge": 86400}, "institutionOwnership": {"maxAge": 1, "ownershipList": []}, "balanceSheetHistoryQuarterly": {"balanceSheetStatements": [{"maxAge": 1, "endDate": "2020-06-30", "totalStockholderEquity": 37012864000, "netTangibleAssets": 36778373000}, {"maxAge": 1, "endDate": "2020-03-31", "cash": 1484919000, "shortTermInvestments": 1061654000, "netReceivables": 6914142000, "inventory": 7781222000, "otherCurrentAssets": 995965000, "totalCurrentAssets": 31441728000, "longTermInvestments": 8588000, "propertyPlantEquipment": 8985567000, "goodWill": 199657000, "intangibleAssets": 34834000, "otherAssets": 951504000, "deferredLongTermAssetCharges": 6861000, "totalAssets": 41621878000, "accountsPayable": 1321542000, "shortLongTermDebt": 150000000, "otherCurrentLiab": 845362000, "otherLiab": 784292000, "minorityInterest": 92523000, "totalCurrentLiabilities": 3626474000, "totalLiab": 4516491000, "commonStock": 188641000, "retainedEarnings": 34098073000, "treasuryStock": 40886000, "capitalSurplus": 2685264000, "otherStockholderEquity": 40886000, "totalStockholderEquity": 37012864000, "netTangibleAssets": 36778373000}, {"maxAge": 1, "endDate": "2019-12-31", "totalStockholderEquity": 36922283000, "netTangibleAssets": 36698091000}, {"maxAge": 1, "endDate": "2019-09-30", "cash": 1975113000, "shortTermInvestments": 13964324000, "netReceivables": 5783881000, "inventory": 8141992000, "otherCurrentAssets": 760326000, "totalCurrentAssets": 30625636000, "longTermInvestments": 8588000, "propertyPlantEquipment": 9011648000, "goodWill": 198143000, "intangibleAssets": 26049000, "otherAssets": 1070567000, "deferredLongTermAssetCharges": 7781000, "totalAssets": 40940631000, "accountsPayable": 1179898000, "otherCurrentLiab": 1133940000, "longTermDebt": 150000000, "otherLiab": 811915000, "minorityInterest": 83268000, "totalCurrentLiabilities": 2899325000, "totalLiab": 3935080000, "commonStock": 188641000, "treasuryStock": 36733642000, "otherStockholderEquity": 36733642000, "totalStockholderEquity": 36922283000, "netTangibleAssets": 36698091000}], "maxAge": 86400}, "earningsHistory": {"history": [{"maxAge": 1, "epsActual": 9.38, "epsEstimate": 11.46, "epsDifference": -2.08, "surprisePercent": -0.18200001, "quarter": "2017-06-30", "period": "-4q"}, {"maxAge": 1, "epsActual": 9.17, "epsEstimate": 9.53, "epsDifference": -0.36, "surprisePercent": -0.038, "quarter": "2017-09-30", "period": "-3q"}, {"maxAge": 1, "epsActual": 11.7, "epsEstimate": 10.01, "epsDifference": 1.69, "surprisePercent": 0.169, "quarter": "2017-12-31", "period": "-2q"}, {"maxAge": 1, "epsActual": 9.43, "epsEstimate": 11.28, "epsDifference": -1.85, "surprisePercent": -0.16399999, "quarter": "2018-03-31", "period": "-1q"}], "maxAge": 86400}, "indexTrend": {"maxAge": 1, "symbol": "SP5", "peRatio": 19.7411, "pegRatio": 1.34172, "estimates": [{"period": "0q", "growth": 0.549}, {"period": "+1q", "growth": 0.431}, {"period": "0y", "growth": 0.305}, {"period": "+1y", "growth": 0.109}, {"period": "+5y", "growth": 0.120865}, {"period": "-5y"}]}, "industryTrend": {"maxAge": 1, "symbol": null, "estimates": []}, "insiderTransactions": {"transactions": [{"maxAge": 1, "shares": 2620, "value": 62387, "filerUrl": "", "transactionText": "Sale at price 23.81 per share.", "filerName": "Majumdar (Ratna Sanjay)", "filerRelation": "UNREPORTED", "moneyText": "", "startDate": "2020-09-30", "ownership": "D"}, {"maxAge": 1, "shares": 100, "value": 2514, "filerUrl": "", "transactionText": "Sale at price 25.15 per share.", "filerName": "Shah (Balkrishna F)", "filerRelation": "UNREPORTED", "moneyText": "", "startDate": "2020-09-30", "ownership": "D"}, {"maxAge": 1, "shares": 100, "value": 2582, "filerUrl": "", "transactionText": "Sale at price 25.83 per share.", "filerName": "Shah (Balkrishna F)", "filerRelation": "UNREPORTED", "moneyText": "", "startDate": "2020-09-21", "ownership": "D"}, {"maxAge": 1, "shares": 500, "value": 12948, "filerUrl": "", "transactionText": "Sale at price 25.90 per share.", "filerName": "Shah (Balkrishna F)", "filerRelation": "UNREPORTED", "moneyText": "", "startDate": "2020-09-14", "ownership": "D"}, {"maxAge": 1, "shares": 200, "value": 5074, "filerUrl": "", "transactionText": "Sale at price 25.37 per share.", "filerName": "Shah (Balkrishna F)", "filerRelation": "UNREPORTED", "moneyText": "", "startDate": "2020-08-27", "ownership": "D"}, {"maxAge": 1, "shares": 100, "value": 2506, "filerUrl": "", "transactionText": "Sale at price 25.06 per share.", "filerName": "Shah (Balkrishna F)", "filerRelation": "UNREPORTED", "moneyText": "", "startDate": "2020-08-26", "ownership": "D"}, {"maxAge": 1, "shares": 300, "value": 7439, "filerUrl": "", "transactionText": "Sale at price 24.80 per share.", "filerName": "Shah (Balkrishna F)", "filerRelation": "UNREPORTED", "moneyText": "", "startDate": "2020-08-25", "ownership": "D"}, {"maxAge": 1, "shares": 400, "value": 9503, "filerUrl": "", "transactionText": "Sale at price 23.76 per share.", "filerName": "Shah (Balkrishna F)", "filerRelation": "UNREPORTED", "moneyText": "", "startDate": "2020-08-21", "ownership": "D"}, {"maxAge": 1, "shares": 300, "filerUrl": "", "transactionText": "", "filerName": "Shah (Balkrishna F)", "filerRelation": "UNREPORTED", "moneyText": "", "startDate": "2020-03-13", "ownership": "D"}, {"maxAge": 1, "shares": 400, "filerUrl": "", "transactionText": "", "filerName": "Shah (Balkrishna F)", "filerRelation": "UNREPORTED", "moneyText": "", "startDate": "2020-02-27", "ownership": "D"}, {"maxAge": 1, "shares": 200, "filerUrl": "", "transactionText": "", "filerName": "Shah (Balkrishna F)", "filerRelation": "UNREPORTED", "moneyText": "", "startDate": "2020-02-24", "ownership": "D"}, {"maxAge": 1, "shares": 100, "filerUrl": "", "transactionText": "", "filerName": "Shah (Balkrishna F)", "filerRelation": "UNREPORTED", "moneyText": "", "startDate": "2020-02-20", "ownership": "D"}, {"maxAge": 1, "shares": 700, "filerUrl": "", "transactionText": "", "filerName": "Shah (Balkrishna F)", "filerRelation": "UNREPORTED", "moneyText": "", "startDate": "2020-02-10", "ownership": "D"}, {"maxAge": 1, "shares": 1200, "filerUrl": "", "transactionText": "", "filerName": "Shah (Balkrishna F)", "filerRelation": "UNREPORTED", "moneyText": "", "startDate": "2020-02-07", "ownership": "D"}, {"maxAge": 1, "shares": 300, "filerUrl": "", "transactionText": "", "filerName": "Shah (Balkrishna F)", "filerRelation": "UNREPORTED", "moneyText": "", "startDate": "2020-02-06", "ownership": "D"}, {"maxAge": 1, "shares": 300, "filerUrl": "", "transactionText": "", "filerName": "Shah (Balkrishna F) HUF", "filerRelation": "UNREPORTED", "moneyText": "", "startDate": "2019-09-26", "ownership": "D"}, {"maxAge": 1, "shares": 215, "filerUrl": "", "transactionText": "", "filerName": "Shah (Balkrishna F) HUF", "filerRelation": "UNREPORTED", "moneyText": "", "startDate": "2019-09-25", "ownership": "D"}, {"maxAge": 1, "shares": 1233, "filerUrl": "", "transactionText": "", "filerName": "Shah (Balkrishna F) HUF", "filerRelation": "UNREPORTED", "moneyText": "", "startDate": "2019-09-23", "ownership": "D"}, {"maxAge": 1, "shares": 200, "filerUrl": "", "transactionText": "", "filerName": "Shah (Balkrishna F) HUF", "filerRelation": "UNREPORTED", "moneyText": "", "startDate": "2019-09-20", "ownership": "D"}, {"maxAge": 1, "shares": 100, "filerUrl": "", "transactionText": "", "filerName": "Shah (Balkrishna F) HUF", "filerRelation": "UNREPORTED", "moneyText": "", "startDate": "2019-09-18", "ownership": "D"}, {"maxAge": 1, "shares": 209, "filerUrl": "", "transactionText": "", "filerName": "Shah (Balkrishna F) HUF", "filerRelation": "UNREPORTED", "moneyText": "", "startDate": "2019-09-17", "ownership": "D"}, {"maxAge": 1, "shares": 100, "filerUrl": "", "transactionText": "", "filerName": "Shah (Balkrishna F) HUF", "filerRelation": "UNREPORTED", "moneyText": "", "startDate": "2019-08-23", "ownership": "D"}, {"maxAge": 1, "shares": 100, "filerUrl": "", "transactionText": "", "filerName": "Shah (Balkrishna F) HUF", "filerRelation": "UNREPORTED", "moneyText": "", "startDate": "2019-08-22", "ownership": "D"}, {"maxAge": 1, "shares": 400, "filerUrl": "", "transactionText": "", "filerName": "Shah (Balkrishna F) HUF", "filerRelation": "UNREPORTED", "moneyText": "", "startDate": "2019-06-28", "ownership": "D"}, {"maxAge": 1, "shares": 300, "filerUrl": "", "transactionText": "", "filerName": "Shah (Balkrishna F) HUF", "filerRelation": "UNREPORTED", "moneyText": "", "startDate": "2019-06-21", "ownership": "D"}, {"maxAge": 1, "shares": 100, "filerUrl": "", "transactionText": "", "filerName": "Shah (Balkrishna F) HUF", "filerRelation": "UNREPORTED", "moneyText": "", "startDate": "2019-06-20", "ownership": "D"}, {"maxAge": 1, "shares": 100, "filerUrl": "", "transactionText": "", "filerName": "Shah (Balkrishna F) HUF", "filerRelation": "UNREPORTED", "moneyText": "", "startDate": "2019-06-10", "ownership": "D"}, {"maxAge": 1, "shares": 100, "filerUrl": "", "transactionText": "", "filerName": "Shah (Balkrishna F) HUF", "filerRelation": "UNREPORTED", "moneyText": "", "startDate": "2019-06-07", "ownership": "D"}, {"maxAge": 1, "shares": 400, "filerUrl": "", "transactionText": "", "filerName": "Shah (Balkrishna F) HUF", "filerRelation": "UNREPORTED", "moneyText": "", "startDate": "2019-06-03", "ownership": "D"}, {"maxAge": 1, "shares": 200, "filerUrl": "", "transactionText": "", "filerName": "Shah (Balkrishna F) HUF", "filerRelation": "UNREPORTED", "moneyText": "", "startDate": "2019-03-28", "ownership": "D"}, {"maxAge": 1, "shares": 100, "filerUrl": "", "transactionText": "", "filerName": "Shah (Balkrishna F) HUF", "filerRelation": "UNREPORTED", "moneyText": "", "startDate": "2019-03-06", "ownership": "D"}, {"maxAge": 1, "shares": 400, "filerUrl": "", "transactionText": "", "filerName": "Shah (Balkrishna F) HUF", "filerRelation": "UNREPORTED", "moneyText": "", "startDate": "2019-03-01", "ownership": "D"}, {"maxAge": 1, "shares": 210, "filerUrl": "", "transactionText": "", "filerName": "Shah (Balkrishna F) HUF", "filerRelation": "UNREPORTED", "moneyText": "", "startDate": "2019-02-22", "ownership": "D"}, {"maxAge": 1, "shares": 5000, "filerUrl": "", "transactionText": "", "filerName": "Shah (Balkrishna F)", "filerRelation": "UNREPORTED", "moneyText": "", "startDate": "2018-12-11", "ownership": "D"}, {"maxAge": 1, "shares": 5000, "filerUrl": "", "transactionText": "", "filerName": "Shah (Shardaben Balkrishna)", "filerRelation": "UNREPORTED", "moneyText": "", "startDate": "2018-12-11", "ownership": "D"}], "maxAge": 1}, "quoteType": {"exchange": "BSE", "quoteType": "EQUITY", "symbol": "AIAENG.BO", "underlyingSymbol": "AIAENG.BO", "shortName": "AIA ENGINEERING LTD.", "longName": "AIA Engineering Limited", "firstTradeDateEpochUtc": "2005-12-14 09:15:00", "timeZoneFullName": "Asia/Kolkata", "timeZoneShortName": "IST", "uuid": "4dc88782-a018-3af0-a0e2-5633ca053cc1", "messageBoardId": null, "gmtOffSetMilliseconds": 19800000, "maxAge": 1}, "incomeStatementHistory": {"incomeStatementHistory": [{"maxAge": 1, "endDate": "2020-03-31", "totalRevenue": 29808775000, "costOfRevenue": 11908543000, "grossProfit": 17900232000, "researchDevelopment": {}, "sellingGeneralAdministrative": 1364609000, "nonRecurring": {}, "otherOperatingExpenses": 9732813000, "totalOperatingExpenses": 23984757000, "operatingIncome": 5824018000, "totalOtherIncomeExpenseNet": 1363225000, "ebit": 5824018000, "interestExpense": -55875000, "incomeBeforeTax": 7187243000, "incomeTaxExpense": 1284042000, "minorityInterest": 92523000, "netIncomeFromContinuingOps": 5903201000, "discontinuedOperations": {}, "extraordinaryItems": {}, "effectOfAccountingCharges": {}, "otherItems": {}, "netIncome": 5903580000, "netIncomeApplicableToCommonShares": 5903580000}, {"maxAge": 1, "endDate": "2019-03-31", "totalRevenue": 30694999000, "costOfRevenue": 12415708000, "grossProfit": 18279291000, "researchDevelopment": {}, "sellingGeneralAdministrative": 1330315000, "nonRecurring": {}, "otherOperatingExpenses": 10348757000, "totalOperatingExpenses": 24881551000, "operatingIncome": 5813448000, "totalOtherIncomeExpenseNet": 1130553000, "ebit": 5813448000, "interestExpense": -75471000, "incomeBeforeTax": 6944001000, "incomeTaxExpense": 1829624000, "minorityInterest": 92963000, "netIncomeFromContinuingOps": 5114377000, "discontinuedOperations": {}, "extraordinaryItems": {}, "effectOfAccountingCharges": {}, "otherItems": {}, "netIncome": 5108305000, "netIncomeApplicableToCommonShares": 5108305000}, {"maxAge": 1, "endDate": "2018-03-31", "totalRevenue": 24451349000, "costOfRevenue": 9789846000, "grossProfit": 14661503000, "researchDevelopment": {}, "sellingGeneralAdministrative": 1175898000, "nonRecurring": {}, "otherOperatingExpenses": 8130295000, "totalOperatingExpenses": 19750160000, "operatingIncome": 4701189000, "totalOtherIncomeExpenseNet": 1148873000, "ebit": 4701189000, "interestExpense": -69276000, "incomeBeforeTax": 5850062000, "incomeTaxExpense": 1413852000, "minorityInterest": 89132000, "netIncomeFromContinuingOps": 4436210000, "discontinuedOperations": {}, "extraordinaryItems": {}, "effectOfAccountingCharges": {}, "otherItems": {}, "netIncome": 4433522000, "netIncomeApplicableToCommonShares": 4433522000}, {"maxAge": 1, "endDate": "2017-03-31", "totalRevenue": 22460140000, "costOfRevenue": 7542666000, "grossProfit": 14917474000, "researchDevelopment": {}, "sellingGeneralAdministrative": 1102712000, "nonRecurring": {}, "otherOperatingExpenses": 7467373000, "totalOperatingExpenses": 16835836000, "operatingIncome": 5624304000, "totalOtherIncomeExpenseNet": 996127000, "ebit": 5624304000, "interestExpense": -44922000, "incomeBeforeTax": 6620431000, "incomeTaxExpense": 2048299000, "minorityInterest": 80198000, "netIncomeFromContinuingOps": 4572132000, "discontinuedOperations": {}, "extraordinaryItems": {}, "effectOfAccountingCharges": {}, "otherItems": {}, "netIncome": 4567693000, "netIncomeApplicableToCommonShares": 4567693000}], "maxAge": 86400}, "fundOwnership": {"maxAge": 1, "ownershipList": [{"maxAge": 1, "reportDate": "2020-07-31", "organization": "Invesco Oppenheimer International Small-Mid Company Fund", "pctHeld": 0.0143, "position": 1351050, "value": 2231259075}, {"maxAge": 1, "reportDate": "2020-07-31", "organization": "Vanguard International Stock Index-Total Intl Stock Indx", "pctHeld": 0.0061000003, "position": 570917, "value": 942869425}, {"maxAge": 1, "reportDate": "2020-06-30", "organization": "Royce International Premier Fund", "pctHeld": 0.0058, "position": 542411, "value": 871681597}, {"maxAge": 1, "reportDate": "2020-07-31", "organization": "Vanguard International Stock Index-Emerging Markets Stk", "pctHeld": 0.0056, "position": 525676, "value": 868153914}, {"maxAge": 1, "reportDate": "2020-07-31", "organization": "Goldman Sachs Emerging Markets Equity Fund", "pctHeld": 0.0043, "position": 400891, "value": 662071486}, {"maxAge": 1, "reportDate": "2020-07-31", "organization": "iShares Core MSCI Emerging Markets ETF", "pctHeld": 0.0034999999, "position": 328120, "value": 541890180}, {"maxAge": 1, "reportDate": "2020-06-30", "organization": "Matthews International  Fds-Matthews India Fd", "pctHeld": 0.0033000002, "position": 309580, "value": 497510539}, {"maxAge": 1, "reportDate": "2020-07-31", "organization": "DFA Emerging Markets Small Cap Series", "pctHeld": 0.0025, "position": 233090, "value": 384948135}, {"maxAge": 1, "reportDate": "2020-07-31", "organization": "DFA Emerging Markets Core Equity Portfolio", "pctHeld": 0.0023999999, "position": 224821, "value": 371291881}, {"maxAge": 1, "reportDate": "2020-07-31", "organization": "Vanguard Intl Equity Index Fds-FTSE All World ex U.S.Small Cap Index", "pctHeld": 0.0011999999, "position": 108947, "value": 179925970}]}, "summaryDetail": {"maxAge": 1, "priceHint": 2, "previousClose": 1878.7, "open": 1849.4, "dayLow": 1849.4, "dayHigh": 1888.0, "regularMarketPreviousClose": 1878.7, "regularMarketOpen": 1849.4, "regularMarketDayLow": 1849.4, "regularMarketDayHigh": 1888.0, "trailingPE": 30.342777, "forwardPE": 28.189863, "volume": 252, "regularMarketVolume": 252, "averageVolume": 5624, "averageVolume10days": 1694, "averageDailyVolume10Day": 1694, "bid": 1857.0, "ask": 1888.0, "bidSize": 0, "askSize": 0, "marketCap": 175756951552, "fiftyTwoWeekLow": 1111.0, "fiftyTwoWeekHigh": 2224.4, "fiftyDayAverage": 1998.3429, "twoHundredDayAverage": 1863.0222, "trailingAnnualDividendRate": 27.0, "trailingAnnualDividendYield": 0.01437164, "currency": "INR", "fromCurrency": null, "toCurrency": null, "lastMarket": null, "algorithm": null, "tradeable": false}, "sectorTrend": {"maxAge": 1, "symbol": null, "estimates": []}, "incomeStatementHistoryQuarterly": {"incomeStatementHistory": [{"maxAge": 1, "endDate": "2020-06-30", "totalRevenue": 5803467000, "costOfRevenue": 2278439000, "grossProfit": 3525028000, "researchDevelopment": {}, "sellingGeneralAdministrative": 331565000, "nonRecurring": {}, "otherOperatingExpenses": 1958623000, "totalOperatingExpenses": 4819750000, "operatingIncome": 983717000, "totalOtherIncomeExpenseNet": 733481000, "ebit": 983717000, "interestExpense": -14078000, "incomeBeforeTax": 1717198000, "incomeTaxExpense": 423874000, "minorityInterest": {}, "netIncomeFromContinuingOps": 1293324000, "discontinuedOperations": {}, "extraordinaryItems": {}, "effectOfAccountingCharges": {}, "otherItems": {}, "netIncome": 1292674000, "netIncomeApplicableToCommonShares": 1292674000}, {"maxAge": 1, "endDate": "2020-03-31", "totalRevenue": 8569342000, "costOfRevenue": 3929284000, "grossProfit": 4640058000, "researchDevelopment": {}, "sellingGeneralAdministrative": 364369000, "nonRecurring": {}, "otherOperatingExpenses": 2428208000, "totalOperatingExpenses": 6990381000, "operatingIncome": 1578961000, "totalOtherIncomeExpenseNet": 278505000, "ebit": 1578961000, "interestExpense": -13637000, "incomeBeforeTax": 1857466000, "incomeTaxExpense": 433244000, "minorityInterest": 92523000, "netIncomeFromContinuingOps": 1424222000, "discontinuedOperations": {}, "extraordinaryItems": {}, "effectOfAccountingCharges": {}, "otherItems": {}, "netIncome": 1416255000, "netIncomeApplicableToCommonShares": 1416255000}, {"maxAge": 1, "endDate": "2019-12-31", "totalRevenue": 6940879000, "costOfRevenue": 2331813000, "grossProfit": 4609066000, "researchDevelopment": {}, "sellingGeneralAdministrative": 336722000, "nonRecurring": {}, "otherOperatingExpenses": 2543767000, "totalOperatingExpenses": 5464217000, "operatingIncome": 1476662000, "totalOtherIncomeExpenseNet": 447104000, "ebit": 1476662000, "interestExpense": -12695000, "incomeBeforeTax": 1923766000, "incomeTaxExpense": 360170000, "minorityInterest": 92523000, "netIncomeFromContinuingOps": 1563596000, "discontinuedOperations": {}, "extraordinaryItems": {}, "effectOfAccountingCharges": {}, "otherItems": {}, "netIncome": 1560904000, "netIncomeApplicableToCommonShares": 1560904000}, {"maxAge": 1, "endDate": "2019-09-30", "totalRevenue": 6965901000, "costOfRevenue": 2780163000, "grossProfit": 4185738000, "researchDevelopment": {}, "sellingGeneralAdministrative": 342969000, "nonRecurring": {}, "otherOperatingExpenses": 2302167000, "totalOperatingExpenses": 5647434000, "operatingIncome": 1318467000, "totalOtherIncomeExpenseNet": 265550000, "ebit": 1318467000, "interestExpense": -15245000, "incomeBeforeTax": 1584017000, "incomeTaxExpense": 64087000, "minorityInterest": 83268000, "netIncomeFromContinuingOps": 1519930000, "discontinuedOperations": {}, "extraordinaryItems": {}, "effectOfAccountingCharges": {}, "otherItems": {}, "netIncome": 1522426000, "netIncomeApplicableToCommonShares": 1522426000}], "maxAge": 86400}, "cashflowStatementHistoryQuarterly": {"cashflowStatements": [{"maxAge": 1, "endDate": "2020-06-30", "netIncome": 1292674000, "changeToLiabilities": 0}, {"maxAge": 1, "endDate": "2020-03-31", "netIncome": 1416255000, "changeToLiabilities": 0}, {"maxAge": 1, "endDate": "2019-12-31", "netIncome": 1560904000, "changeToLiabilities": 0}, {"maxAge": 1, "endDate": "2019-09-30", "netIncome": 1522426000, "changeToLiabilities": 0}], "maxAge": 86400}, "insiderHolders": {"holders": [{"maxAge": 1, "name": "Majumdar (Ratna Sanjay)", "relation": "UNREPORTED", "url": "", "transactionDescription": "Sale", "latestTransDate": "2020-09-30", "positionDirect": 12620, "positionDirectDate": "2020-09-30"}, {"maxAge": 1, "name": "Shah (Balkrishna F)", "relation": "UNREPORTED", "url": "", "transactionDescription": "Sale", "latestTransDate": "2020-09-30", "positionDirect": 44582, "positionDirectDate": "2020-09-30"}, {"maxAge": 1, "name": "Shah (Balkrishna F) HUF", "relation": "UNREPORTED", "url": "", "transactionDescription": "Sale", "latestTransDate": "2019-09-26", "positionDirect": 19457, "positionDirectDate": "2019-09-26"}, {"maxAge": 1, "name": "Shah (Shardaben Balkrishna)", "relation": "UNREPORTED", "url": "", "transactionDescription": "Purchase", "latestTransDate": "2018-12-11", "positionDirect": 5000, "positionDirectDate": "2018-12-11"}], "maxAge": 1}, "earnings": {"maxAge": 86400, "earningsChart": {"quarterly": [{"date": "2Q2017", "actual": 9.38, "estimate": 11.46}, {"date": "3Q2017", "actual": 9.17, "estimate": 9.53}, {"date": "4Q2017", "actual": 11.7, "estimate": 10.01}, {"date": "1Q2018", "actual": 9.43, "estimate": 11.28}], "currentQuarterEstimate": 12.78, "currentQuarterEstimateDate": "2Q", "currentQuarterEstimateYear": 2018, "earningsDate": []}, "financialsChart": {"yearly": [{"date": 2017, "revenue": 22460140000, "earnings": 4567693000}, {"date": 2018, "revenue": 24451349000, "earnings": 4433522000}, {"date": 2019, "revenue": 30694999000, "earnings": 5108305000}, {"date": 2020, "revenue": 29808775000, "earnings": 5903580000}], "quarterly": [{"date": "3Q2019", "revenue": 6965901000, "earnings": 1522426000}, {"date": "4Q2019", "revenue": 6940879000, "earnings": 1560904000}, {"date": "1Q2020", "revenue": 8569342000, "earnings": 1416255000}, {"date": "2Q2020", "revenue": 5803467000, "earnings": 1292674000}]}, "financialCurrency": "INR"}, "calendarEvents": {"maxAge": 1, "earnings": {"earningsDate": [], "earningsAverage": 12.78, "earningsLow": 12.78, "earningsHigh": 12.78, "revenueAverage": 6964000000, "revenueLow": 6964000000, "revenueHigh": 6964000000}}, "price": {"maxAge": 1, "regularMarketChangePercent": -0.008170531, "regularMarketChange": -15.349976, "regularMarketTime": "2021-04-30 15:27:01", "priceHint": 2, "regularMarketPrice": 1863.35, "regularMarketDayHigh": 1888.0, "regularMarketDayLow": 1849.4, "regularMarketVolume": 252, "averageDailyVolume10Day": 1694, "averageDailyVolume3Month": 5624, "regularMarketPreviousClose": 1878.7, "regularMarketSource": "FREE_REALTIME", "regularMarketOpen": 1849.4, "exchange": "BSE", "exchangeName": "BSE", "exchangeDataDelayedBy": 0, "marketState": "CLOSED", "quoteType": "EQUITY", "symbol": "AIAENG.BO", "underlyingSymbol": null, "shortName": "AIA ENGINEERING LTD.", "longName": "AIA Engineering Limited", "currency": "INR", "quoteSourceName": "Delayed Quote", "currencySymbol": "\u20b9", "fromCurrency": null, "toCurrency": null, "lastMarket": null, "marketCap": 175756951552}, "balanceSheetHistory": {"balanceSheetStatements": [{"maxAge": 1, "endDate": "2020-03-31", "cash": 1484919000, "shortTermInvestments": 1061654000, "netReceivables": 6914142000, "inventory": 7781222000, "otherCurrentAssets": 995965000, "totalCurrentAssets": 31441728000, "longTermInvestments": 8588000, "propertyPlantEquipment": 8985567000, "goodWill": 199657000, "intangibleAssets": 34834000, "otherAssets": 951504000, "deferredLongTermAssetCharges": 6861000, "totalAssets": 41621878000, "accountsPayable": 1321542000, "shortLongTermDebt": 150000000, "otherCurrentLiab": 845362000, "otherLiab": 784292000, "minorityInterest": 92523000, "totalCurrentLiabilities": 3626474000, "totalLiab": 4516491000, "commonStock": 188641000, "retainedEarnings": 34098073000, "treasuryStock": 40886000, "capitalSurplus": 2685264000, "otherStockholderEquity": 40886000, "totalStockholderEquity": 37012864000, "netTangibleAssets": 36778373000}, {"maxAge": 1, "endDate": "2019-03-31", "cash": 2083085000, "shortTermInvestments": 328807000, "netReceivables": 7758194000, "inventory": 7859194000, "otherCurrentAssets": 1307427000, "totalCurrentAssets": 30567829000, "longTermInvestments": 8564000, "propertyPlantEquipment": 8821710000, "goodWill": 197672000, "intangibleAssets": 25207000, "otherAssets": 715332000, "deferredLongTermAssetCharges": 9043000, "totalAssets": 40336314000, "accountsPayable": 1736061000, "otherCurrentLiab": 807910000, "longTermDebt": 150000000, "otherLiab": 970695000, "minorityInterest": 92963000, "totalCurrentLiabilities": 3985575000, "totalLiab": 5106270000, "commonStock": 188641000, "retainedEarnings": 32215178000, "treasuryStock": 50087000, "capitalSurplus": 2683175000, "otherStockholderEquity": 50087000, "totalStockholderEquity": 35137081000, "netTangibleAssets": 34914202000}, {"maxAge": 1, "endDate": "2018-03-31", "cash": 1811560000, "shortTermInvestments": 82141000, "netReceivables": 6509398000, "inventory": 5533897000, "otherCurrentAssets": 2076825000, "totalCurrentAssets": 26970975000, "longTermInvestments": 8564000, "propertyPlantEquipment": 7459344000, "goodWill": 196364000, "intangibleAssets": 22954000, "otherAssets": 927025000, "totalAssets": 35585226000, "accountsPayable": 1577269000, "shortLongTermDebt": 1575000, "otherCurrentLiab": 1590668000, "longTermDebt": 1985000, "otherLiab": 820177000, "minorityInterest": 89132000, "totalCurrentLiabilities": 4580868000, "totalLiab": 5403030000, "commonStock": 188641000, "retainedEarnings": 27107905000, "treasuryStock": 114476000, "capitalSurplus": 2682042000, "otherStockholderEquity": 114476000, "totalStockholderEquity": 30093064000, "netTangibleAssets": 29873746000}, {"maxAge": 1, "endDate": "2017-03-31", "cash": 2416006000, "shortTermInvestments": 60351000, "netReceivables": 5304861000, "inventory": 5340596000, "otherCurrentAssets": 1346415000, "totalCurrentAssets": 24091971000, "longTermInvestments": 9959000, "propertyPlantEquipment": 6907766000, "goodWill": 196253000, "intangibleAssets": 21843000, "otherAssets": 673516000, "totalAssets": 31901308000, "accountsPayable": 1374646000, "shortLongTermDebt": 244084000, "otherCurrentLiab": 953137000, "longTermDebt": 3357000, "otherLiab": 790729000, "minorityInterest": 80198000, "totalCurrentLiabilities": 3854493000, "totalLiab": 4648579000, "commonStock": 188641000, "retainedEarnings": 24293261000, "treasuryStock": 29100000, "capitalSurplus": 2661529000, "otherStockholderEquity": 29100000, "totalStockholderEquity": 27172531000, "netTangibleAssets": 26954435000}], "maxAge": 86400}, "earningsTrend": {"trend": [{"maxAge": 1, "period": "0q", "endDate": "2018-06-30", "growth": 0.36200002, "earningsEstimate": {"avg": 12.78, "low": 12.78, "high": 12.78, "yearAgoEps": 9.38, "numberOfAnalysts": 1, "growth": 0.36200002}, "revenueEstimate": {"avg": 6964000000, "low": 6964000000, "high": 6964000000, "numberOfAnalysts": 1, "yearAgoRevenue": 5548420000, "growth": 0.255}, "epsTrend": {"current": 12.78, "7daysAgo": 12.78, "30daysAgo": 12.78, "60daysAgo": 13.69, "90daysAgo": 13.69}, "epsRevisions": {"upLast7days": 0, "upLast30days": 0, "downLast30days": 0, "downLast90days": {}}}, {"maxAge": 1, "period": "+1q", "endDate": "2018-09-30", "growth": 0.503, "earningsEstimate": {"avg": 13.78, "low": 13.78, "high": 13.78, "yearAgoEps": 9.17, "numberOfAnalysts": 1, "growth": 0.503}, "revenueEstimate": {"avg": 7267000000, "low": 7267000000, "high": 7267000000, "numberOfAnalysts": 1, "yearAgoRevenue": 5591460000, "growth": 0.3}, "epsTrend": {"current": 13.78, "7daysAgo": 13.78, "30daysAgo": 13.78, "60daysAgo": 12.1, "90daysAgo": 12.1}, "epsRevisions": {"upLast7days": 0, "upLast30days": 0, "downLast30days": 0, "downLast90days": {}}}, {"maxAge": 1, "period": "0y", "endDate": "2019-03-31", "growth": 0.58599997, "earningsEstimate": {"avg": 54.27, "low": 50.9, "high": 59.6, "yearAgoEps": 34.21, "numberOfAnalysts": 17, "growth": 0.58599997}, "revenueEstimate": {"avg": 29242900000, "low": 26763600000, "high": 30575000000, "numberOfAnalysts": 17, "yearAgoRevenue": 23747500000, "growth": 0.231}, "epsTrend": {"current": 54.27, "7daysAgo": 54.27, "30daysAgo": 53.56, "60daysAgo": 51.97, "90daysAgo": 52.12}, "epsRevisions": {"upLast7days": 0, "upLast30days": 1, "downLast30days": 0, "downLast90days": {}}}, {"maxAge": 1, "period": "+1y", "endDate": "2020-03-31", "growth": 0.218, "earningsEstimate": {"avg": 66.1, "low": 55.4, "high": 82.3, "yearAgoEps": 54.27, "numberOfAnalysts": 17, "growth": 0.218}, "revenueEstimate": {"avg": 34623200000, "low": 28690500000, "high": 36996000000, "numberOfAnalysts": 17, "yearAgoRevenue": 29242900000, "growth": 0.184}, "epsTrend": {"current": 66.1, "7daysAgo": 66.1, "30daysAgo": 65.26, "60daysAgo": 65.01, "90daysAgo": 65.01}, "epsRevisions": {"upLast7days": 0, "upLast30days": 1, "downLast30days": 0, "downLast90days": {}}}, {"maxAge": 1, "period": "+5y", "endDate": null, "growth": 0.631, "earningsEstimate": {"avg": {}, "low": {}, "high": {}, "yearAgoEps": {}, "numberOfAnalysts": {}, "growth": {}}, "revenueEstimate": {"avg": {}, "low": {}, "high": {}, "numberOfAnalysts": {}, "yearAgoRevenue": {}, "growth": {}}, "epsTrend": {"current": {}, "7daysAgo": {}, "30daysAgo": {}, "60daysAgo": {}, "90daysAgo": {}}, "epsRevisions": {"upLast7days": {}, "upLast30days": {}, "downLast30days": {}, "downLast90days": {}}}, {"maxAge": 1, "period": "-5y", "endDate": null, "growth": 0.05228, "earningsEstimate": {"avg": {}, "low": {}, "high": {}, "yearAgoEps": {}, "numberOfAnalysts": {}, "growth": {}}, "revenueEstimate": {"avg": {}, "low": {}, "high": {}, "numberOfAnalysts": {}, "yearAgoRevenue": {}, "growth": {}}, "epsTrend": {"current": {}, "7daysAgo": {}, "30daysAgo": {}, "60daysAgo": {}, "90daysAgo": {}}, "epsRevisions": {"upLast7days": {}, "upLast30days": {}, "downLast30days": {}, "downLast90days": {}}}], "maxAge": 1}, "financialData": {"maxAge": 86400, "currentPrice": 1863.35, "targetHighPrice": 2470.0, "targetLowPrice": 1300.0, "targetMeanPrice": 1653.19, "targetMedianPrice": 1622.5, "recommendationMean": 2.4, "recommendationKey": "buy", "numberOfAnalystOpinions": 16, "grossProfits": 17900232000, "financialCurrency": "INR"}}}