{"AICHAMP.BO": {"cashflowStatementHistory": {"cashflowStatements": [{"maxAge": 1, "endDate": "2020-03-31", "netIncome": -2377000, "depreciation": 39044000, "changeToNetincome": 66925000, "changeToAccountReceivables": -31394000, "changeToLiabilities": -5540000, "changeToInventory": -39240000, "totalCashFromOperatingActivities": 27418000, "capitalExpenditures": -85924000, "otherCashflowsFromInvestingActivities": 113000, "totalCashflowsFromInvestingActivities": -85811000, "otherCashflowsFromFinancingActivities": -70216000, "totalCashFromFinancingActivities": 62284000, "changeInCash": 3891000, "issuanceOfStock": 132500000}, {"maxAge": 1, "endDate": "2019-03-31", "netIncome": 17902000, "depreciation": 39257000, "changeToNetincome": 29544000, "changeToAccountReceivables": -226940000, "changeToLiabilities": 65300000, "changeToInventory": 89325000, "totalCashFromOperatingActivities": 14388000, "capitalExpenditures": -81901000, "investments": 49165000, "otherCashflowsFromInvestingActivities": 330000, "totalCashflowsFromInvestingActivities": -18649000, "netBorrowings": -118543000, "otherCashflowsFromFinancingActivities": -103137000, "totalCashFromFinancingActivities": -221680000, "changeInCash": 267248000, "issuanceOfStock": 132500000}, {"maxAge": 1, "endDate": "2018-03-31", "netIncome": 20025000, "depreciation": 41384000, "changeToNetincome": 93628000, "changeToAccountReceivables": -33502000, "changeToLiabilities": 439656000, "changeToInventory": -277014000, "totalCashFromOperatingActivities": 284177000, "capitalExpenditures": -8296000, "investments": -8357000, "otherCashflowsFromInvestingActivities": 3544000, "totalCashflowsFromInvestingActivities": -13109000, "netBorrowings": -51371000, "otherCashflowsFromFinancingActivities": -117766000, "totalCashFromFinancingActivities": -99144000, "changeInCash": 176485000, "issuanceOfStock": 69993000}, {"maxAge": 1, "endDate": "2017-03-31", "netIncome": -80361000, "depreciation": 41046000, "changeToNetincome": 88072000, "changeToAccountReceivables": 4230000, "changeToLiabilities": -30256000, "changeToInventory": 78813000, "totalCashFromOperatingActivities": 101544000, "capitalExpenditures": -5658000, "investments": -3670000, "otherCashflowsFromInvestingActivities": 3544000, "totalCashflowsFromInvestingActivities": 104479000, "netBorrowings": -75063000, "otherCashflowsFromFinancingActivities": -117870000, "totalCashFromFinancingActivities": -192933000, "changeInCash": 13090000, "issuanceOfStock": 69993000}], "maxAge": 86400}, "institutionOwnership": {"maxAge": 1, "ownershipList": []}, "balanceSheetHistoryQuarterly": {"balanceSheetStatements": [{"maxAge": 1, "endDate": "2020-06-30"}, {"maxAge": 1, "endDate": "2020-03-31"}, {"maxAge": 1, "endDate": "2019-12-31"}, {"maxAge": 1, "endDate": "2019-09-30"}], "maxAge": 86400}, "indexTrend": {"maxAge": 1, "symbol": "SP5", "peRatio": 19.7411, "pegRatio": 1.34172, "estimates": [{"period": "0q", "growth": 0.549}, {"period": "+1q", "growth": 0.431}, {"period": "0y", "growth": 0.305}, {"period": "+1y", "growth": 0.109}, {"period": "+5y", "growth": 0.120859005}, {"period": "-5y"}]}, "insiderTransactions": {"transactions": [{"maxAge": 1, "shares": 1189300, "filerUrl": "", "transactionText": "", "filerName": "Wadhwa (Damodardas Jerambhai)", "filerRelation": "Promoter", "moneyText": "", "startDate": "2019-03-29", "ownership": "D"}], "maxAge": 1}, "quoteType": {"exchange": "BSE", "quoteType": "EQUITY", "symbol": "AICHAMP.BO", "underlyingSymbol": "AICHAMP.BO", "shortName": "AI CHAMPDANY INDUSTRIES LTD.", "longName": "AI Champdany Industries Limited", "firstTradeDateEpochUtc": "2002-07-10 09:15:00", "timeZoneFullName": "Asia/Kolkata", "timeZoneShortName": "IST", "uuid": "2cfad2f2-5230-36b8-9e11-fb0df93b6543", "messageBoardId": null, "gmtOffSetMilliseconds": 19800000, "maxAge": 1}, "incomeStatementHistory": {"incomeStatementHistory": [{"maxAge": 1, "endDate": "2020-03-31", "totalRevenue": 1283490000, "costOfRevenue": 566115000, "grossProfit": 717375000, "researchDevelopment": {}, "sellingGeneralAdministrative": 417008000, "nonRecurring": {}, "otherOperatingExpenses": 191264000, "totalOperatingExpenses": 1213431000, "operatingIncome": 70059000, "totalOtherIncomeExpenseNet": -65644000, "ebit": 70059000, "interestExpense": -65643000, "incomeBeforeTax": 4415000, "incomeTaxExpense": 6700000, "minorityInterest": {}, "netIncomeFromContinuingOps": -2285000, "discontinuedOperations": {}, "extraordinaryItems": {}, "effectOfAccountingCharges": {}, "otherItems": {}, "netIncome": -2377000, "netIncomeApplicableToCommonShares": -2377000}, {"maxAge": 1, "endDate": "2019-03-31", "totalRevenue": 1318366000, "costOfRevenue": 617454000, "grossProfit": 700912000, "researchDevelopment": {}, "sellingGeneralAdministrative": 425418000, "nonRecurring": {}, "otherOperatingExpenses": 177443000, "totalOperatingExpenses": 1259572000, "operatingIncome": 58794000, "totalOtherIncomeExpenseNet": -45449000, "ebit": 58794000, "interestExpense": -91904000, "incomeBeforeTax": 13345000, "incomeTaxExpense": -4593000, "minorityInterest": 15907000, "netIncomeFromContinuingOps": 17938000, "discontinuedOperations": {}, "extraordinaryItems": {}, "effectOfAccountingCharges": {}, "otherItems": {}, "netIncome": 17902000, "netIncomeApplicableToCommonShares": 17902000}, {"maxAge": 1, "endDate": "2018-03-31", "totalRevenue": 1320169000, "costOfRevenue": 457820000, "grossProfit": 862349000, "researchDevelopment": {}, "sellingGeneralAdministrative": 497581000, "nonRecurring": {}, "otherOperatingExpenses": 236306000, "totalOperatingExpenses": 1233091000, "operatingIncome": 87078000, "totalOtherIncomeExpenseNet": -62531000, "ebit": 87078000, "interestExpense": -109329000, "incomeBeforeTax": 24547000, "incomeTaxExpense": 4522000, "minorityInterest": 15907000, "netIncomeFromContinuingOps": 20025000, "discontinuedOperations": {}, "extraordinaryItems": {}, "effectOfAccountingCharges": {}, "otherItems": {}, "netIncome": 20025000, "netIncomeApplicableToCommonShares": 20025000}, {"maxAge": 1, "endDate": "2017-03-31", "totalRevenue": 1055312000, "costOfRevenue": 472366000, "grossProfit": 582946000, "researchDevelopment": {}, "sellingGeneralAdministrative": 365950000, "nonRecurring": {}, "otherOperatingExpenses": 174280000, "totalOperatingExpenses": 1053642000, "operatingIncome": 1670000, "totalOtherIncomeExpenseNet": -103472000, "ebit": 1670000, "interestExpense": -116592000, "incomeBeforeTax": -101802000, "incomeTaxExpense": -21441000, "minorityInterest": 15907000, "netIncomeFromContinuingOps": -80361000, "discontinuedOperations": {}, "extraordinaryItems": {}, "effectOfAccountingCharges": {}, "otherItems": {}, "netIncome": -80361000, "netIncomeApplicableToCommonShares": -81602000}], "maxAge": 86400}, "fundOwnership": {"maxAge": 1, "ownershipList": []}, "summaryDetail": {"maxAge": 1, "priceHint": 2, "previousClose": 10.75, "open": 11.0, "dayLow": 10.25, "dayHigh": 11.0, "regularMarketPreviousClose": 10.75, "regularMarketOpen": 11.0, "regularMarketDayLow": 10.25, "regularMarketDayHigh": 11.0, "volume": 103, "regularMarketVolume": 103, "averageVolume": 502, "averageVolume10days": 1335, "averageDailyVolume10Day": 1335, "bid": 0.0, "ask": 10.25, "bidSize": 0, "askSize": 0, "marketCap": 295015488, "fiftyTwoWeekLow": 6.24, "fiftyTwoWeekHigh": 16.78, "fiftyDayAverage": 13.003142, "twoHundredDayAverage": 9.740365, "currency": "INR", "fromCurrency": null, "toCurrency": null, "lastMarket": null, "algorithm": null, "tradeable": false}, "incomeStatementHistoryQuarterly": {"incomeStatementHistory": [{"maxAge": 1, "endDate": "2020-06-30", "totalRevenue": 37363000, "costOfRevenue": 0, "grossProfit": 37363000, "researchDevelopment": {}, "sellingGeneralAdministrative": {}, "nonRecurring": {}, "otherOperatingExpenses": 65949000, "totalOperatingExpenses": 65949000, "operatingIncome": -28586000, "totalOtherIncomeExpenseNet": -9335000, "ebit": -28586000, "interestExpense": -12624000, "incomeBeforeTax": -37921000, "incomeTaxExpense": 0, "minorityInterest": {}, "netIncomeFromContinuingOps": -37921000, "discontinuedOperations": {}, "extraordinaryItems": {}, "effectOfAccountingCharges": {}, "otherItems": {}, "netIncome": -37921000, "netIncomeApplicableToCommonShares": -37921000}, {"maxAge": 1, "endDate": "2020-03-31", "totalRevenue": 352707000, "costOfRevenue": 163814000, "grossProfit": 188893000, "researchDevelopment": {}, "sellingGeneralAdministrative": 107293000, "nonRecurring": {}, "otherOperatingExpenses": 54399000, "totalOperatingExpenses": 339904000, "operatingIncome": 12803000, "totalOtherIncomeExpenseNet": -12395000, "ebit": 12803000, "interestExpense": -12397000, "incomeBeforeTax": 408000, "incomeTaxExpense": 6006000, "minorityInterest": {}, "netIncomeFromContinuingOps": -5598000, "discontinuedOperations": {}, "extraordinaryItems": {}, "effectOfAccountingCharges": {}, "otherItems": {}, "netIncome": -5620000, "netIncomeApplicableToCommonShares": -5620000}, {"maxAge": 1, "endDate": "2019-12-31", "totalRevenue": 305551000, "costOfRevenue": 124640000, "grossProfit": 180911000, "researchDevelopment": {}, "sellingGeneralAdministrative": 119696000, "nonRecurring": {}, "otherOperatingExpenses": 38649000, "totalOperatingExpenses": 291195000, "operatingIncome": 14356000, "totalOtherIncomeExpenseNet": -13442000, "ebit": 14356000, "interestExpense": -13442000, "incomeBeforeTax": 914000, "incomeTaxExpense": 488000, "minorityInterest": {}, "netIncomeFromContinuingOps": 426000, "discontinuedOperations": {}, "extraordinaryItems": {}, "effectOfAccountingCharges": {}, "otherItems": {}, "netIncome": 397000, "netIncomeApplicableToCommonShares": 397000}, {"maxAge": 1, "endDate": "2019-09-30", "totalRevenue": 317330000, "costOfRevenue": 141230000, "grossProfit": 176100000, "researchDevelopment": {}, "sellingGeneralAdministrative": 99850000, "nonRecurring": {}, "otherOperatingExpenses": 45050000, "totalOperatingExpenses": 294350000, "operatingIncome": 22980000, "totalOtherIncomeExpenseNet": -21510000, "ebit": 22980000, "interestExpense": -21510000, "incomeBeforeTax": 1470000, "incomeTaxExpense": 880000, "minorityInterest": {}, "netIncomeFromContinuingOps": 590000, "discontinuedOperations": {}, "extraordinaryItems": {}, "effectOfAccountingCharges": {}, "otherItems": {}, "netIncome": 590000, "netIncomeApplicableToCommonShares": 590000}], "maxAge": 86400}, "cashflowStatementHistoryQuarterly": {"cashflowStatements": [{"maxAge": 1, "endDate": "2020-06-30", "netIncome": -37921000, "changeToLiabilities": 0}, {"maxAge": 1, "endDate": "2020-03-31", "netIncome": -5620000, "changeToLiabilities": 0}, {"maxAge": 1, "endDate": "2019-12-31", "netIncome": 397000, "changeToLiabilities": 0}, {"maxAge": 1, "endDate": "2019-09-30", "netIncome": 590000, "changeToLiabilities": 0}], "maxAge": 86400}, "insiderHolders": {"holders": [{"maxAge": 1, "name": "Wadhwa (Damodardas Jerambhai)", "relation": "Promoter", "url": "", "transactionDescription": "Other", "latestTransDate": "2019-03-29", "positionDirect": 3834942, "positionDirectDate": "2019-03-29"}], "maxAge": 1}, "calendarEvents": {"maxAge": 1, "earnings": {"earningsDate": ["2020-09-15 05:30:S"]}}, "price": {"maxAge": 1, "regularMarketChangePercent": -0.046511628, "regularMarketChange": -0.5, "regularMarketTime": "2021-04-30 13:41:31", "priceHint": 2, "regularMarketPrice": 10.25, "regularMarketDayHigh": 11.0, "regularMarketDayLow": 10.25, "regularMarketVolume": 103, "averageDailyVolume10Day": 1335, "averageDailyVolume3Month": 502, "regularMarketPreviousClose": 10.75, "regularMarketSource": "FREE_REALTIME", "regularMarketOpen": 11.0, "exchange": "BSE", "exchangeName": "BSE", "exchangeDataDelayedBy": 0, "marketState": "CLOSED", "quoteType": "EQUITY", "symbol": "AICHAMP.BO", "underlyingSymbol": null, "shortName": "AI CHAMPDANY INDUSTRIES LTD.", "longName": "AI Champdany Industries Limited", "currency": "INR", "quoteSourceName": "Delayed Quote", "currencySymbol": "\u20b9", "fromCurrency": null, "toCurrency": null, "lastMarket": null, "marketCap": 295015488}, "balanceSheetHistory": {"balanceSheetStatements": [{"maxAge": 1, "endDate": "2020-03-31"}, {"maxAge": 1, "endDate": "2019-03-31", "cash": 6947000, "shortTermInvestments": 7171000, "netReceivables": 655241000, "inventory": 1472876000, "otherCurrentAssets": 685000, "totalCurrentAssets": 2154020000, "longTermInvestments": 58447000, "propertyPlantEquipment": 771676000, "goodWill": 316000, "otherAssets": 82314000, "totalAssets": 3066773000, "accountsPayable": 426376000, "otherCurrentLiab": 39287000, "longTermDebt": 1190930000, "otherLiab": 26716000, "minorityInterest": 15907000, "totalCurrentLiabilities": 1040501000, "totalLiab": 2258176000, "commonStock": 153769000, "retainedEarnings": 13607000, "treasuryStock": 249825000, "capitalSurplus": 375489000, "otherStockholderEquity": 249825000, "totalStockholderEquity": 792690000, "netTangibleAssets": 792374000}, {"maxAge": 1, "endDate": "2018-03-31", "cash": 49645000, "shortTermInvestments": 6230000, "netReceivables": 427004000, "inventory": 1562201000, "totalCurrentAssets": 2056848000, "longTermInvestments": 10878000, "propertyPlantEquipment": 731582000, "goodWill": 316000, "otherAssets": 82490000, "totalAssets": 2882114000, "accountsPayable": 461351000, "shortLongTermDebt": 31722000, "otherCurrentLiab": 57062000, "longTermDebt": 707454000, "otherLiab": 37981000, "totalCurrentLiabilities": 1344754000, "totalLiab": 2090221000, "commonStock": 153769000, "retainedEarnings": 10104000, "treasuryStock": 252531000, "capitalSurplus": 375489000, "otherStockholderEquity": 252531000, "totalStockholderEquity": 791893000, "netTangibleAssets": 791577000}, {"maxAge": 1, "endDate": "2017-03-31", "cash": 5338000, "shortTermInvestments": 22255000, "netReceivables": 367642000, "inventory": 1274253000, "totalCurrentAssets": 1684682000, "longTermInvestments": 57901000, "propertyPlantEquipment": 773561000, "goodWill": 316000, "otherAssets": 80631000, "totalAssets": 2597091000, "accountsPayable": 246380000, "shortLongTermDebt": 51371000, "otherCurrentLiab": 58447000, "longTermDebt": 568091000, "otherLiab": 29219000, "deferredLongTermLiab": 210000, "totalCurrentLiabilities": 1283762000, "totalLiab": 1881107000, "commonStock": 137104000, "retainedEarnings": 5524000, "treasuryStock": 251195000, "capitalSurplus": 322161000, "otherStockholderEquity": 251195000, "totalStockholderEquity": 715984000, "netTangibleAssets": 715668000}], "maxAge": 86400}, "financialData": {"maxAge": 86400, "currentPrice": 10.25, "recommendationKey": "none", "grossProfits": 717375000, "financialCurrency": "INR"}}}