{"AIIL.BO": {"cashflowStatementHistory": {"cashflowStatements": [{"maxAge": 1, "endDate": "2020-03-31", "netIncome": -152933337, "depreciation": 15143, "changeToNetincome": 246921504, "changeToLiabilities": -46467491, "changeToOperatingActivities": -1742472347, "totalCashFromOperatingActivities": -1694936528, "investments": -5402525379, "totalCashflowsFromInvestingActivities": -7217675379, "netBorrowings": 6843599870, "otherCashflowsFromFinancingActivities": -20948909, "totalCashFromFinancingActivities": 8917650961, "changeInCash": 5039054}, {"maxAge": 1, "endDate": "2019-03-31", "netIncome": -374333723, "depreciation": 20157, "changeToNetincome": 8980861, "changeToLiabilities": -272507765, "changeToOperatingActivities": 301113888, "totalCashFromOperatingActivities": -336726582, "capitalExpenditures": -44000, "investments": 411390505, "totalCashflowsFromInvestingActivities": 411346505, "dividendsPaid": -101575, "netBorrowings": -67646758, "otherCashflowsFromFinancingActivities": -9071423, "totalCashFromFinancingActivities": -76819756, "changeInCash": -2199833}, {"maxAge": 1, "endDate": "2018-03-31", "netIncome": 59909749, "depreciation": 3281, "changeToNetincome": 4918100, "changeToLiabilities": 219679068, "changeToInventory": -179045571, "changeToOperatingActivities": -210070393, "totalCashFromOperatingActivities": -104605766, "capitalExpenditures": -44000, "investments": -34467718, "totalCashflowsFromInvestingActivities": -34467718, "dividendsPaid": -101575, "netBorrowings": 134376783, "otherCashflowsFromFinancingActivities": -9071423, "totalCashFromFinancingActivities": 134376783, "changeInCash": -4696700}, {"maxAge": 1, "endDate": "2017-03-31", "netIncome": 83510855, "depreciation": 8906, "changeToNetincome": 39899310, "changeToLiabilities": -39629402, "changeToInventory": 47027955, "changeToOperatingActivities": 126992052, "totalCashFromOperatingActivities": 257809676, "capitalExpenditures": -44000, "investments": -127594944, "totalCashflowsFromInvestingActivities": -127594944, "dividendsPaid": -101575, "netBorrowings": -123060424, "otherCashflowsFromFinancingActivities": -9071423, "totalCashFromFinancingActivities": -123060424, "changeInCash": 7154308}], "maxAge": 86400}, "institutionOwnership": {"ownershipList": [], "maxAge": 1}, "balanceSheetHistoryQuarterly": {"balanceSheetStatements": [{"maxAge": 1, "endDate": "2020-06-30", "totalStockholderEquity": 4197716000, "netTangibleAssets": 4197716000}, {"maxAge": 1, "endDate": "2020-03-31", "cash": 5785203, "netReceivables": 1814033562, "otherCurrentAssets": 13792264, "totalCurrentAssets": 4989111610, "longTermInvestments": 149315616, "propertyPlantEquipment": 12363, "otherAssets": 1815149999, "totalAssets": 6953589588, "accountsPayable": 67067, "longTermDebt": 2135026460, "otherLiab": 5149625, "totalCurrentLiabilities": 615697715, "totalLiab": 2755873800, "commonStock": 115280900, "retainedEarnings": 116793405, "treasuryStock": 3965641483, "otherStockholderEquity": 3965641483, "totalStockholderEquity": 4197715788, "netTangibleAssets": 4197715788}, {"maxAge": 1, "endDate": "2019-12-31", "totalStockholderEquity": 373349000, "netTangibleAssets": 373349000}, {"maxAge": 1, "endDate": "2019-09-30", "cash": 12701000, "netReceivables": 125486000, "inventory": 34419000, "totalCurrentAssets": 172606000, "longTermInvestments": 205074000, "propertyPlantEquipment": 20000, "otherAssets": 70000, "totalAssets": 377770000, "otherCurrentLiab": 3828000, "totalCurrentLiabilities": 4421000, "totalLiab": 4421000, "commonStock": 115281000, "treasuryStock": 258068000, "otherStockholderEquity": 258068000, "totalStockholderEquity": 373349000, "netTangibleAssets": 373349000}], "maxAge": 86400}, "indexTrend": {"maxAge": 1, "symbol": "SP5", "peRatio": 19.7411, "pegRatio": 1.34172, "estimates": [{"period": "0q", "growth": 0.549}, {"period": "+1q", "growth": 0.431}, {"period": "0y", "growth": 0.305}, {"period": "+1y", "growth": 0.109}, {"period": "+5y", "growth": 0.120859005}, {"period": "-5y"}]}, "insiderTransactions": {"transactions": [{"maxAge": 1, "shares": 621879, "filerUrl": "", "transactionText": "", "filerName": "Gogia Capital Services Ltd", "filerRelation": "Promoter", "moneyText": "", "startDate": "2020-07-09", "ownership": "D"}, {"maxAge": 1, "shares": 500000, "filerUrl": "", "transactionText": "", "filerName": "Khazana Tradelink Pvt. Ltd.", "filerRelation": "Institution- Corporation", "moneyText": "", "startDate": "2020-06-30", "ownership": "D"}, {"maxAge": 1, "shares": 300000, "filerUrl": "", "transactionText": "", "filerName": "Khazana Tradelink Pvt. Ltd.", "filerRelation": "Institution- Corporation", "moneyText": "", "startDate": "2019-09-23", "ownership": "D"}], "maxAge": 1}, "quoteType": {"exchange": "BSE", "quoteType": "EQUITY", "symbol": "AIIL.BO", "underlyingSymbol": "AIIL.BO", "shortName": "Authum Investment & Infrastruc", "longName": "Authum Investment &amp; Infrastructure Limited", "firstTradeDateEpochUtc": "2015-06-11 09:15:00", "timeZoneFullName": "Asia/Kolkata", "timeZoneShortName": "IST", "uuid": "c01114b3-a536-382f-97e1-925740b65486", "gmtOffSetMilliseconds": 19800000, "maxAge": 1}, "incomeStatementHistory": {"incomeStatementHistory": [{"maxAge": 1, "endDate": "2020-03-31", "totalRevenue": -124649365, "costOfRevenue": 25860, "grossProfit": -124675225, "researchDevelopment": {}, "sellingGeneralAdministrative": 3172410, "nonRecurring": {}, "otherOperatingExpenses": 25031325, "totalOperatingExpenses": 28244738, "operatingIncome": -152894103, "totalOtherIncomeExpenseNet": 0, "ebit": 0, "interestExpense": {}, "incomeBeforeTax": -152894103, "incomeTaxExpense": 39234, "minorityInterest": {}, "netIncomeFromContinuingOps": -152933337, "discontinuedOperations": {}, "extraordinaryItems": {}, "effectOfAccountingCharges": {}, "otherItems": {}, "netIncome": -152933337, "netIncomeApplicableToCommonShares": -152933337}, {"maxAge": 1, "endDate": "2019-03-31", "totalRevenue": -366585277, "costOfRevenue": 254018, "grossProfit": -366839295, "researchDevelopment": {}, "sellingGeneralAdministrative": 1933777, "nonRecurring": {}, "otherOperatingExpenses": 5540494, "totalOperatingExpenses": 7748446, "operatingIncome": -374333723, "totalOtherIncomeExpenseNet": 0, "ebit": 0, "interestExpense": {}, "incomeBeforeTax": -374333723, "incomeTaxExpense": 0, "minorityInterest": {}, "netIncomeFromContinuingOps": -374333723, "discontinuedOperations": {}, "extraordinaryItems": {}, "effectOfAccountingCharges": {}, "otherItems": {}, "netIncome": -374333723, "netIncomeApplicableToCommonShares": -374333723}, {"maxAge": 1, "endDate": "2018-03-31", "totalRevenue": 3504425106, "costOfRevenue": 3394824996, "grossProfit": 109600110, "researchDevelopment": {}, "sellingGeneralAdministrative": 2085938, "nonRecurring": {}, "otherOperatingExpenses": 18808107, "totalOperatingExpenses": 3415722322, "operatingIncome": 88702784, "totalOtherIncomeExpenseNet": 0, "ebit": 0, "interestExpense": {}, "incomeBeforeTax": 88702784, "incomeTaxExpense": 28793035, "minorityInterest": {}, "netIncomeFromContinuingOps": 59909749, "discontinuedOperations": {}, "extraordinaryItems": {}, "effectOfAccountingCharges": {}, "otherItems": {}, "netIncome": 59909749, "netIncomeApplicableToCommonShares": 59909749}, {"maxAge": 1, "endDate": "2017-03-31", "totalRevenue": 2208776911, "costOfRevenue": 2060903487, "grossProfit": 147873424, "researchDevelopment": {}, "sellingGeneralAdministrative": 1920688, "nonRecurring": {}, "otherOperatingExpenses": 10931226, "totalOperatingExpenses": 2073764307, "operatingIncome": 135012604, "totalOtherIncomeExpenseNet": 104133, "ebit": 0, "interestExpense": {}, "incomeBeforeTax": 135116737, "incomeTaxExpense": 51605882, "minorityInterest": {}, "netIncomeFromContinuingOps": 83510855, "discontinuedOperations": {}, "extraordinaryItems": {}, "effectOfAccountingCharges": {}, "otherItems": {}, "netIncome": 83510855, "netIncomeApplicableToCommonShares": 83510855}], "maxAge": 86400}, "fundOwnership": {"ownershipList": [], "maxAge": 1}, "summaryDetail": {"maxAge": 1, "priceHint": 2, "previousClose": 302.0, "open": 308.0, "dayLow": 308.0, "dayHigh": 308.0, "regularMarketPreviousClose": 302.0, "regularMarketOpen": 308.0, "regularMarketDayLow": 308.0, "regularMarketDayHigh": 308.0, "volume": 16, "regularMarketVolume": 16, "averageVolume": 5261, "averageVolume10days": 407, "averageDailyVolume10Day": 407, "bid": 308.0, "ask": 0.0, "bidSize": 0, "askSize": 0, "marketCap": 3550654720, "fiftyTwoWeekLow": 49.85, "fiftyTwoWeekHigh": 341.8, "fiftyDayAverage": 239.23636, "twoHundredDayAverage": 178.35551, "currency": "INR", "fromCurrency": null, "lastMarket": null, "algorithm": null, "tradeable": false}, "incomeStatementHistoryQuarterly": {"incomeStatementHistory": [{"maxAge": 1, "endDate": "2020-06-30", "totalRevenue": -12735000, "costOfRevenue": 0, "grossProfit": -12735000, "researchDevelopment": {}, "sellingGeneralAdministrative": 1502000, "nonRecurring": {}, "otherOperatingExpenses": 6299000, "totalOperatingExpenses": 7802000, "operatingIncome": -20537000, "totalOtherIncomeExpenseNet": 0, "ebit": 0, "interestExpense": {}, "incomeBeforeTax": -20537000, "incomeTaxExpense": 0, "minorityInterest": {}, "netIncomeFromContinuingOps": -20537000, "discontinuedOperations": {}, "extraordinaryItems": {}, "effectOfAccountingCharges": {}, "otherItems": {}, "netIncome": -20537000, "netIncomeApplicableToCommonShares": -20537000}, {"maxAge": 1, "endDate": "2020-03-31", "totalRevenue": -633343365, "costOfRevenue": -595249140, "grossProfit": -38094225, "researchDevelopment": {}, "sellingGeneralAdministrative": 1382410, "nonRecurring": {}, "otherOperatingExpenses": 21431325, "totalOperatingExpenses": -572431262, "operatingIncome": -60912103, "totalOtherIncomeExpenseNet": 0, "ebit": 0, "interestExpense": {}, "incomeBeforeTax": -60912103, "incomeTaxExpense": 234, "minorityInterest": {}, "netIncomeFromContinuingOps": -60912337, "discontinuedOperations": {}, "extraordinaryItems": {}, "effectOfAccountingCharges": {}, "otherItems": {}, "netIncome": -60912337, "netIncomeApplicableToCommonShares": -60912337}, {"maxAge": 1, "endDate": "2019-12-31", "totalRevenue": 132265000, "costOfRevenue": 128011000, "grossProfit": 4254000, "researchDevelopment": {}, "sellingGeneralAdministrative": 837000, "nonRecurring": {}, "otherOperatingExpenses": 1609000, "totalOperatingExpenses": 130460000, "operatingIncome": 1805000, "totalOtherIncomeExpenseNet": 0, "ebit": 0, "interestExpense": {}, "incomeBeforeTax": 1805000, "incomeTaxExpense": 0, "minorityInterest": {}, "netIncomeFromContinuingOps": 1805000, "discontinuedOperations": {}, "extraordinaryItems": {}, "effectOfAccountingCharges": {}, "otherItems": {}, "netIncome": 1805000, "netIncomeApplicableToCommonShares": 1805000}, {"maxAge": 1, "endDate": "2019-09-30", "totalRevenue": 306893000, "costOfRevenue": 329249000, "grossProfit": -22356000, "researchDevelopment": {}, "sellingGeneralAdministrative": 485000, "nonRecurring": {}, "otherOperatingExpenses": 986000, "totalOperatingExpenses": 330724000, "operatingIncome": -23831000, "totalOtherIncomeExpenseNet": 0, "ebit": 0, "interestExpense": {}, "incomeBeforeTax": -23831000, "incomeTaxExpense": 43000, "minorityInterest": {}, "netIncomeFromContinuingOps": -23874000, "discontinuedOperations": {}, "extraordinaryItems": {}, "effectOfAccountingCharges": {}, "otherItems": {}, "netIncome": -23874000, "netIncomeApplicableToCommonShares": -23874000}], "maxAge": 86400}, "cashflowStatementHistoryQuarterly": {"cashflowStatements": [{"maxAge": 1, "endDate": "2020-06-30", "netIncome": -20537000, "changeToLiabilities": 0}, {"maxAge": 1, "endDate": "2020-03-31", "netIncome": -60912337, "changeToLiabilities": 0}, {"maxAge": 1, "endDate": "2019-12-31", "netIncome": 1805000, "changeToLiabilities": 0}, {"maxAge": 1, "endDate": "2019-09-30", "netIncome": -23874000, "changeToLiabilities": 0}], "maxAge": 86400}, "insiderHolders": {"holders": [{"maxAge": 1, "name": "Gogia Capital Services Ltd", "relation": "Promoter", "url": "", "transactionDescription": "Acquisition", "latestTransDate": "2020-07-09", "positionDirect": 621879, "positionDirectDate": "2020-07-09"}, {"maxAge": 1, "name": "Khazana Tradelink Pvt. Ltd.", "relation": "Institution- Corporation", "url": "", "transactionDescription": "Sale", "latestTransDate": "2020-06-30", "positionDirect": 585000, "positionDirectDate": "2020-06-30"}], "maxAge": 1}, "calendarEvents": {"maxAge": 1, "earnings": {"earningsDate": ["2020-08-31 05:30:S"]}}, "upgradeDowngradeHistory": {"history": [], "maxAge": 86400}, "price": {"maxAge": 1, "regularMarketChangePercent": 0.01986755, "regularMarketChange": 6.0, "regularMarketTime": "2021-04-30 13:44:44", "priceHint": 2, "regularMarketPrice": 308.0, "regularMarketDayHigh": 308.0, "regularMarketDayLow": 308.0, "regularMarketVolume": 16, "averageDailyVolume10Day": 407, "averageDailyVolume3Month": 5261, "regularMarketPreviousClose": 302.0, "regularMarketSource": "FREE_REALTIME", "regularMarketOpen": 308.0, "exchange": "BSE", "exchangeName": "BSE", "exchangeDataDelayedBy": 0, "marketState": "CLOSED", "quoteType": "EQUITY", "symbol": "AIIL.BO", "underlyingSymbol": null, "shortName": "Authum Investment & Infrastruc", "longName": "Authum Investment &amp; Infrastructure Limited", "currency": "INR", "quoteSourceName": "Delayed Quote", "currencySymbol": "\u20b9", "fromCurrency": null, "lastMarket": null, "marketCap": 3550654720}, "balanceSheetHistory": {"balanceSheetStatements": [{"maxAge": 1, "endDate": "2020-03-31", "cash": 5785203, "netReceivables": 1814033562, "otherCurrentAssets": 13792264, "totalCurrentAssets": 4989111610, "longTermInvestments": 149315616, "propertyPlantEquipment": 12363, "otherAssets": 1815149999, "totalAssets": 6953589588, "accountsPayable": 67067, "longTermDebt": 2135026460, "otherLiab": 5149625, "totalCurrentLiabilities": 615697715, "totalLiab": 2755873800, "commonStock": 115280900, "retainedEarnings": 116793405, "treasuryStock": 3965641483, "otherStockholderEquity": 3965641483, "totalStockholderEquity": 4197715788, "netTangibleAssets": 4197715788}, {"maxAge": 1, "endDate": "2019-03-31", "cash": 746149, "netReceivables": 370918, "inventory": 391911000, "otherCurrentAssets": 56044434, "totalCurrentAssets": 541187969, "longTermInvestments": 88354944, "propertyPlantEquipment": 27506, "totalAssets": 629570419, "accountsPayable": 46534558, "otherCurrentLiab": 3349390, "otherLiab": 316398, "totalCurrentLiabilities": 138683081, "totalLiab": 138999479, "commonStock": 115280900, "retainedEarnings": 269726742, "treasuryStock": 105563298, "otherStockholderEquity": 105563298, "totalStockholderEquity": 490570940, "netTangibleAssets": 490570940}, {"maxAge": 1, "endDate": "2018-03-31", "cash": 2945982, "netReceivables": 43488490, "otherCurrentAssets": 313950534, "totalCurrentAssets": 1000680232, "longTermInvestments": 174731696, "propertyPlantEquipment": 3663, "totalAssets": 1175415591, "accountsPayable": 319042323, "otherCurrentLiab": 4164628, "totalCurrentLiabilities": 479255923, "totalLiab": 479255923, "commonStock": 115280900, "retainedEarnings": 475315470, "treasuryStock": 105563298, "otherStockholderEquity": 105563298, "totalStockholderEquity": 696159668, "netTangibleAssets": 696159668}, {"maxAge": 1, "endDate": "2017-03-31", "cash": 7642682, "netReceivables": 118631, "otherCurrentAssets": 180078349, "totalCurrentAssets": 649089316, "longTermInvestments": 139721696, "propertyPlantEquipment": 6944, "totalAssets": 788817956, "accountsPayable": 99363255, "otherCurrentLiab": 31536644, "totalCurrentLiabilities": 152568037, "totalLiab": 152568037, "commonStock": 115280900, "retainedEarnings": 415405721, "treasuryStock": 105563298, "otherStockholderEquity": 105563298, "totalStockholderEquity": 636249919, "netTangibleAssets": 636249919}], "maxAge": 86400}, "financialData": {"maxAge": 86400, "currentPrice": 308.0, "recommendationKey": "none", "grossProfits": -124675225, "financialCurrency": "INR"}}}