{"AINFRA.BO": {"cashflowStatementHistory": {"cashflowStatements": [{"maxAge": 1, "endDate": "2020-03-31", "netIncome": 36748000, "depreciation": 30545000, "changeToNetincome": 90398000, "changeToAccountReceivables": 2886000, "changeToLiabilities": -153422000, "changeToInventory": -15549000, "changeToOperatingActivities": 118299000, "totalCashFromOperatingActivities": 109905000, "capitalExpenditures": -46651000, "totalCashflowsFromInvestingActivities": -46651000, "dividendsPaid": -4265000, "netBorrowings": 16561000, "otherCashflowsFromFinancingActivities": -84681000, "totalCashFromFinancingActivities": -72385000, "changeInCash": -9131000}, {"maxAge": 1, "endDate": "2019-03-31", "netIncome": 84298000, "depreciation": 27465000, "changeToNetincome": 31272000, "changeToAccountReceivables": 36045000, "changeToLiabilities": 152288000, "changeToInventory": -99558000, "changeToOperatingActivities": 165634000, "totalCashFromOperatingActivities": 397444000, "capitalExpenditures": -178842000, "investments": -3000, "otherCashflowsFromInvestingActivities": 4000, "totalCashflowsFromInvestingActivities": -119219000, "dividendsPaid": -4265000, "netBorrowings": -191928000, "otherCashflowsFromFinancingActivities": -84680000, "totalCashFromFinancingActivities": -273758000, "changeInCash": 4467000}, {"maxAge": 1, "endDate": "2018-03-31", "netIncome": 8083000, "depreciation": 26190000, "changeToNetincome": 90838000, "changeToAccountReceivables": -13203000, "changeToLiabilities": -28690000, "changeToInventory": -48870000, "changeToOperatingActivities": 64660000, "totalCashFromOperatingActivities": 99008000, "capitalExpenditures": -52727000, "investments": -2255000, "otherCashflowsFromInvestingActivities": 4000, "totalCashflowsFromInvestingActivities": -54822000, "dividendsPaid": -5201000, "netBorrowings": 48627000, "otherCashflowsFromFinancingActivities": -88103000, "totalCashFromFinancingActivities": -44677000, "changeInCash": -491000}, {"maxAge": 1, "endDate": "2017-03-31", "netIncome": -1469000, "depreciation": 28308000, "changeToNetincome": 80315000, "changeToAccountReceivables": -107000, "changeToLiabilities": 4218000, "changeToInventory": 93107000, "changeToOperatingActivities": -55077000, "totalCashFromOperatingActivities": 149295000, "capitalExpenditures": -66791000, "investments": 321000, "otherCashflowsFromInvestingActivities": 11000, "totalCashflowsFromInvestingActivities": -66158000, "dividendsPaid": -5208000, "netBorrowings": 23818000, "otherCashflowsFromFinancingActivities": -87374000, "totalCashFromFinancingActivities": -68764000, "changeInCash": 14373000}], "maxAge": 86400}, "institutionOwnership": {"ownershipList": [], "maxAge": 1}, "balanceSheetHistoryQuarterly": {"balanceSheetStatements": [{"maxAge": 1, "endDate": "2020-06-30", "totalStockholderEquity": 551600000, "netTangibleAssets": 551590000}, {"maxAge": 1, "endDate": "2020-03-31", "cash": 11892000, "shortTermInvestments": 30790000, "netReceivables": 439830000, "inventory": 695560000, "otherCurrentAssets": 30650000, "totalCurrentAssets": 1208722000, "longTermInvestments": 1505000, "propertyPlantEquipment": 848092000, "intangibleAssets": 10000, "otherAssets": 79404000, "totalAssets": 2137733000, "accountsPayable": 182954000, "shortLongTermDebt": 31280000, "otherCurrentLiab": 280960000, "longTermDebt": 386809000, "otherLiab": 193501000, "totalCurrentLiabilities": 982257000, "totalLiab": 1586133000, "commonStock": 213229000, "retainedEarnings": 337506000, "treasuryStock": 865000, "otherStockholderEquity": 865000, "totalStockholderEquity": 551600000, "netTangibleAssets": 551590000}, {"maxAge": 1, "endDate": "2019-12-31", "totalStockholderEquity": 577090000, "netTangibleAssets": 577082000}, {"maxAge": 1, "endDate": "2019-09-30", "cash": 50931000, "shortTermInvestments": 15586000, "netReceivables": 476023000, "inventory": 596586000, "otherCurrentAssets": 15052000, "totalCurrentAssets": 1154178000, "longTermInvestments": 2058000, "propertyPlantEquipment": 835545000, "intangibleAssets": 8000, "otherAssets": 79176000, "totalAssets": 2070965000, "accountsPayable": 222032000, "otherCurrentLiab": 189121000, "longTermDebt": 403740000, "otherLiab": 234171000, "totalCurrentLiabilities": 855964000, "totalLiab": 1493875000, "commonStock": 213229000, "treasuryStock": 363861000, "otherStockholderEquity": 363861000, "totalStockholderEquity": 577090000, "netTangibleAssets": 577082000}], "maxAge": 86400}, "indexTrend": {"maxAge": 1, "symbol": "SP5", "peRatio": 19.7411, "pegRatio": 1.34172, "estimates": [{"period": "0q", "growth": 0.549}, {"period": "+1q", "growth": 0.431}, {"period": "0y", "growth": 0.305}, {"period": "+1y", "growth": 0.109}, {"period": "+5y", "growth": 0.120859005}, {"period": "-5y"}]}, "quoteType": {"exchange": "BSE", "quoteType": "EQUITY", "symbol": "AINFRA.BO", "underlyingSymbol": "AINFRA.BO", "shortName": "A Infrastructure Limited", "longName": "A Infrastructure Limited", "firstTradeDateEpochUtc": "2016-02-05 09:15:00", "timeZoneFullName": "Asia/Kolkata", "timeZoneShortName": "IST", "uuid": "159ca708-8ab8-3a5a-960e-eb7ccac46f52", "gmtOffSetMilliseconds": 19800000, "maxAge": 1}, "incomeStatementHistory": {"incomeStatementHistory": [{"maxAge": 1, "endDate": "2020-03-31", "totalRevenue": 2487361000, "costOfRevenue": 1401993000, "grossProfit": 1085368000, "researchDevelopment": {}, "sellingGeneralAdministrative": 237371000, "nonRecurring": {}, "otherOperatingExpenses": 674185000, "totalOperatingExpenses": 2344094000, "operatingIncome": 143267000, "totalOtherIncomeExpenseNet": -101741000, "ebit": 143267000, "interestExpense": -91377000, "incomeBeforeTax": 41526000, "incomeTaxExpense": 4778000, "minorityInterest": {}, "netIncomeFromContinuingOps": 36748000, "discontinuedOperations": {}, "extraordinaryItems": {}, "effectOfAccountingCharges": {}, "otherItems": {}, "netIncome": 36748000, "netIncomeApplicableToCommonShares": 36748000}, {"maxAge": 1, "endDate": "2019-03-31", "totalRevenue": 2553470000, "costOfRevenue": 1412518000, "grossProfit": 1140952000, "researchDevelopment": {}, "sellingGeneralAdministrative": 267716000, "nonRecurring": {}, "otherOperatingExpenses": 703584000, "totalOperatingExpenses": 2411283000, "operatingIncome": 142187000, "totalOtherIncomeExpenseNet": -45730000, "ebit": 142187000, "interestExpense": -84864000, "incomeBeforeTax": 96457000, "incomeTaxExpense": 12159000, "minorityInterest": {}, "netIncomeFromContinuingOps": 84298000, "discontinuedOperations": {}, "extraordinaryItems": {}, "effectOfAccountingCharges": {}, "otherItems": {}, "netIncome": 84298000, "netIncomeApplicableToCommonShares": 84298000}, {"maxAge": 1, "endDate": "2018-03-31", "totalRevenue": 2009739000, "costOfRevenue": 1025240000, "grossProfit": 984499000, "researchDevelopment": {}, "sellingGeneralAdministrative": 224386000, "nonRecurring": {}, "otherOperatingExpenses": 634081000, "totalOperatingExpenses": 1909897000, "operatingIncome": 99842000, "totalOtherIncomeExpenseNet": -88098000, "ebit": 99842000, "interestExpense": -88879000, "incomeBeforeTax": 11744000, "incomeTaxExpense": 3661000, "minorityInterest": {}, "netIncomeFromContinuingOps": 8083000, "discontinuedOperations": {}, "extraordinaryItems": {}, "effectOfAccountingCharges": {}, "otherItems": {}, "netIncome": 8083000, "netIncomeApplicableToCommonShares": 8083000}, {"maxAge": 1, "endDate": "2017-03-31", "totalRevenue": 1669426000, "costOfRevenue": 755859000, "grossProfit": 913567000, "researchDevelopment": {}, "sellingGeneralAdministrative": 197129000, "nonRecurring": {}, "otherOperatingExpenses": 609963000, "totalOperatingExpenses": 1591259000, "operatingIncome": 78167000, "totalOtherIncomeExpenseNet": -79365000, "ebit": 78167000, "interestExpense": -92584000, "incomeBeforeTax": -1198000, "incomeTaxExpense": 271000, "minorityInterest": {}, "netIncomeFromContinuingOps": -1469000, "discontinuedOperations": {}, "extraordinaryItems": {}, "effectOfAccountingCharges": {}, "otherItems": {}, "netIncome": -1469000, "netIncomeApplicableToCommonShares": -1469000}], "maxAge": 86400}, "fundOwnership": {"ownershipList": [], "maxAge": 1}, "summaryDetail": {"maxAge": 1, "priceHint": 2, "previousClose": 24.4, "open": 24.4, "dayLow": 23.75, "dayHigh": 25.3, "regularMarketPreviousClose": 24.4, "regularMarketOpen": 24.4, "regularMarketDayLow": 23.75, "regularMarketDayHigh": 25.3, "trailingPE": 40.033222, "volume": 1045, "regularMarketVolume": 1045, "averageVolume": 300, "averageVolume10days": 84, "averageDailyVolume10Day": 84, "bid": 24.15, "ask": 0.0, "bidSize": 0, "askSize": 0, "marketCap": 958876352, "fiftyTwoWeekLow": 10.09, "fiftyTwoWeekHigh": 33.4, "fiftyDayAverage": 26.80606, "twoHundredDayAverage": 24.10625, "trailingAnnualDividendRate": 0.1, "trailingAnnualDividendYield": 0.004098361, "currency": "INR", "fromCurrency": null, "lastMarket": null, "algorithm": null, "tradeable": false}, "incomeStatementHistoryQuarterly": {"incomeStatementHistory": [{"maxAge": 1, "endDate": "2020-06-30", "totalRevenue": 786569000, "costOfRevenue": 439411000, "grossProfit": 347158000, "researchDevelopment": {}, "sellingGeneralAdministrative": 54224000, "nonRecurring": {}, "otherOperatingExpenses": 220370000, "totalOperatingExpenses": 721459000, "operatingIncome": 65110000, "totalOtherIncomeExpenseNet": -23357000, "ebit": 65110000, "interestExpense": -23372000, "incomeBeforeTax": 41753000, "incomeTaxExpense": 1575000, "minorityInterest": {}, "netIncomeFromContinuingOps": 40178000, "discontinuedOperations": {}, "extraordinaryItems": {}, "effectOfAccountingCharges": {}, "otherItems": {}, "netIncome": 40178000, "netIncomeApplicableToCommonShares": 40178000}, {"maxAge": 1, "endDate": "2020-03-31", "totalRevenue": 519705000, "costOfRevenue": 377802000, "grossProfit": 141903000, "researchDevelopment": {}, "sellingGeneralAdministrative": 59027000, "nonRecurring": {}, "otherOperatingExpenses": 57688000, "totalOperatingExpenses": 502749000, "operatingIncome": 16956000, "totalOtherIncomeExpenseNet": -39756000, "ebit": 16956000, "interestExpense": -27413000, "incomeBeforeTax": -22800000, "incomeTaxExpense": -2639000, "minorityInterest": {}, "netIncomeFromContinuingOps": -20161000, "discontinuedOperations": {}, "extraordinaryItems": {}, "effectOfAccountingCharges": {}, "otherItems": {}, "netIncome": -20161000, "netIncomeApplicableToCommonShares": -20161000}, {"maxAge": 1, "endDate": "2019-12-31", "totalRevenue": 536581000, "costOfRevenue": 304366000, "grossProfit": 232215000, "researchDevelopment": {}, "sellingGeneralAdministrative": 48431000, "nonRecurring": {}, "otherOperatingExpenses": 148660000, "totalOperatingExpenses": 508548000, "operatingIncome": 28033000, "totalOtherIncomeExpenseNet": -25372000, "ebit": 28033000, "interestExpense": -25398000, "incomeBeforeTax": 2661000, "incomeTaxExpense": 1841000, "minorityInterest": {}, "netIncomeFromContinuingOps": 820000, "discontinuedOperations": {}, "extraordinaryItems": {}, "effectOfAccountingCharges": {}, "otherItems": {}, "netIncome": 820000, "netIncomeApplicableToCommonShares": 820000}, {"maxAge": 1, "endDate": "2019-09-30", "totalRevenue": 512413000, "costOfRevenue": 182130000, "grossProfit": 330283000, "researchDevelopment": {}, "sellingGeneralAdministrative": 64250000, "nonRecurring": {}, "otherOperatingExpenses": 233203000, "totalOperatingExpenses": 486966000, "operatingIncome": 25447000, "totalOtherIncomeExpenseNet": -17714000, "ebit": 25447000, "interestExpense": -19109000, "incomeBeforeTax": 7733000, "incomeTaxExpense": 2834000, "minorityInterest": {}, "netIncomeFromContinuingOps": 4899000, "discontinuedOperations": {}, "extraordinaryItems": {}, "effectOfAccountingCharges": {}, "otherItems": {}, "netIncome": 4899000, "netIncomeApplicableToCommonShares": 4899000}], "maxAge": 86400}, "cashflowStatementHistoryQuarterly": {"cashflowStatements": [{"maxAge": 1, "endDate": "2020-06-30", "netIncome": 40178000, "changeToLiabilities": 0}, {"maxAge": 1, "endDate": "2020-03-31", "netIncome": -20161000, "changeToLiabilities": 0}, {"maxAge": 1, "endDate": "2019-12-31", "netIncome": 820000, "changeToLiabilities": 0}, {"maxAge": 1, "endDate": "2019-09-30", "netIncome": 4899000, "changeToLiabilities": 0}], "maxAge": 86400}, "insiderHolders": {"holders": [], "maxAge": 1}, "calendarEvents": {"maxAge": 1, "earnings": {"earningsDate": ["2020-08-21 05:30:S"]}}, "upgradeDowngradeHistory": {"history": [], "maxAge": 86400}, "price": {"maxAge": 1, "regularMarketChangePercent": -0.012295051, "regularMarketChange": -0.29999924, "regularMarketTime": "2021-04-30 15:40:01", "priceHint": 2, "regularMarketPrice": 24.1, "regularMarketDayHigh": 25.3, "regularMarketDayLow": 23.75, "regularMarketVolume": 1045, "averageDailyVolume10Day": 84, "averageDailyVolume3Month": 300, "regularMarketPreviousClose": 24.4, "regularMarketSource": "FREE_REALTIME", "regularMarketOpen": 24.4, "exchange": "BSE", "exchangeName": "BSE", "exchangeDataDelayedBy": 0, "marketState": "CLOSED", "quoteType": "EQUITY", "symbol": "AINFRA.BO", "underlyingSymbol": null, "shortName": "A Infrastructure Limited", "longName": "A Infrastructure Limited", "currency": "INR", "quoteSourceName": "Delayed Quote", "currencySymbol": "\u20b9", "fromCurrency": null, "lastMarket": null, "marketCap": 958876352}, "balanceSheetHistory": {"balanceSheetStatements": [{"maxAge": 1, "endDate": "2020-03-31", "cash": 11892000, "shortTermInvestments": 30790000, "netReceivables": 439830000, "inventory": 695560000, "otherCurrentAssets": 30650000, "totalCurrentAssets": 1208722000, "longTermInvestments": 1505000, "propertyPlantEquipment": 848092000, "intangibleAssets": 10000, "otherAssets": 79404000, "totalAssets": 2137733000, "accountsPayable": 182954000, "shortLongTermDebt": 31280000, "otherCurrentLiab": 280960000, "longTermDebt": 386809000, "otherLiab": 193501000, "totalCurrentLiabilities": 982257000, "totalLiab": 1586133000, "commonStock": 213229000, "retainedEarnings": 337506000, "treasuryStock": 865000, "otherStockholderEquity": 865000, "totalStockholderEquity": 551600000, "netTangibleAssets": 551590000}, {"maxAge": 1, "endDate": "2019-03-31", "cash": 21023000, "shortTermInvestments": 37814000, "netReceivables": 502141000, "inventory": 680012000, "otherCurrentAssets": 28338000, "totalCurrentAssets": 1269328000, "longTermInvestments": 2684000, "propertyPlantEquipment": 804334000, "intangibleAssets": 42000, "otherAssets": 73754000, "totalAssets": 2150142000, "accountsPayable": 336375000, "shortLongTermDebt": 27236000, "otherCurrentLiab": 186780000, "longTermDebt": 340423000, "otherLiab": 221069000, "totalCurrentLiabilities": 1068131000, "totalLiab": 1630359000, "commonStock": 213229000, "retainedEarnings": 304510000, "treasuryStock": 2044000, "otherStockholderEquity": 2044000, "totalStockholderEquity": 519783000, "netTangibleAssets": 519741000}, {"maxAge": 1, "endDate": "2018-03-31", "cash": 16556000, "shortTermInvestments": 40312000, "netReceivables": 648831000, "inventory": 580453000, "otherCurrentAssets": 44770000, "totalCurrentAssets": 1330922000, "longTermInvestments": 2622000, "propertyPlantEquipment": 663124000, "intangibleAssets": 150000, "otherAssets": 76189000, "totalAssets": 2073007000, "accountsPayable": 184087000, "shortLongTermDebt": 36819000, "otherCurrentLiab": 107647000, "longTermDebt": 315007000, "otherLiab": 275400000, "totalCurrentLiabilities": 1047343000, "totalLiab": 1638485000, "commonStock": 106614000, "retainedEarnings": 319837000, "treasuryStock": 8071000, "otherStockholderEquity": 8071000, "totalStockholderEquity": 434522000, "netTangibleAssets": 434372000}, {"maxAge": 1, "endDate": "2017-03-31", "cash": 17047000, "shortTermInvestments": 29344000, "netReceivables": 625185000, "inventory": 531582000, "otherCurrentAssets": 26379000, "totalCurrentAssets": 1229537000, "longTermInvestments": 8555000, "propertyPlantEquipment": 636587000, "intangibleAssets": 268000, "otherAssets": 69055000, "totalAssets": 1944002000, "accountsPayable": 212777000, "shortLongTermDebt": 33035000, "otherCurrentLiab": 112454000, "longTermDebt": 262212000, "otherLiab": 200298000, "totalCurrentLiabilities": 1048849000, "totalLiab": 1512095000, "commonStock": 106614000, "retainedEarnings": 316065000, "treasuryStock": 9228000, "otherStockholderEquity": 9228000, "totalStockholderEquity": 431907000, "netTangibleAssets": 431639000}], "maxAge": 86400}, "financialData": {"maxAge": 86400, "currentPrice": 24.1, "recommendationKey": "none", "grossProfits": 1085368000, "financialCurrency": "INR"}}}