{"AIRAN.NS": {"assetProfile": {"address1": "408 Kirtiman Complex", "address2": "B/H. Rembrandt Building C.G. Road", "city": "Ahmedabad", "zip": "380006", "country": "India", "phone": "91 79 2646 2233", "website": "http://www.airanlimited.in", "industry": "Information Technology Services", "sector": "Technology", "longBusinessSummary": "Airan Limited, together with its subsidiaries, provides consulting, technology, outsourcing, and digital and software services in India. It offers information technology (IT) and IT-enabled services, including banking transaction processing services and document management services for telecommunication companies, internet services providers, and payment banks. The company offers cash management, door step banking and pickup, CTS clearing processing, bank account opening forms processing, e-stamping certificate/e-registration fee collection, records management, address and credit verification, contact center, back office management, and software development services, as well as manages collection counters. It provides its services for banking, telecom, software development, field operations, and back-office and front-office management sectors. Airan Limited was founded in 1989 and is headquartered in Ahmedabad, India.", "fullTimeEmployees": 1302, "companyOfficers": [{"maxAge": 1, "name": "Mr. Sandeepkumar Vishwanath Agrawal", "age": 51, "title": "MD & Chairman", "yearBorn": 1969, "fiscalYear": 2020, "totalPay": 2393000, "exercisedValue": 0, "unexercisedValue": 0}, {"maxAge": 1, "name": "Mr. Krunal Ashokkumar Jethva", "title": "Chief Financial Officer", "fiscalYear": 2020, "totalPay": 721000, "exercisedValue": 0, "unexercisedValue": 0}, {"maxAge": 1, "name": "Ms. Stuti  Kinariwala C.S.", "title": "Company Sec. & Compliance Officer", "fiscalYear": 2020, "totalPay": 417720, "exercisedValue": 0, "unexercisedValue": 0}, {"maxAge": 1, "name": "Ms. Poonam Sandeepkumar Agrawal", "age": 49, "title": "Exec. Director", "yearBorn": 1971, "fiscalYear": 2020, "totalPay": 2393000, "exercisedValue": 0, "unexercisedValue": 0}, {"maxAge": 1, "name": "Mr. Abhishek Sandeepkumar Agrawal", "age": 23, "title": "Exec. Director", "yearBorn": 1997, "fiscalYear": 2020, "totalPay": 1200140, "exercisedValue": 0, "unexercisedValue": 0}, {"maxAge": 1, "name": "Mr. Allwyn  Christian", "title": "Chief Operating Officer", "exercisedValue": 0, "unexercisedValue": 0}, {"maxAge": 1, "name": "Mr. Tulsi  Balupar", "title": "Head of HR", "exercisedValue": 0, "unexercisedValue": 0}], "compensationAsOfEpochDate": "2020-12-31 05:30:00", "maxAge": 86400}, "cashflowStatementHistory": {"cashflowStatements": [{"maxAge": 1, "endDate": "2020-03-31", "netIncome": 67242000, "depreciation": 40553000, "changeToNetincome": -20405000, "changeToAccountReceivables": -59172000, "changeToLiabilities": 5634000, "changeToOperatingActivities": -37193000, "totalCashFromOperatingActivities": -2138000, "capitalExpenditures": -67799000, "investments": 51031000, "otherCashflowsFromInvestingActivities": 22544000, "totalCashflowsFromInvestingActivities": 5776000, "netBorrowings": -157000, "otherCashflowsFromFinancingActivities": -7112000, "totalCashFromFinancingActivities": -7269000, "changeInCash": -3621000}, {"maxAge": 1, "endDate": "2019-03-31", "netIncome": 41436000, "depreciation": 20229000, "changeToNetincome": 11489000, "changeToAccountReceivables": -16281000, "changeToLiabilities": -772000, "changeToOperatingActivities": 7536000, "totalCashFromOperatingActivities": 64195000, "capitalExpenditures": -43800000, "investments": 38863000, "otherCashflowsFromInvestingActivities": 18502000, "totalCashflowsFromInvestingActivities": 14138000, "netBorrowings": -53437000, "otherCashflowsFromFinancingActivities": -8719000, "totalCashFromFinancingActivities": -62156000, "changeInCash": 16177000}, {"maxAge": 1, "endDate": "2018-03-31", "netIncome": 50665011, "depreciation": 21836409, "changeToNetincome": 4037157, "changeToAccountReceivables": 66096746, "changeToLiabilities": 0, "changeToOperatingActivities": -125503032, "totalCashFromOperatingActivities": 17258769, "capitalExpenditures": -42371561, "investments": -150131602, "otherCashflowsFromInvestingActivities": 9385386, "totalCashflowsFromInvestingActivities": -138663495, "netBorrowings": 22641012, "otherCashflowsFromFinancingActivities": -12339868, "totalCashFromFinancingActivities": 10301144, "changeInCash": -111103582}, {"maxAge": 1, "endDate": "2017-03-31", "netIncome": 22994819, "depreciation": 23588679, "changeToNetincome": 6302689, "changeToAccountReceivables": -82151032, "changeToLiabilities": 0, "changeToInventory": 2772818, "changeToOperatingActivities": -71223310, "totalCashFromOperatingActivities": -97715337, "capitalExpenditures": -30166010, "investments": 40448815, "otherCashflowsFromInvestingActivities": 3793579, "totalCashflowsFromInvestingActivities": 14076384, "netBorrowings": 42737051, "otherCashflowsFromFinancingActivities": -10754074, "totalCashFromFinancingActivities": 180482977, "changeInCash": 96844024, "issuanceOfStock": 148500000}], "maxAge": 86400}, "institutionOwnership": {"maxAge": 1, "ownershipList": []}, "majorHoldersBreakdown": {"maxAge": 1}, "balanceSheetHistoryQuarterly": {"balanceSheetStatements": [{"maxAge": 1, "endDate": "2020-12-31", "totalStockholderEquity": 826946000, "netTangibleAssets": 822071000}, {"maxAge": 1, "endDate": "2020-09-30", "cash": 11810000, "shortTermInvestments": 50357000, "netReceivables": 328799000, "otherCurrentAssets": 17765000, "totalCurrentAssets": 408731000, "propertyPlantEquipment": 610195000, "goodWill": 1400000, "intangibleAssets": 3475000, "totalAssets": 1023801000, "accountsPayable": 14315000, "otherCurrentLiab": 67008000, "otherLiab": 71430000, "totalCurrentLiabilities": 125425000, "totalLiab": 196855000, "commonStock": 250040000, "treasuryStock": 576906000, "otherStockholderEquity": 576906000, "totalStockholderEquity": 826946000, "netTangibleAssets": 822071000}, {"maxAge": 1, "endDate": "2020-06-30", "totalStockholderEquity": 817430000, "netTangibleAssets": 812093000}, {"maxAge": 1, "endDate": "2020-03-31", "cash": 23364000, "netReceivables": 418359000, "otherCurrentAssets": 21097000, "totalCurrentAssets": 472803000, "propertyPlantEquipment": 570469000, "goodWill": 1420000, "intangibleAssets": 3917000, "totalAssets": 1048609000, "accountsPayable": 6141000, "otherCurrentLiab": 19603000, "longTermDebt": 60033000, "otherLiab": 70858000, "totalCurrentLiabilities": 100287000, "totalLiab": 231178000, "commonStock": 250040000, "retainedEarnings": 549750000, "capitalSurplus": 17641000, "totalStockholderEquity": 817431000, "netTangibleAssets": 812094000}], "maxAge": 86400}, "indexTrend": {"maxAge": 1, "symbol": "SP5", "peRatio": 19.7411, "pegRatio": 1.34172, "estimates": [{"period": "0q", "growth": 0.549}, {"period": "+1q", "growth": 0.431}, {"period": "0y", "growth": 0.305}, {"period": "+1y", "growth": 0.109}, {"period": "+5y", "growth": 0.120865}, {"period": "-5y"}]}, "defaultKeyStatistics": {"maxAge": 1, "priceHint": 2, "enterpriseValue": 2080444416, "profitMargins": 0.09372, "floatShares": 27316451, "sharesOutstanding": 125020000, "beta": 1.253862, "category": null, "bookValue": 6.247, "priceToBook": 2.6252599, "fundFamily": null, "legalType": null, "lastFiscalYearEnd": "2020-03-31 05:30:00", "nextFiscalYearEnd": "2022-03-31 05:30:00", "mostRecentQuarter": "2020-12-31 05:30:00", "earningsQuarterlyGrowth": 0.509, "netIncomeToCommon": 56739000, "trailingEps": 0.472, "lastSplitFactor": "2:1", "lastSplitDate": "2019-04-22 05:30:00", "enterpriseToRevenue": 3.436, "enterpriseToEbitda": 21.655, "52WeekChange": 0.51152074, "SandP52WeekChange": 0.48148263}, "summaryProfile": {"address1": "408 Kirtiman Complex", "address2": "B/H. Rembrandt Building C.G. Road", "city": "Ahmedabad", "zip": "380006", "country": "India", "phone": "91 79 2646 2233", "website": "http://www.airanlimited.in", "industry": "Information Technology Services", "sector": "Technology", "longBusinessSummary": "Airan Limited, together with its subsidiaries, provides consulting, technology, outsourcing, and digital and software services in India. It offers information technology (IT) and IT-enabled services, including banking transaction processing services and document management services for telecommunication companies, internet services providers, and payment banks. The company offers cash management, door step banking and pickup, CTS clearing processing, bank account opening forms processing, e-stamping certificate/e-registration fee collection, records management, address and credit verification, contact center, back office management, and software development services, as well as manages collection counters. It provides its services for banking, telecom, software development, field operations, and back-office and front-office management sectors. Airan Limited was founded in 1989 and is headquartered in Ahmedabad, India.", "fullTimeEmployees": 1302, "companyOfficers": [], "maxAge": 86400}, "netSharePurchaseActivity": {"maxAge": 1, "period": "6m", "buyInfoCount": 0, "buyInfoShares": 0, "sellInfoCount": 0, "netInfoCount": 0, "netInfoShares": 0, "totalInsiderShares": 0}, "quoteType": {"exchange": "NSI", "quoteType": "EQUITY", "symbol": "AIRAN.NS", "underlyingSymbol": "AIRAN.NS", "shortName": "AIRAN LTD", "longName": "Airan Limited", "firstTradeDateEpochUtc": "2017-07-25 09:15:00", "timeZoneFullName": "Asia/Kolkata", "timeZoneShortName": "IST", "uuid": "a15edec4-dffa-3dba-837c-65cbf0267708", "messageBoardId": "finmb_419253733", "gmtOffSetMilliseconds": 19800000, "maxAge": 1}, "incomeStatementHistory": {"incomeStatementHistory": [{"maxAge": 1, "endDate": "2020-03-31", "totalRevenue": 576795000, "costOfRevenue": 419085000, "grossProfit": 157710000, "researchDevelopment": {}, "sellingGeneralAdministrative": 10471000, "nonRecurring": {}, "otherOperatingExpenses": 36839000, "totalOperatingExpenses": 507771000, "operatingIncome": 69024000, "totalOtherIncomeExpenseNet": 11350000, "ebit": 69024000, "interestExpense": -6935000, "incomeBeforeTax": 80374000, "incomeTaxExpense": 13132000, "minorityInterest": {}, "netIncomeFromContinuingOps": 67242000, "discontinuedOperations": {}, "extraordinaryItems": {}, "effectOfAccountingCharges": {}, "otherItems": {}, "netIncome": 67242000, "netIncomeApplicableToCommonShares": 67242000}, {"maxAge": 1, "endDate": "2019-03-31", "totalRevenue": 485267000, "costOfRevenue": 360896000, "grossProfit": 124371000, "researchDevelopment": {}, "sellingGeneralAdministrative": 3879000, "nonRecurring": {}, "otherOperatingExpenses": 30967000, "totalOperatingExpenses": 447235000, "operatingIncome": 38032000, "totalOtherIncomeExpenseNet": 20325000, "ebit": 38032000, "interestExpense": -8719000, "incomeBeforeTax": 58357000, "incomeTaxExpense": 16921000, "minorityInterest": {}, "netIncomeFromContinuingOps": 41436000, "discontinuedOperations": {}, "extraordinaryItems": {}, "effectOfAccountingCharges": {}, "otherItems": {}, "netIncome": 41436000, "netIncomeApplicableToCommonShares": 41436000}, {"maxAge": 1, "endDate": "2018-03-31", "totalRevenue": 373073064, "costOfRevenue": 262353342, "grossProfit": 110719722, "researchDevelopment": {}, "sellingGeneralAdministrative": 3838787, "nonRecurring": {}, "otherOperatingExpenses": 30351654, "totalOperatingExpenses": 318611596, "operatingIncome": 54461468, "totalOtherIncomeExpenseNet": 14467396, "ebit": 54461468, "interestExpense": -12339867, "incomeBeforeTax": 68928864, "incomeTaxExpense": 18263853, "minorityInterest": {}, "netIncomeFromContinuingOps": 50665011, "discontinuedOperations": {}, "extraordinaryItems": {}, "effectOfAccountingCharges": {}, "otherItems": {}, "netIncome": 50665011, "netIncomeApplicableToCommonShares": 50665011}, {"maxAge": 1, "endDate": "2017-03-31", "totalRevenue": 288728075, "costOfRevenue": 163599814, "grossProfit": 125128261, "researchDevelopment": {}, "sellingGeneralAdministrative": 3838787, "nonRecurring": {}, "otherOperatingExpenses": 78631729, "totalOperatingExpenses": 265820222, "operatingIncome": 22907853, "totalOtherIncomeExpenseNet": 8204160, "ebit": 22907853, "interestExpense": -10407553, "incomeBeforeTax": 31112013, "incomeTaxExpense": 8117194, "minorityInterest": {}, "netIncomeFromContinuingOps": 22994819, "discontinuedOperations": {}, "extraordinaryItems": {}, "effectOfAccountingCharges": {}, "otherItems": {}, "netIncome": 22994819, "netIncomeApplicableToCommonShares": 22994819}], "maxAge": 86400}, "fundOwnership": {"maxAge": 1, "ownershipList": []}, "summaryDetail": {"maxAge": 1, "priceHint": 2, "previousClose": 16.3, "open": 15.9, "dayLow": 15.9, "dayHigh": 16.5, "regularMarketPreviousClose": 16.3, "regularMarketOpen": 15.9, "regularMarketDayLow": 15.9, "regularMarketDayHigh": 16.5, "payoutRatio": 0.0, "beta": 1.253862, "trailingPE": 34.74576, "volume": 16710, "regularMarketVolume": 16710, "averageVolume": 84554, "averageVolume10days": 31041, "averageDailyVolume10Day": 31041, "bid": 0.0, "ask": 0.0, "marketCap": 2050327936, "fiftyTwoWeekLow": 8.2, "fiftyTwoWeekHigh": 21.15, "priceToSalesTrailing12Months": 3.3866262, "fiftyDayAverage": 16.07059, "twoHundredDayAverage": 16.402798, "currency": "INR", "fromCurrency": null, "toCurrency": null, "lastMarket": null, "algorithm": null, "tradeable": false}, "incomeStatementHistoryQuarterly": {"incomeStatementHistory": [{"maxAge": 1, "endDate": "2020-12-31", "totalRevenue": 194495000, "costOfRevenue": 121628000, "grossProfit": 72867000, "researchDevelopment": {}, "sellingGeneralAdministrative": 24099000, "nonRecurring": {}, "otherOperatingExpenses": 13255000, "totalOperatingExpenses": 170348000, "operatingIncome": 24147000, "totalOtherIncomeExpenseNet": 665000, "ebit": 24147000, "interestExpense": -555000, "incomeBeforeTax": 24812000, "incomeTaxExpense": 500000, "minorityInterest": {}, "netIncomeFromContinuingOps": 24312000, "discontinuedOperations": {}, "extraordinaryItems": {}, "effectOfAccountingCharges": {}, "otherItems": {}, "netIncome": 24312000, "netIncomeApplicableToCommonShares": 24312000}, {"maxAge": 1, "endDate": "2020-09-30", "totalRevenue": 144351000, "costOfRevenue": 105257000, "grossProfit": 39094000, "researchDevelopment": {}, "sellingGeneralAdministrative": 13059000, "nonRecurring": {}, "otherOperatingExpenses": 12295000, "totalOperatingExpenses": 140683000, "operatingIncome": 3668000, "totalOtherIncomeExpenseNet": 13100000, "ebit": 3668000, "interestExpense": -639000, "incomeBeforeTax": 16768000, "incomeTaxExpense": 8826000, "minorityInterest": {}, "netIncomeFromContinuingOps": 7942000, "discontinuedOperations": {}, "extraordinaryItems": {}, "effectOfAccountingCharges": {}, "otherItems": {}, "netIncome": 7942000, "netIncomeApplicableToCommonShares": 7942000}, {"maxAge": 1, "endDate": "2020-06-30", "totalRevenue": 104506000, "costOfRevenue": 81959000, "grossProfit": 22547000, "researchDevelopment": {}, "sellingGeneralAdministrative": 6464000, "nonRecurring": {}, "otherOperatingExpenses": 7553000, "totalOperatingExpenses": 105180000, "operatingIncome": -674000, "totalOtherIncomeExpenseNet": 2828000, "ebit": -674000, "interestExpense": -2004000, "incomeBeforeTax": 2154000, "incomeTaxExpense": 574000, "minorityInterest": {}, "netIncomeFromContinuingOps": 1580000, "discontinuedOperations": {}, "extraordinaryItems": {}, "effectOfAccountingCharges": {}, "otherItems": {}, "netIncome": 1580000, "netIncomeApplicableToCommonShares": 1580000}, {"maxAge": 1, "endDate": "2020-03-31", "totalRevenue": 162105000, "costOfRevenue": 183664000, "grossProfit": -21559000, "researchDevelopment": {}, "sellingGeneralAdministrative": -43557000, "nonRecurring": {}, "otherOperatingExpenses": -2200000, "totalOperatingExpenses": 148836000, "operatingIncome": 13269000, "totalOtherIncomeExpenseNet": -873000, "ebit": 13269000, "interestExpense": -1705000, "incomeBeforeTax": 12396000, "incomeTaxExpense": -10513000, "minorityInterest": {}, "netIncomeFromContinuingOps": 22909000, "discontinuedOperations": {}, "extraordinaryItems": {}, "effectOfAccountingCharges": {}, "otherItems": {}, "netIncome": 22909000, "netIncomeApplicableToCommonShares": 22909000}], "maxAge": 86400}, "cashflowStatementHistoryQuarterly": {"cashflowStatements": [{"maxAge": 1, "endDate": "2020-12-31", "netIncome": 24312000, "changeToLiabilities": 0}, {"maxAge": 1, "endDate": "2020-09-30", "netIncome": 7942000, "changeToLiabilities": 0}, {"maxAge": 1, "endDate": "2020-06-30", "netIncome": 1580000, "changeToLiabilities": 0}, {"maxAge": 1, "endDate": "2020-03-31", "netIncome": 22909000, "changeToLiabilities": 0}], "maxAge": 86400}, "insiderHolders": {"holders": [], "maxAge": 1}, "calendarEvents": {"maxAge": 1, "earnings": {"earningsDate": ["2020-08-14 05:30:S"]}}, "price": {"maxAge": 1, "regularMarketChangePercent": 0.006134993, "regularMarketChange": 0.10000038, "regularMarketTime": "2021-04-30 15:27:30", "priceHint": 2, "regularMarketPrice": 16.4, "regularMarketDayHigh": 16.5, "regularMarketDayLow": 15.9, "regularMarketVolume": 16710, "averageDailyVolume10Day": 31041, "averageDailyVolume3Month": 84554, "regularMarketPreviousClose": 16.3, "regularMarketSource": "FREE_REALTIME", "regularMarketOpen": 15.9, "exchange": "NSI", "exchangeName": "NSE", "exchangeDataDelayedBy": 15, "marketState": "CLOSED", "quoteType": "EQUITY", "symbol": "AIRAN.NS", "underlyingSymbol": null, "shortName": "AIRAN LTD", "longName": "Airan Limited", "currency": "INR", "quoteSourceName": "Delayed Quote", "currencySymbol": "\u20b9", "fromCurrency": null, "toCurrency": null, "lastMarket": null, "marketCap": 2050327936}, "balanceSheetHistory": {"balanceSheetStatements": [{"maxAge": 1, "endDate": "2020-03-31", "cash": 23364000, "netReceivables": 418359000, "otherCurrentAssets": 21097000, "totalCurrentAssets": 472803000, "propertyPlantEquipment": 570469000, "goodWill": 1420000, "intangibleAssets": 3917000, "totalAssets": 1048609000, "accountsPayable": 6141000, "otherCurrentLiab": 19603000, "longTermDebt": 60033000, "otherLiab": 70858000, "totalCurrentLiabilities": 100287000, "totalLiab": 231178000, "commonStock": 250040000, "retainedEarnings": 549750000, "capitalSurplus": 17641000, "totalStockholderEquity": 817431000, "netTangibleAssets": 812094000}, {"maxAge": 1, "endDate": "2019-03-31", "cash": 26995000, "netReceivables": 307945000, "otherCurrentAssets": 17312000, "totalCurrentAssets": 413794000, "propertyPlantEquipment": 552254000, "goodWill": 1420000, "intangibleAssets": 3643000, "totalAssets": 971111000, "accountsPayable": 2126000, "otherCurrentLiab": 16559000, "longTermDebt": 63328000, "otherLiab": 83749000, "totalCurrentLiabilities": 73913000, "totalLiab": 220990000, "commonStock": 125020000, "retainedEarnings": 482440000, "capitalSurplus": 142661000, "totalStockholderEquity": 750121000, "netTangibleAssets": 745058000}, {"maxAge": 1, "endDate": "2018-03-31", "cash": 10609604, "shortTermInvestments": 104358119, "netReceivables": 188134141, "otherCurrentAssets": 50330124, "totalCurrentAssets": 353431988, "longTermInvestments": 417675, "propertyPlantEquipment": 563579795, "goodWill": 1400000, "intangibleAssets": 900000, "otherAssets": 75370877, "totalAssets": 995100335, "otherCurrentLiab": 18944634, "longTermDebt": 85755449, "otherLiab": 351797, "deferredLongTermLiab": 505912, "totalCurrentLiabilities": 105326019, "totalLiab": 191433265, "commonStock": 125020000, "retainedEarnings": 153774784, "treasuryStock": 382211286, "capitalSurplus": 142661000, "otherStockholderEquity": 382211286, "totalStockholderEquity": 803667070, "netTangibleAssets": 801367070}, {"maxAge": 1, "endDate": "2017-03-31", "cash": 121565597, "netReceivables": 218248141, "otherCurrentAssets": 5042581, "totalCurrentAssets": 344856319, "propertyPlantEquipment": 152602540, "otherAssets": 8922515, "totalAssets": 506381374, "accountsPayable": 7357170, "otherCurrentLiab": 4270373, "longTermDebt": 122132565, "otherLiab": 614997, "totalCurrentLiabilities": 23912872, "totalLiab": 146660434, "commonStock": 125020000, "retainedEarnings": 92039940, "capitalSurplus": 142661000, "totalStockholderEquity": 359720940, "netTangibleAssets": 359720940}], "maxAge": 86400}, "financialData": {"maxAge": 86400, "currentPrice": 16.4, "recommendationKey": "none", "totalCash": 62167000, "totalCashPerShare": 0.486, "ebitda": 96071000, "totalDebt": 44102000, "totalRevenue": 605419008, "debtToEquity": 5.333, "revenuePerShare": 5.035, "grossProfits": 157710000, "earningsGrowth": 0.462, "revenueGrowth": 0.231, "grossMargins": 0.17121, "ebitdaMargins": 0.15869, "operatingMargins": 0.06652, "profitMargins": 0.09372, "financialCurrency": "INR"}}}