{"AISHWARYA.BO": {"cashflowStatementHistory": {"cashflowStatements": [{"maxAge": 1, "endDate": "2020-03-31", "netIncome": -67143125, "depreciation": 5685082, "changeToNetincome": -18331398, "changeToAccountReceivables": -14388831, "changeToLiabilities": 78718401, "changeToInventory": 12022435, "changeToOperatingActivities": -2605506, "totalCashFromOperatingActivities": -6040742, "capitalExpenditures": -349441, "totalCashflowsFromInvestingActivities": -75425, "netBorrowings": 7754607, "totalCashFromFinancingActivities": 7754607, "changeInCash": 1638440}, {"maxAge": 1, "endDate": "2019-03-31", "netIncome": -144827712, "depreciation": 8018694, "changeToNetincome": -57254138, "changeToAccountReceivables": 90367260, "changeToLiabilities": 28224188, "changeToInventory": 39938912, "changeToOperatingActivities": 37825276, "totalCashFromOperatingActivities": 2315546, "capitalExpenditures": -260051, "totalCashflowsFromInvestingActivities": 84949, "netBorrowings": -10049953, "otherCashflowsFromFinancingActivities": -2100000, "totalCashFromFinancingActivities": -3749953, "changeInCash": -1349459, "issuanceOfStock": 8400000}, {"maxAge": 1, "endDate": "2018-03-31", "netIncome": -91006776, "depreciation": 8913456, "changeToNetincome": 75222619, "changeToAccountReceivables": -6010577, "changeToLiabilities": -31986074, "changeToInventory": 11488097, "changeToOperatingActivities": -8598485, "totalCashFromOperatingActivities": -41882312, "capitalExpenditures": -13024124, "totalCashflowsFromInvestingActivities": -12664024, "netBorrowings": 23240387, "otherCashflowsFromFinancingActivities": 18024474, "totalCashFromFinancingActivities": 44514861, "changeInCash": -10031475, "issuanceOfStock": 3250000}, {"maxAge": 1, "endDate": "2017-03-31", "netIncome": -5942237, "depreciation": 10596017, "changeToNetincome": 76695322, "changeToAccountReceivables": -68483391, "changeToLiabilities": -15432216, "changeToInventory": -10928345, "changeToOperatingActivities": -10199822, "totalCashFromOperatingActivities": -23678161, "capitalExpenditures": -838449, "totalCashflowsFromInvestingActivities": -868753, "netBorrowings": 23190571, "otherCashflowsFromFinancingActivities": 7639651, "totalCashFromFinancingActivities": 30830222, "changeInCash": 6283308, "issuanceOfStock": 3250000}], "maxAge": 86400}, "institutionOwnership": {"maxAge": 1, "ownershipList": []}, "balanceSheetHistoryQuarterly": {"balanceSheetStatements": [{"maxAge": 1, "endDate": "2020-06-30", "totalStockholderEquity": 48845642, "netTangibleAssets": 48797802}, {"maxAge": 1, "endDate": "2020-03-31", "cash": 2552771, "netReceivables": 114708567, "inventory": 53132997, "otherCurrentAssets": 32420592, "totalCurrentAssets": 202859848, "propertyPlantEquipment": 34179682, "goodWill": 22500, "intangibleAssets": 25340, "otherAssets": 110033631, "deferredLongTermAssetCharges": 110033627, "totalAssets": 347121001, "accountsPayable": 127435541, "shortLongTermDebt": 4599998, "otherCurrentLiab": 32884518, "otherLiab": 229963, "minorityInterest": 502078, "totalCurrentLiabilities": 297543318, "totalLiab": 297773281, "commonStock": 119469710, "retainedEarnings": -192570338, "treasuryStock": 3337500, "capitalSurplus": 118608770, "otherStockholderEquity": 3337500, "totalStockholderEquity": 48845642, "netTangibleAssets": 48797802}, {"maxAge": 1, "endDate": "2019-12-31", "totalStockholderEquity": 103453200, "netTangibleAssets": 103409600}, {"maxAge": 1, "endDate": "2019-09-30", "cash": 16612300, "shortTermInvestments": 11183300, "netReceivables": 90179000, "inventory": 112393200, "otherCurrentAssets": 13481600, "totalCurrentAssets": 243849400, "propertyPlantEquipment": 36928100, "goodWill": 22500, "intangibleAssets": 21100, "otherAssets": 95690300, "deferredLongTermAssetCharges": 95690300, "totalAssets": 376511400, "accountsPayable": 118237900, "otherCurrentLiab": 79724000, "otherLiab": 235700, "minorityInterest": 512000, "totalCurrentLiabilities": 272310500, "totalLiab": 272546200, "commonStock": 119469700, "treasuryStock": -16016500, "otherStockholderEquity": -16016500, "totalStockholderEquity": 103453200, "netTangibleAssets": 103409600}], "maxAge": 86400}, "indexTrend": {"maxAge": 1, "symbol": "SP5", "peRatio": 19.7411, "pegRatio": 1.34172, "estimates": [{"period": "0q", "growth": 0.549}, {"period": "+1q", "growth": 0.431}, {"period": "0y", "growth": 0.305}, {"period": "+1y", "growth": 0.109}, {"period": "+5y", "growth": 0.120859005}, {"period": "-5y"}]}, "insiderTransactions": {"transactions": [{"maxAge": 1, "shares": 364392, "filerUrl": "", "transactionText": "", "filerName": "Gangavaram (Amulya Reddy)", "filerRelation": "Non Executive Chairman", "moneyText": "", "startDate": "2019-03-31", "ownership": "D"}, {"maxAge": 1, "shares": 894392, "filerUrl": "", "transactionText": "", "filerName": "Gangavaram (Amulya Reddy)", "filerRelation": "Non Executive Chairman", "moneyText": "", "startDate": "2019-03-31", "ownership": "D"}, {"maxAge": 1, "shares": 5200990, "filerUrl": "", "transactionText": "", "filerName": "Gangavaram (Rama Manohar Reddy)", "filerRelation": "Managing Director", "moneyText": "", "startDate": "2019-03-31", "ownership": "D"}, {"maxAge": 1, "shares": 1150000, "filerUrl": "", "transactionText": "", "filerName": "Gangavaram (Rama Manohar Reddy)", "filerRelation": "Managing Director", "moneyText": "", "startDate": "2019-03-31", "ownership": "D"}], "maxAge": 1}, "quoteType": {"exchange": "BSE", "quoteType": "EQUITY", "symbol": "AISHWARYA.BO", "underlyingSymbol": "AISHWARYA.BO", "shortName": "AISHWARYA TECHNOLOGIES AND TEL", "longName": "Aishwarya Technologies and Telecom Limited", "firstTradeDateEpochUtc": "2008-05-07 09:15:00", "timeZoneFullName": "Asia/Kolkata", "timeZoneShortName": "IST", "uuid": "a9aa63d6-a042-3697-9a45-0c3c29a0fc00", "messageBoardId": null, "gmtOffSetMilliseconds": 19800000, "maxAge": 1}, "incomeStatementHistory": {"incomeStatementHistory": [{"maxAge": 1, "endDate": "2020-03-31", "totalRevenue": 107621160, "costOfRevenue": 102243147, "grossProfit": 5378013, "researchDevelopment": {}, "sellingGeneralAdministrative": 37320293, "nonRecurring": {}, "otherOperatingExpenses": 44103080, "totalOperatingExpenses": 189353802, "operatingIncome": -81732642, "totalOtherIncomeExpenseNet": -3741879, "ebit": -81732642, "interestExpense": -6528809, "incomeBeforeTax": -85474521, "incomeTaxExpense": -18331396, "minorityInterest": 502078, "netIncomeFromContinuingOps": -67143125, "discontinuedOperations": {}, "extraordinaryItems": {}, "effectOfAccountingCharges": {}, "otherItems": {}, "netIncome": -67143125, "netIncomeApplicableToCommonShares": -67143125}, {"maxAge": 1, "endDate": "2019-03-31", "totalRevenue": 99955259, "costOfRevenue": 100423000, "grossProfit": -467741, "researchDevelopment": {}, "sellingGeneralAdministrative": 29519611, "nonRecurring": {}, "otherOperatingExpenses": 30801754, "totalOperatingExpenses": 317749057, "operatingIncome": -217793798, "totalOtherIncomeExpenseNet": 15711949, "ebit": -217793798, "interestExpense": -15850587, "incomeBeforeTax": -202081849, "incomeTaxExpense": -57254137, "minorityInterest": 511725, "netIncomeFromContinuingOps": -144827712, "discontinuedOperations": {}, "extraordinaryItems": {}, "effectOfAccountingCharges": {}, "otherItems": {}, "netIncome": -144827712, "netIncomeApplicableToCommonShares": -144827712}, {"maxAge": 1, "endDate": "2018-03-31", "totalRevenue": 242485785, "costOfRevenue": 212800384, "grossProfit": 29685401, "researchDevelopment": {}, "sellingGeneralAdministrative": 35218672, "nonRecurring": {}, "otherOperatingExpenses": 58651452, "totalOperatingExpenses": 370831983, "operatingIncome": -128346198, "totalOtherIncomeExpenseNet": 6902299, "ebit": -128346198, "interestExpense": -14563266, "incomeBeforeTax": -121443899, "incomeTaxExpense": -30437123, "minorityInterest": 500723, "netIncomeFromContinuingOps": -91006776, "discontinuedOperations": {}, "extraordinaryItems": {}, "effectOfAccountingCharges": {}, "otherItems": {}, "netIncome": -91006776, "netIncomeApplicableToCommonShares": -91006776}, {"maxAge": 1, "endDate": "2017-03-31", "totalRevenue": 554326878, "costOfRevenue": 420428763, "grossProfit": 133898115, "researchDevelopment": {}, "sellingGeneralAdministrative": 30686268, "nonRecurring": {}, "otherOperatingExpenses": 35599950, "totalOperatingExpenses": 542396659, "operatingIncome": 11930219, "totalOtherIncomeExpenseNet": -13780607, "ebit": 11930219, "interestExpense": -21584736, "incomeBeforeTax": -1850388, "incomeTaxExpense": 4091849, "minorityInterest": 504235, "netIncomeFromContinuingOps": -5942237, "discontinuedOperations": {}, "extraordinaryItems": {}, "effectOfAccountingCharges": {}, "otherItems": {}, "netIncome": -5942237, "netIncomeApplicableToCommonShares": -5942237}], "maxAge": 86400}, "fundOwnership": {"maxAge": 1, "ownershipList": []}, "summaryDetail": {"maxAge": 1, "priceHint": 4, "previousClose": 1.47, "open": 1.5, "dayLow": 1.4, "dayHigh": 1.54, "regularMarketPreviousClose": 1.47, "regularMarketOpen": 1.5, "regularMarketDayLow": 1.4, "regularMarketDayHigh": 1.54, "volume": 6311, "regularMarketVolume": 6311, "averageVolume": 4996, "averageVolume10days": 1730, "averageDailyVolume10Day": 1730, "bid": 1.4, "ask": 1.54, "bidSize": 0, "askSize": 0, "marketCap": 36796604, "fiftyTwoWeekLow": 0.91, "fiftyTwoWeekHigh": 3.14, "fiftyDayAverage": 2.7125714, "twoHundredDayAverage": 2.1693478, "currency": "INR", "fromCurrency": null, "toCurrency": null, "lastMarket": null, "algorithm": null, "tradeable": false}, "incomeStatementHistoryQuarterly": {"incomeStatementHistory": [{"maxAge": 1, "endDate": "2020-06-30", "totalRevenue": 3645000, "costOfRevenue": 2966000, "grossProfit": 679000, "researchDevelopment": {}, "sellingGeneralAdministrative": 9292000, "nonRecurring": {}, "otherOperatingExpenses": 5508000, "totalOperatingExpenses": 18759000, "operatingIncome": -15114000, "totalOtherIncomeExpenseNet": -926000, "ebit": -15114000, "interestExpense": -2164000, "incomeBeforeTax": -16040000, "incomeTaxExpense": -4185000, "minorityInterest": {}, "netIncomeFromContinuingOps": -11855000, "discontinuedOperations": {}, "extraordinaryItems": {}, "effectOfAccountingCharges": {}, "otherItems": {}, "netIncome": -11855000, "netIncomeApplicableToCommonShares": -11855000}, {"maxAge": 1, "endDate": "2020-03-31", "totalRevenue": 10092160, "costOfRevenue": 27409147, "grossProfit": -17316987, "researchDevelopment": {}, "sellingGeneralAdministrative": 12195293, "nonRecurring": {}, "otherOperatingExpenses": 27710080, "totalOperatingExpenses": 68747802, "operatingIncome": -58655642, "totalOtherIncomeExpenseNet": -3115879, "ebit": -58655642, "interestExpense": -2377809, "incomeBeforeTax": -61771521, "incomeTaxExpense": -12938396, "minorityInterest": 502078, "netIncomeFromContinuingOps": -48833125, "discontinuedOperations": {}, "extraordinaryItems": {}, "effectOfAccountingCharges": {}, "otherItems": {}, "netIncome": -48833125, "netIncomeApplicableToCommonShares": -48833125}, {"maxAge": 1, "endDate": "2019-12-31", "totalRevenue": 51449000, "costOfRevenue": 46589000, "grossProfit": 4860000, "researchDevelopment": {}, "sellingGeneralAdministrative": 8647000, "nonRecurring": {}, "otherOperatingExpenses": 3428000, "totalOperatingExpenses": 60097000, "operatingIncome": -8648000, "totalOtherIncomeExpenseNet": 355000, "ebit": -8648000, "interestExpense": -1501000, "incomeBeforeTax": -8293000, "incomeTaxExpense": -1692000, "minorityInterest": 502078, "netIncomeFromContinuingOps": -6601000, "discontinuedOperations": {}, "extraordinaryItems": {}, "effectOfAccountingCharges": {}, "otherItems": {}, "netIncome": -6601000, "netIncomeApplicableToCommonShares": -6601000}, {"maxAge": 1, "endDate": "2019-09-30", "totalRevenue": 20171000, "costOfRevenue": 13086000, "grossProfit": 7085000, "researchDevelopment": {}, "sellingGeneralAdministrative": 8608000, "nonRecurring": {}, "otherOperatingExpenses": 4565000, "totalOperatingExpenses": 27690000, "operatingIncome": -7519000, "totalOtherIncomeExpenseNet": -691000, "ebit": -7519000, "interestExpense": -1361000, "incomeBeforeTax": -8210000, "incomeTaxExpense": -2331000, "minorityInterest": 512000, "netIncomeFromContinuingOps": -5879000, "discontinuedOperations": {}, "extraordinaryItems": {}, "effectOfAccountingCharges": {}, "otherItems": {}, "netIncome": -5879000, "netIncomeApplicableToCommonShares": -5879000}], "maxAge": 86400}, "cashflowStatementHistoryQuarterly": {"cashflowStatements": [{"maxAge": 1, "endDate": "2020-06-30", "netIncome": -11855000, "changeToLiabilities": 0}, {"maxAge": 1, "endDate": "2020-03-31", "netIncome": -48833125, "changeToLiabilities": 0}, {"maxAge": 1, "endDate": "2019-12-31", "netIncome": -6601000, "changeToLiabilities": 0}, {"maxAge": 1, "endDate": "2019-09-30", "netIncome": -5879000, "changeToLiabilities": 0}], "maxAge": 86400}, "insiderHolders": {"holders": [{"maxAge": 1, "name": "Gangavaram (Amulya Reddy)", "relation": "Non Executive Chairman", "url": "", "transactionDescription": "Other", "latestTransDate": "2019-03-31", "positionDirect": 970000, "positionDirectDate": "2019-03-31"}, {"maxAge": 1, "name": "Gangavaram (Rama Manohar Reddy)", "relation": "Managing Director", "url": "", "transactionDescription": "Other", "latestTransDate": "2019-03-31", "positionDirect": 700000, "positionDirectDate": "2019-03-31"}], "maxAge": 1}, "calendarEvents": {"maxAge": 1, "earnings": {"earningsDate": []}}, "price": {"maxAge": 1, "regularMarketChangePercent": 0.047619, "regularMarketChange": 0.06999993, "regularMarketTime": "2021-04-30 15:29:55", "priceHint": 4, "regularMarketPrice": 1.54, "regularMarketDayHigh": 1.54, "regularMarketDayLow": 1.4, "regularMarketVolume": 6311, "averageDailyVolume10Day": 1730, "averageDailyVolume3Month": 4996, "regularMarketPreviousClose": 1.47, "regularMarketSource": "FREE_REALTIME", "regularMarketOpen": 1.5, "exchange": "BSE", "exchangeName": "BSE", "exchangeDataDelayedBy": 0, "marketState": "CLOSED", "quoteType": "EQUITY", "symbol": "AISHWARYA.BO", "underlyingSymbol": null, "shortName": "AISHWARYA TECHNOLOGIES AND TEL", "longName": "Aishwarya Technologies and Telecom Limited", "currency": "INR", "quoteSourceName": "Delayed Quote", "currencySymbol": "\u20b9", "fromCurrency": null, "toCurrency": null, "lastMarket": null, "marketCap": 36796604}, "balanceSheetHistory": {"balanceSheetStatements": [{"maxAge": 1, "endDate": "2020-03-31", "cash": 2552771, "netReceivables": 114708567, "inventory": 53132997, "otherCurrentAssets": 32420592, "totalCurrentAssets": 202859848, "propertyPlantEquipment": 34179682, "goodWill": 22500, "intangibleAssets": 25340, "otherAssets": 110033631, "deferredLongTermAssetCharges": 110033627, "totalAssets": 347121001, "accountsPayable": 127435541, "shortLongTermDebt": 4599998, "otherCurrentLiab": 32884518, "otherLiab": 229963, "minorityInterest": 502078, "totalCurrentLiabilities": 297543318, "totalLiab": 297773281, "commonStock": 119469710, "retainedEarnings": -192570338, "treasuryStock": 3337500, "capitalSurplus": 118608770, "otherStockholderEquity": 3337500, "totalStockholderEquity": 48845642, "netTangibleAssets": 48797802}, {"maxAge": 1, "endDate": "2019-03-31", "cash": 914332, "netReceivables": 99446003, "inventory": 65155432, "otherCurrentAssets": 36354379, "totalCurrentAssets": 201870146, "propertyPlantEquipment": 39789334, "goodWill": 22500, "intangibleAssets": 27540, "otherAssets": 91989092, "deferredLongTermAssetCharges": 91989092, "totalAssets": 333698612, "accountsPayable": 48717140, "shortLongTermDebt": 4599998, "otherCurrentLiab": 38833803, "otherLiab": 235592, "minorityInterest": 511725, "totalCurrentLiabilities": 217788624, "totalLiab": 218024216, "commonStock": 119469710, "retainedEarnings": -126253309, "treasuryStock": 3337500, "capitalSurplus": 118608770, "otherStockholderEquity": 3337500, "totalStockholderEquity": 115162671, "netTangibleAssets": 115112631}, {"maxAge": 1, "endDate": "2018-03-31", "cash": 2274769, "netReceivables": 188230001, "inventory": 105094344, "otherCurrentAssets": 41118647, "totalCurrentAssets": 336933357, "propertyPlantEquipment": 47900132, "goodWill": 22500, "intangibleAssets": 27806, "otherAssets": 34269711, "deferredLongTermAssetCharges": 34269711, "totalAssets": 419153506, "accountsPayable": 20461212, "shortLongTermDebt": 9200000, "otherCurrentLiab": 3747148, "longTermDebt": 19438, "otherLiab": 157598, "minorityInterest": 500723, "totalCurrentLiabilities": 163450207, "totalLiab": 163627243, "commonStock": 111069710, "retainedEarnings": 19909560, "treasuryStock": 5437500, "capitalSurplus": 118608770, "otherStockholderEquity": 5437500, "totalStockholderEquity": 255025540, "netTangibleAssets": 254975234}, {"maxAge": 1, "endDate": "2017-03-31", "cash": 12306244, "shortTermInvestments": 1790000, "netReceivables": 237367508, "inventory": 116582441, "otherCurrentAssets": 83610440, "totalCurrentAssets": 452456857, "propertyPlantEquipment": 43805080, "goodWill": 22500, "intangibleAssets": 123234, "otherAssets": 3946063, "deferredLongTermAssetCharges": 3946063, "totalAssets": 500353734, "accountsPayable": 52447286, "otherCurrentLiab": 24290935, "longTermDebt": 1200000, "otherLiab": 420251, "minorityInterest": 504235, "totalCurrentLiabilities": 162089630, "totalLiab": 162632414, "commonStock": 107819710, "retainedEarnings": 110788605, "capitalSurplus": 118608770, "totalStockholderEquity": 337217085, "netTangibleAssets": 337071351}], "maxAge": 86400}, "financialData": {"maxAge": 86400, "currentPrice": 1.54, "recommendationKey": "none", "grossProfits": 5378013, "financialCurrency": "INR"}}}