{"AJANTPHARM.BO": {"recommendationTrend": {"trend": [{"period": "0m", "strongBuy": 0, "buy": 0, "hold": 0, "sell": 0, "strongSell": 0}, {"period": "-1m", "strongBuy": 0, "buy": 0, "hold": 0, "sell": 0, "strongSell": 0}, {"period": "-2m", "strongBuy": 0, "buy": 0, "hold": 0, "sell": 0, "strongSell": 0}, {"period": "-3m", "strongBuy": 0, "buy": 0, "hold": 0, "sell": 0, "strongSell": 0}], "maxAge": 86400}, "cashflowStatementHistory": {"cashflowStatements": [{"maxAge": 1, "endDate": "2020-03-31", "netIncome": 4677000000, "depreciation": 924800000, "changeToNetincome": 165100000, "changeToAccountReceivables": -2683800000, "changeToLiabilities": 1328100000, "changeToInventory": -589300000, "changeToOperatingActivities": 713400000, "totalCashFromOperatingActivities": 4567700000, "capitalExpenditures": -2394200000, "investments": -16800000, "otherCashflowsFromInvestingActivities": 112000000, "totalCashflowsFromInvestingActivities": -2244100000, "dividendsPaid": -1134400000, "netBorrowings": -55400000, "otherCashflowsFromFinancingActivities": -96500000, "totalCashFromFinancingActivities": -1286300000, "changeInCash": 1037300000}, {"maxAge": 1, "endDate": "2019-03-31", "netIncome": 3869700000, "depreciation": 690500000, "changeToNetincome": -10800000, "changeToAccountReceivables": -144300000, "changeToLiabilities": -242900000, "changeToInventory": -853300000, "changeToOperatingActivities": 405900000, "totalCashFromOperatingActivities": 3745100000, "capitalExpenditures": -3429700000, "investments": 1178100000, "otherCashflowsFromInvestingActivities": 17500000, "totalCashflowsFromInvestingActivities": -2227800000, "dividendsPaid": -791200000, "netBorrowings": 341800000, "otherCashflowsFromFinancingActivities": -25200000, "totalCashFromFinancingActivities": -1474600000, "changeInCash": 42700000, "repurchaseOfStock": -1000000000}, {"maxAge": 1, "endDate": "2018-03-31", "netIncome": 4686400000, "depreciation": 566100000, "changeToNetincome": 72100000, "changeToAccountReceivables": -1370100000, "changeToLiabilities": 722400000, "changeToInventory": -1389700000, "changeToOperatingActivities": -505800000, "totalCashFromOperatingActivities": 2811200000, "capitalExpenditures": -2627100000, "investments": 30300000, "otherCashflowsFromInvestingActivities": 34600000, "totalCashflowsFromInvestingActivities": -2561100000, "dividendsPaid": -3000000, "netBorrowings": 5100000, "otherCashflowsFromFinancingActivities": -4100000, "totalCashFromFinancingActivities": -2000000, "changeInCash": 248100000, "repurchaseOfStock": -1000000000}, {"maxAge": 1, "endDate": "2017-03-31", "netIncome": 5068300000, "depreciation": 592600000, "changeToNetincome": 153700000, "changeToAccountReceivables": 185200000, "changeToLiabilities": 246300000, "changeToInventory": -40200000, "changeToOperatingActivities": -132500000, "totalCashFromOperatingActivities": 6092900000, "capitalExpenditures": -2991100000, "investments": -881900000, "otherCashflowsFromInvestingActivities": 9800000, "totalCashflowsFromInvestingActivities": -3831200000, "dividendsPaid": -1141900000, "netBorrowings": -717200000, "otherCashflowsFromFinancingActivities": -158600000, "totalCashFromFinancingActivities": -2017700000, "changeInCash": 244000000, "repurchaseOfStock": -1000000000}], "maxAge": 86400}, "institutionOwnership": {"maxAge": 1, "ownershipList": []}, "balanceSheetHistoryQuarterly": {"balanceSheetStatements": [{"maxAge": 1, "endDate": "2020-06-30", "totalStockholderEquity": 25988700000, "netTangibleAssets": 25871600000}, {"maxAge": 1, "endDate": "2020-06-30"}, {"maxAge": 1, "endDate": "2020-03-31", "cash": 2023500000, "netReceivables": 8309700000, "inventory": 4956800000, "otherCurrentAssets": 232100000, "totalCurrentAssets": 16417100000, "longTermInvestments": 159300000, "propertyPlantEquipment": 15829000000, "intangibleAssets": 117100000, "otherAssets": 664400000, "deferredLongTermAssetCharges": 254000000, "totalAssets": 33186900000, "accountsPayable": 3623400000, "otherCurrentLiab": 1520600000, "otherLiab": 1009400000, "totalCurrentLiabilities": 6061700000, "totalLiab": 7198200000, "commonStock": 174500000, "retainedEarnings": 25683600000, "treasuryStock": 120000000, "capitalSurplus": 10600000, "otherStockholderEquity": 120000000, "totalStockholderEquity": 25988700000, "netTangibleAssets": 25871600000}, {"maxAge": 1, "endDate": "2019-12-31", "totalStockholderEquity": 24712000000, "netTangibleAssets": 24660100000}], "maxAge": 86400}, "earningsHistory": {"history": [{"maxAge": 1, "epsActual": {}, "epsEstimate": {}, "epsDifference": {}, "surprisePercent": {}, "quarter": {}, "period": "-4q"}, {"maxAge": 1, "epsActual": 12.95, "epsEstimate": 12.2, "epsDifference": 0.75, "surprisePercent": 0.061, "quarter": "2017-03-31", "period": "-3q"}, {"maxAge": 1, "epsActual": 16.75, "epsEstimate": 12.0, "epsDifference": 4.75, "surprisePercent": 0.396, "quarter": "2017-12-31", "period": "-2q"}, {"maxAge": 1, "epsActual": 10.74, "epsEstimate": 12.32, "epsDifference": -1.58, "surprisePercent": -0.128, "quarter": "2018-03-31", "period": "-1q"}], "maxAge": 86400}, "indexTrend": {"maxAge": 1, "symbol": "SP5", "peRatio": 19.7411, "pegRatio": 1.34172, "estimates": [{"period": "0q", "growth": 0.549}, {"period": "+1q", "growth": 0.431}, {"period": "0y", "growth": 0.305}, {"period": "+1y", "growth": 0.109}, {"period": "+5y", "growth": 0.120865}, {"period": "-5y"}]}, "industryTrend": {"maxAge": 1, "symbol": null, "estimates": []}, "insiderTransactions": {"transactions": [{"maxAge": 1, "shares": 170000, "value": 3729035, "filerUrl": "", "transactionText": "Sale at price 21.94 per share.", "filerName": "Agrawal (Mannalal B.)", "filerRelation": "Institution- Corporation", "moneyText": "", "startDate": "2020-09-18", "ownership": "D"}, {"maxAge": 1, "shares": 0, "filerUrl": "", "transactionText": "", "filerName": "Agrawal (Mannalal B.)", "filerRelation": "Non Executive Chairman", "moneyText": "", "startDate": "2020-09-18", "ownership": "I"}, {"maxAge": 1, "shares": 1000, "value": 23373, "filerUrl": "", "transactionText": "Sale at price 23.37 per share.", "filerName": "Joshi (Jagdish Dwarkadas)", "filerRelation": "UNREPORTED", "moneyText": "", "startDate": "2020-08-10", "ownership": "D"}, {"maxAge": 1, "shares": 1250, "value": 27644, "filerUrl": "", "transactionText": "Sale at price 22.12 per share.", "filerName": "SAM GIOSKOS", "filerRelation": "Institution- Corporation", "moneyText": "", "startDate": "2020-08-04", "ownership": "D"}, {"maxAge": 1, "shares": 2500, "value": 55865, "filerUrl": "", "transactionText": "Sale at price 22.35 per share.", "filerName": "SAM GIOSKOS", "filerRelation": "Institution- Corporation", "moneyText": "", "startDate": "2020-08-03", "ownership": "D"}, {"maxAge": 1, "shares": 800, "value": 14932, "filerUrl": "", "transactionText": "Sale at price 18.67 per share.", "filerName": "Khot (Sunil Jambu)", "filerRelation": "UNREPORTED", "moneyText": "", "startDate": "2020-06-30", "ownership": "D"}, {"maxAge": 1, "shares": 700, "filerUrl": "", "transactionText": "", "filerName": "Khetan (Chandrakant M.)", "filerRelation": "UNREPORTED", "moneyText": "", "startDate": "2020-03-17", "ownership": "D"}, {"maxAge": 1, "shares": 700, "filerUrl": "", "transactionText": "", "filerName": "Khetan (Rita Chandrakant)", "filerRelation": "UNREPORTED", "moneyText": "", "startDate": "2020-03-17", "ownership": "D"}, {"maxAge": 1, "shares": 1000, "filerUrl": "", "transactionText": "", "filerName": "Joshi (Jagdish Dwarkadas)", "filerRelation": "UNREPORTED", "moneyText": "", "startDate": "2020-02-11", "ownership": "D"}, {"maxAge": 1, "shares": 3750, "filerUrl": "", "transactionText": "", "filerName": "Sotirios (Sam Gioskos)", "filerRelation": "UNREPORTED", "moneyText": "", "startDate": "2020-02-10", "ownership": "D"}, {"maxAge": 1, "shares": 3000, "filerUrl": "", "transactionText": "", "filerName": "Adams (John Gerard)", "filerRelation": "UNREPORTED", "moneyText": "", "startDate": "2019-09-25", "ownership": "D"}, {"maxAge": 1, "shares": 2000, "filerUrl": "", "transactionText": "", "filerName": "Burd (Jeffrey William)", "filerRelation": "UNREPORTED", "moneyText": "", "startDate": "2019-09-24", "ownership": "D"}, {"maxAge": 1, "shares": 1000, "filerUrl": "", "transactionText": "", "filerName": "Burd (Jeffrey William)", "filerRelation": "UNREPORTED", "moneyText": "", "startDate": "2019-04-01", "ownership": "D"}, {"maxAge": 1, "shares": 11626326, "filerUrl": "", "transactionText": "", "filerName": "Agrawal (Ayush Madhusudan)", "filerRelation": "Promoter", "moneyText": "", "startDate": "2019-03-22", "ownership": "D"}, {"maxAge": 1, "shares": 110066, "filerUrl": "", "transactionText": "", "filerName": "Agrawal (Rajesh)", "filerRelation": "Joint Managing director", "moneyText": "", "startDate": "2019-03-22", "ownership": "D"}, {"maxAge": 1, "shares": 9398541, "filerUrl": "", "transactionText": "", "filerName": "Agrawal (Ravi P)", "filerRelation": "Promoter", "moneyText": "", "startDate": "2019-03-22", "ownership": "D"}, {"maxAge": 1, "shares": 1410, "filerUrl": "", "transactionText": "", "filerName": "Agrawal (Satish H)", "filerRelation": "Promoter", "moneyText": "", "startDate": "2019-03-22", "ownership": "D"}, {"maxAge": 1, "shares": 110065, "filerUrl": "", "transactionText": "", "filerName": "Agrawal (Yogesh Mannalal)", "filerRelation": "Managing Director", "moneyText": "", "startDate": "2019-03-22", "ownership": "D"}, {"maxAge": 1, "shares": 46597, "filerUrl": "", "transactionText": "", "filerName": "Ganga Exports", "filerRelation": "Promoter", "moneyText": "", "startDate": "2019-03-22", "ownership": "D"}, {"maxAge": 1, "shares": 1000, "filerUrl": "", "transactionText": "", "filerName": "Joshi (Jagdish Dwarkadas)", "filerRelation": "UNREPORTED", "moneyText": "", "startDate": "2018-12-27", "ownership": "D"}, {"maxAge": 1, "shares": 1500, "filerUrl": "", "transactionText": "", "filerName": "Seth (Arun Kumar)", "filerRelation": "UNREPORTED", "moneyText": "", "startDate": "2018-12-11", "ownership": "D"}], "maxAge": 1}, "quoteType": {"exchange": "BSE", "quoteType": "EQUITY", "symbol": "AJANTPHARM.BO", "underlyingSymbol": "AJANTPHARM.BO", "shortName": "AJANTA PHARMA LTD.", "longName": "Ajanta Pharma Limited", "firstTradeDateEpochUtc": "2000-06-06 09:15:00", "timeZoneFullName": "Asia/Kolkata", "timeZoneShortName": "IST", "uuid": "4be1d64e-c69e-329b-bd23-d115ec2b54b6", "messageBoardId": null, "gmtOffSetMilliseconds": 19800000, "maxAge": 1}, "incomeStatementHistory": {"incomeStatementHistory": [{"maxAge": 1, "endDate": "2020-03-31", "totalRevenue": 25878700000, "costOfRevenue": 6896400000, "grossProfit": 18982300000, "researchDevelopment": {}, "sellingGeneralAdministrative": 4890100000, "nonRecurring": {}, "otherOperatingExpenses": 7257900000, "totalOperatingExpenses": 20001600000, "operatingIncome": 5877100000, "totalOtherIncomeExpenseNet": 762600000, "ebit": 5877100000, "interestExpense": -119100000, "incomeBeforeTax": 6639700000, "incomeTaxExpense": 1962700000, "minorityInterest": {}, "netIncomeFromContinuingOps": 4677000000, "discontinuedOperations": {}, "extraordinaryItems": {}, "effectOfAccountingCharges": {}, "otherItems": {}, "netIncome": 4677000000, "netIncomeApplicableToCommonShares": 4677000000}, {"maxAge": 1, "endDate": "2019-03-31", "totalRevenue": 20553700000, "costOfRevenue": 4121200000, "grossProfit": 16432500000, "researchDevelopment": {}, "sellingGeneralAdministrative": 4503200000, "nonRecurring": {}, "otherOperatingExpenses": 6269700000, "totalOperatingExpenses": 15607900000, "operatingIncome": 4945800000, "totalOtherIncomeExpenseNet": 196900000, "ebit": 4945800000, "interestExpense": -11600000, "incomeBeforeTax": 5142700000, "incomeTaxExpense": 1273000000, "minorityInterest": {}, "netIncomeFromContinuingOps": 3869700000, "discontinuedOperations": {}, "extraordinaryItems": {}, "effectOfAccountingCharges": {}, "otherItems": {}, "netIncome": 3869700000, "netIncomeApplicableToCommonShares": 3869700000}, {"maxAge": 1, "endDate": "2018-03-31", "totalRevenue": 21257600000, "costOfRevenue": 4413200000, "grossProfit": 16844400000, "researchDevelopment": {}, "sellingGeneralAdministrative": 3908100000, "nonRecurring": {}, "otherOperatingExpenses": 6357800000, "totalOperatingExpenses": 15269500000, "operatingIncome": 5988100000, "totalOtherIncomeExpenseNet": 237400000, "ebit": 5988100000, "interestExpense": -4100000, "incomeBeforeTax": 6225500000, "incomeTaxExpense": 1539100000, "minorityInterest": {}, "netIncomeFromContinuingOps": 4686400000, "discontinuedOperations": {}, "extraordinaryItems": {}, "effectOfAccountingCharges": {}, "otherItems": {}, "netIncome": 4686400000, "netIncomeApplicableToCommonShares": 4686400000}, {"maxAge": 1, "endDate": "2017-03-31", "totalRevenue": 19832600000, "costOfRevenue": 4235700000, "grossProfit": 15596900000, "researchDevelopment": {}, "sellingGeneralAdministrative": 3060300000, "nonRecurring": {}, "otherOperatingExpenses": 5504600000, "totalOperatingExpenses": 13412700000, "operatingIncome": 6419900000, "totalOtherIncomeExpenseNet": 61800000, "ebit": 6419900000, "interestExpense": -13600000, "incomeBeforeTax": 6481700000, "incomeTaxExpense": 1413400000, "minorityInterest": {}, "netIncomeFromContinuingOps": 5068300000, "discontinuedOperations": {}, "extraordinaryItems": {}, "effectOfAccountingCharges": {}, "otherItems": {}, "netIncome": 5068300000, "netIncomeApplicableToCommonShares": 5068300000}], "maxAge": 86400}, "fundOwnership": {"maxAge": 1, "ownershipList": [{"maxAge": 1, "reportDate": "2020-07-31", "organization": "Vanguard International Stock Index-Total Intl Stock Indx", "pctHeld": 0.0047999998, "position": 414906, "value": 677707460}, {"maxAge": 1, "reportDate": "2020-07-31", "organization": "DFA Emerging Markets Core Equity Portfolio", "pctHeld": 0.0034999999, "position": 304264, "value": 496984817}, {"maxAge": 1, "reportDate": "2020-07-31", "organization": "Vanguard International Stock Index-Emerging Markets Stk", "pctHeld": 0.0034, "position": 297268, "value": 485557551}, {"maxAge": 1, "reportDate": "2020-07-31", "organization": "DFA Emerging Markets Small Cap Series", "pctHeld": 0.0021, "position": 183715, "value": 300080081}, {"maxAge": 1, "reportDate": "2020-07-31", "organization": "iShares Core MSCI Emerging Markets ETF", "pctHeld": 0.0021, "position": 181945, "value": 297188963}, {"maxAge": 1, "reportDate": "2020-05-31", "organization": "GMO Emerging Domestic Opportunities Fund", "pctHeld": 0.0011, "position": 99120, "value": 151019232}, {"maxAge": 1, "reportDate": "2020-07-31", "organization": "Vanguard Intl Equity Index Fds-FTSE All World ex U.S.Small Cap Index", "pctHeld": 0.0007, "position": 58518, "value": 95583301}, {"maxAge": 1, "reportDate": "2020-08-31", "organization": "iShares MSCI India Small Cap ETF", "pctHeld": 0.0005, "position": 46144, "value": 68466160}, {"maxAge": 1, "reportDate": "2020-06-30", "organization": "College Retirement Equities Fund-Stock Account", "pctHeld": 0.0005, "position": 41831, "value": 59270343}, {"maxAge": 1, "reportDate": "2020-07-31", "organization": "Russell Inv Co-Emerging Markets Fund", "pctHeld": 0.0004, "position": 38171, "value": 62348511}]}, "summaryDetail": {"maxAge": 1, "priceHint": 2, "previousClose": 1890.2, "open": 1914.0, "dayLow": 1826.75, "dayHigh": 1932.45, "regularMarketPreviousClose": 1890.2, "regularMarketOpen": 1914.0, "regularMarketDayLow": 1826.75, "regularMarketDayHigh": 1932.45, "trailingPE": 32.091515, "forwardPE": 29.834764, "volume": 12717, "regularMarketVolume": 12717, "averageVolume": 6325, "averageVolume10days": 4919, "averageDailyVolume10Day": 4919, "bid": 1831.55, "ask": 1841.0, "bidSize": 0, "askSize": 0, "marketCap": 160709132288, "fiftyTwoWeekLow": 961.65, "fiftyTwoWeekHigh": 1932.45, "fiftyDayAverage": 1769.1986, "twoHundredDayAverage": 1635.7825, "trailingAnnualDividendRate": 13.0, "trailingAnnualDividendYield": 0.0068775793, "currency": "INR", "fromCurrency": null, "toCurrency": null, "lastMarket": null, "algorithm": null, "tradeable": false}, "sectorTrend": {"maxAge": 1, "symbol": null, "estimates": []}, "incomeStatementHistoryQuarterly": {"incomeStatementHistory": [{"maxAge": 1, "endDate": "2020-06-30", "totalRevenue": 6682000000, "costOfRevenue": 1531000000, "grossProfit": 5151000000, "researchDevelopment": {}, "sellingGeneralAdministrative": 1357900000, "nonRecurring": {}, "otherOperatingExpenses": 1560900000, "totalOperatingExpenses": 4730000000, "operatingIncome": 1952000000, "totalOtherIncomeExpenseNet": 114900000, "ebit": 1952000000, "interestExpense": -16300000, "incomeBeforeTax": 2066900000, "incomeTaxExpense": 589300000, "minorityInterest": {}, "netIncomeFromContinuingOps": 1477600000, "discontinuedOperations": {}, "extraordinaryItems": {}, "effectOfAccountingCharges": {}, "otherItems": {}, "netIncome": 1477600000, "netIncomeApplicableToCommonShares": 1477600000}, {"maxAge": 1, "endDate": "2020-06-30", "totalRevenue": 6682000000, "costOfRevenue": 0, "grossProfit": 5151000000, "researchDevelopment": {}, "sellingGeneralAdministrative": 1357900000, "nonRecurring": {}, "otherOperatingExpenses": 1560900000, "totalOperatingExpenses": 0, "operatingIncome": 1952000000, "totalOtherIncomeExpenseNet": 0, "ebit": 1952000000, "interestExpense": -16300000, "incomeBeforeTax": 2066900000, "incomeTaxExpense": 0, "minorityInterest": {}, "netIncomeFromContinuingOps": 1477600000, "discontinuedOperations": {}, "extraordinaryItems": {}, "effectOfAccountingCharges": {}, "otherItems": {}, "netIncome": 1477600000, "netIncomeApplicableToCommonShares": 1477600000}, {"maxAge": 1, "endDate": "2020-03-31", "totalRevenue": 6819600000, "costOfRevenue": 2115300000, "grossProfit": 4704300000, "researchDevelopment": {}, "sellingGeneralAdministrative": 1329000000, "nonRecurring": {}, "otherOperatingExpenses": 1860900000, "totalOperatingExpenses": 5565600000, "operatingIncome": 1254000000, "totalOtherIncomeExpenseNet": 504600000, "ebit": 1254000000, "interestExpense": -36200000, "incomeBeforeTax": 1758600000, "incomeTaxExpense": 467000000, "minorityInterest": {}, "netIncomeFromContinuingOps": 1291600000, "discontinuedOperations": {}, "extraordinaryItems": {}, "effectOfAccountingCharges": {}, "otherItems": {}, "netIncome": 1291600000, "netIncomeApplicableToCommonShares": 1291600000}, {"maxAge": 1, "endDate": "2019-12-31", "totalRevenue": 6512100000, "costOfRevenue": 1690900000, "grossProfit": 4821200000, "researchDevelopment": {}, "sellingGeneralAdministrative": 1203800000, "nonRecurring": {}, "otherOperatingExpenses": 1757700000, "totalOperatingExpenses": 4888400000, "operatingIncome": 1623700000, "totalOtherIncomeExpenseNet": 127300000, "ebit": 1623700000, "interestExpense": -15700000, "incomeBeforeTax": 1751000000, "incomeTaxExpense": 675500000, "minorityInterest": {}, "netIncomeFromContinuingOps": 1075500000, "discontinuedOperations": {}, "extraordinaryItems": {}, "effectOfAccountingCharges": {}, "otherItems": {}, "netIncome": 1075500000, "netIncomeApplicableToCommonShares": 1075500000}], "maxAge": 86400}, "cashflowStatementHistoryQuarterly": {"cashflowStatements": [{"maxAge": 1, "endDate": "2020-06-30", "netIncome": 1477600000, "changeToLiabilities": 0}, {"maxAge": 1, "endDate": "2020-06-30", "netIncome": 1477600000, "changeToLiabilities": 0}, {"maxAge": 1, "endDate": "2020-03-31", "netIncome": 1291600000, "changeToLiabilities": 0}, {"maxAge": 1, "endDate": "2019-12-31", "netIncome": 1075500000, "changeToLiabilities": 0}], "maxAge": 86400}, "insiderHolders": {"holders": [{"maxAge": 1, "name": "Adams (John Gerard)", "relation": "UNREPORTED", "url": "", "transactionDescription": "Sale", "latestTransDate": "2019-09-25", "positionDirect": 0, "positionDirectDate": "2019-09-25"}, {"maxAge": 1, "name": "Agrawal (Ayush Madhusudan)", "relation": "Promoter", "url": "", "transactionDescription": "Other", "latestTransDate": "2019-03-22", "positionDirect": 12540389, "positionDirectDate": "2019-03-22"}, {"maxAge": 1, "name": "Agrawal (Mannalal B.)", "relation": "Institution- Corporation", "url": "", "transactionDescription": "Sale", "latestTransDate": "2020-09-18", "positionDirect": 0, "positionDirectDate": "2020-09-18"}, {"maxAge": 1, "name": "Burd (Jeffrey William)", "relation": "UNREPORTED", "url": "", "transactionDescription": "Sale", "latestTransDate": "2019-09-24", "positionDirect": 0, "positionDirectDate": "2019-09-24"}, {"maxAge": 1, "name": "Joshi (Jagdish Dwarkadas)", "relation": "UNREPORTED", "url": "", "transactionDescription": "Sale", "latestTransDate": "2020-08-10", "positionDirect": 12000, "positionDirectDate": "2020-08-10"}, {"maxAge": 1, "name": "Khetan (Chandrakant M.)", "relation": "UNREPORTED", "url": "", "transactionDescription": "Acquisition", "latestTransDate": "2020-03-17", "positionDirect": 700, "positionDirectDate": "2020-03-17"}, {"maxAge": 1, "name": "Khetan (Rita Chandrakant)", "relation": "UNREPORTED", "url": "", "transactionDescription": "Acquisition", "latestTransDate": "2020-03-17", "positionDirect": 10100, "positionDirectDate": "2020-03-17"}, {"maxAge": 1, "name": "Khot (Sunil Jambu)", "relation": "UNREPORTED", "url": "", "transactionDescription": "Sale", "latestTransDate": "2020-06-30", "positionDirect": 200, "positionDirectDate": "2020-06-30"}, {"maxAge": 1, "name": "SAM GIOSKOS", "relation": "Institution- Corporation", "url": "", "transactionDescription": "Sale", "latestTransDate": "2020-08-04", "positionDirect": 3750, "positionDirectDate": "2020-08-04"}, {"maxAge": 1, "name": "Sotirios (Sam Gioskos)", "relation": "UNREPORTED", "url": "", "transactionDescription": "Sale", "latestTransDate": "2020-02-10", "positionDirect": 7500, "positionDirectDate": "2020-02-10"}], "maxAge": 1}, "earnings": {"maxAge": 86400, "earningsChart": {"quarterly": [{"date": "1Q2017", "actual": 12.95, "estimate": 12.2}, {"date": "4Q2017", "actual": 16.75, "estimate": 12.0}, {"date": "1Q2018", "actual": 10.74, "estimate": 12.32}], "currentQuarterEstimate": 10.6, "currentQuarterEstimateDate": "2Q", "currentQuarterEstimateYear": 2018, "earningsDate": []}, "financialsChart": {"yearly": [{"date": 2017, "revenue": 19832600000, "earnings": 5068300000}, {"date": 2018, "revenue": 21257600000, "earnings": 4686400000}, {"date": 2019, "revenue": 20553700000, "earnings": 3869700000}, {"date": 2020, "revenue": 25878700000, "earnings": 4677000000}], "quarterly": [{"date": "4Q2019", "revenue": 6512100000, "earnings": 1075500000}, {"date": "1Q2020", "revenue": 6819600000, "earnings": 1291600000}, {"date": "2Q2020", "revenue": 6682000000, "earnings": 1477600000}, {"date": "2Q2020", "revenue": 6682000000, "earnings": 1477600000}]}, "financialCurrency": "INR"}, "calendarEvents": {"maxAge": 1, "earnings": {"earningsDate": [], "earningsAverage": 10.6, "earningsLow": 10.6, "earningsHigh": 10.6, "revenueAverage": 4969000000, "revenueLow": 4969000000, "revenueHigh": 4969000000}}, "price": {"maxAge": 1, "regularMarketChangePercent": -0.025658661, "regularMarketChange": -48.5, "regularMarketTime": "2021-04-30 15:29:45", "priceHint": 2, "regularMarketPrice": 1841.7, "regularMarketDayHigh": 1932.45, "regularMarketDayLow": 1826.75, "regularMarketVolume": 12717, "averageDailyVolume10Day": 4919, "averageDailyVolume3Month": 6325, "regularMarketPreviousClose": 1890.2, "regularMarketSource": "FREE_REALTIME", "regularMarketOpen": 1914.0, "exchange": "BSE", "exchangeName": "BSE", "exchangeDataDelayedBy": 0, "marketState": "CLOSED", "quoteType": "EQUITY", "symbol": "AJANTPHARM.BO", "underlyingSymbol": null, "shortName": "AJANTA PHARMA LTD.", "longName": "Ajanta Pharma Limited", "currency": "INR", "quoteSourceName": "Delayed Quote", "currencySymbol": "\u20b9", "fromCurrency": null, "toCurrency": null, "lastMarket": null, "marketCap": 160709132288}, "balanceSheetHistory": {"balanceSheetStatements": [{"maxAge": 1, "endDate": "2020-03-31", "cash": 2023500000, "netReceivables": 8309700000, "inventory": 4956800000, "otherCurrentAssets": 232100000, "totalCurrentAssets": 16417100000, "longTermInvestments": 159300000, "propertyPlantEquipment": 15829000000, "intangibleAssets": 117100000, "otherAssets": 664400000, "deferredLongTermAssetCharges": 254000000, "totalAssets": 33186900000, "accountsPayable": 3623400000, "otherCurrentLiab": 1520600000, "otherLiab": 1009400000, "totalCurrentLiabilities": 6061700000, "totalLiab": 7198200000, "commonStock": 174500000, "retainedEarnings": 25683600000, "treasuryStock": 120000000, "capitalSurplus": 10600000, "otherStockholderEquity": 120000000, "totalStockholderEquity": 25988700000, "netTangibleAssets": 25871600000}, {"maxAge": 1, "endDate": "2019-03-31", "cash": 951600000, "shortTermInvestments": 647400000, "netReceivables": 5493700000, "inventory": 4357100000, "otherCurrentAssets": 231300000, "totalCurrentAssets": 11798100000, "longTermInvestments": 130000000, "propertyPlantEquipment": 14233100000, "intangibleAssets": 66500000, "otherAssets": 734100000, "deferredLongTermAssetCharges": 318100000, "totalAssets": 26961800000, "accountsPayable": 2251800000, "otherCurrentLiab": 763900000, "otherLiab": 726700000, "totalCurrentLiabilities": 3776400000, "totalLiab": 4509700000, "commonStock": 174500000, "retainedEarnings": 22206900000, "treasuryStock": 70700000, "otherStockholderEquity": 70700000, "totalStockholderEquity": 22452100000, "netTangibleAssets": 22385600000}, {"maxAge": 1, "endDate": "2018-03-31", "cash": 906400000, "netReceivables": 5726700000, "inventory": 3506300000, "otherCurrentAssets": 243700000, "totalCurrentAssets": 12236200000, "longTermInvestments": 75800000, "propertyPlantEquipment": 11065400000, "intangibleAssets": 74500000, "otherAssets": 1034000000, "deferredLongTermAssetCharges": 226100000, "totalAssets": 24485900000, "accountsPayable": 2496300000, "shortLongTermDebt": 7900000, "otherCurrentLiab": 676100000, "longTermDebt": 10100000, "otherLiab": 601600000, "totalCurrentLiabilities": 3460500000, "totalLiab": 4072200000, "commonStock": 176000000, "retainedEarnings": 19356700000, "treasuryStock": 106800000, "capitalSurplus": 774200000, "otherStockholderEquity": 106800000, "totalStockholderEquity": 20413700000, "netTangibleAssets": 20339200000}, {"maxAge": 1, "endDate": "2017-03-31", "cash": 658300000, "netReceivables": 3281200000, "inventory": 2110200000, "otherCurrentAssets": 611800000, "totalCurrentAssets": 8506000000, "propertyPlantEquipment": 9211900000, "intangibleAssets": 72400000, "otherAssets": 686700000, "deferredLongTermAssetCharges": 244500000, "totalAssets": 18477000000, "accountsPayable": 1781800000, "shortLongTermDebt": 2400000, "otherCurrentLiab": 464700000, "longTermDebt": 10400000, "otherLiab": 323100000, "totalCurrentLiabilities": 2466600000, "totalLiab": 2800100000, "commonStock": 176000000, "retainedEarnings": 14670300000, "treasuryStock": 70000000, "capitalSurplus": 760600000, "otherStockholderEquity": 70000000, "totalStockholderEquity": 15676900000, "netTangibleAssets": 15604500000}], "maxAge": 86400}, "earningsTrend": {"trend": [{"maxAge": 1, "period": "0q", "endDate": "2018-06-30", "growth": {}, "earningsEstimate": {"avg": 10.6, "low": 10.6, "high": 10.6, "yearAgoEps": {}, "numberOfAnalysts": 1, "growth": {}}, "revenueEstimate": {"avg": 4969000000, "low": 4969000000, "high": 4969000000, "numberOfAnalysts": 1, "yearAgoRevenue": 4731200000, "growth": 0.05}, "epsTrend": {"current": 10.6, "7daysAgo": 10.6, "30daysAgo": 10.6, "60daysAgo": 12.33, "90daysAgo": 12.33}, "epsRevisions": {"upLast7days": 0, "upLast30days": 0, "downLast30days": 0, "downLast90days": {}}}, {"maxAge": 1, "period": "+1q", "endDate": "2018-09-30", "growth": -0.117, "earningsEstimate": {"avg": 11.44, "low": 11.44, "high": 11.44, "yearAgoEps": 12.95, "numberOfAnalysts": 1, "growth": -0.117}, "revenueEstimate": {"avg": 5204000000, "low": 5204000000, "high": 5204000000, "numberOfAnalysts": 1, "yearAgoRevenue": 5403800000, "growth": -0.037}, "epsTrend": {"current": 11.44, "7daysAgo": 11.44, "30daysAgo": 11.44, "60daysAgo": 15.74, "90daysAgo": 15.74}, "epsRevisions": {"upLast7days": 0, "upLast30days": 0, "downLast30days": 0, "downLast90days": {}}}, {"maxAge": 1, "period": "0y", "endDate": "2019-03-31", "growth": -0.017, "earningsEstimate": {"avg": 52.33, "low": 46.0, "high": 64.33, "yearAgoEps": 53.25, "numberOfAnalysts": 8, "growth": -0.017}, "revenueEstimate": {"avg": 21725500000, "low": 20601000000, "high": 23826200000, "numberOfAnalysts": 8, "yearAgoRevenue": 21308600000, "growth": 0.02}, "epsTrend": {"current": 52.33, "7daysAgo": 52.33, "30daysAgo": 52.33, "60daysAgo": 62.09, "90daysAgo": 62.37}, "epsRevisions": {"upLast7days": 0, "upLast30days": 0, "downLast30days": 0, "downLast90days": {}}}, {"maxAge": 1, "period": "+1y", "endDate": "2020-03-31", "growth": 0.18, "earningsEstimate": {"avg": 61.73, "low": 57.5, "high": 68.6, "yearAgoEps": 52.33, "numberOfAnalysts": 7, "growth": 0.18}, "revenueEstimate": {"avg": 24495000000, "low": 23404000000, "high": 26200000000, "numberOfAnalysts": 7, "yearAgoRevenue": 21725500000, "growth": 0.127}, "epsTrend": {"current": 61.73, "7daysAgo": 61.73, "30daysAgo": 61.73, "60daysAgo": 74.98, "90daysAgo": 74.98}, "epsRevisions": {"upLast7days": 0, "upLast30days": 0, "downLast30days": 0, "downLast90days": {}}}, {"maxAge": 1, "period": "+5y", "endDate": null, "growth": -0.145, "earningsEstimate": {"avg": {}, "low": {}, "high": {}, "yearAgoEps": {}, "numberOfAnalysts": {}, "growth": {}}, "revenueEstimate": {"avg": {}, "low": {}, "high": {}, "numberOfAnalysts": {}, "yearAgoRevenue": {}, "growth": {}}, "epsTrend": {"current": {}, "7daysAgo": {}, "30daysAgo": {}, "60daysAgo": {}, "90daysAgo": {}}, "epsRevisions": {"upLast7days": {}, "upLast30days": {}, "downLast30days": {}, "downLast90days": {}}}, {"maxAge": 1, "period": "-5y", "endDate": null, "growth": 0.31956, "earningsEstimate": {"avg": {}, "low": {}, "high": {}, "yearAgoEps": {}, "numberOfAnalysts": {}, "growth": {}}, "revenueEstimate": {"avg": {}, "low": {}, "high": {}, "numberOfAnalysts": {}, "yearAgoRevenue": {}, "growth": {}}, "epsTrend": {"current": {}, "7daysAgo": {}, "30daysAgo": {}, "60daysAgo": {}, "90daysAgo": {}}, "epsRevisions": {"upLast7days": {}, "upLast30days": {}, "downLast30days": {}, "downLast90days": {}}}], "maxAge": 1}, "financialData": {"maxAge": 86400, "currentPrice": 1841.7, "targetHighPrice": 1560.0, "targetLowPrice": 1150.0, "targetMeanPrice": 1315.86, "targetMedianPrice": 1302.0, "recommendationMean": 2.8, "recommendationKey": "hold", "numberOfAnalystOpinions": 7, "grossProfits": 18982300000, "financialCurrency": "INR"}}}