{"AJANTSOY.BO": {"recommendationTrend": {"trend": [{"period": "0m", "strongBuy": 0, "buy": 0, "hold": 0, "sell": 0, "strongSell": 0}, {"period": "-1m", "strongBuy": 0, "buy": 0, "hold": 0, "sell": 0, "strongSell": 0}, {"period": "-2m", "strongBuy": 0, "buy": 0, "hold": 0, "sell": 0, "strongSell": 0}, {"period": "-3m", "strongBuy": 0, "buy": 0, "hold": 0, "sell": 0, "strongSell": 0}], "maxAge": 86400}, "cashflowStatementHistory": {"cashflowStatements": [{"maxAge": 1, "endDate": "2020-03-31", "netIncome": 97984000, "depreciation": 15908000, "changeToNetincome": 52535000, "changeToAccountReceivables": 195494000, "changeToLiabilities": -279098000, "changeToInventory": 128874000, "totalCashFromOperatingActivities": 211757000, "capitalExpenditures": -12299000, "investments": 4201000, "otherCashflowsFromInvestingActivities": 11422000, "totalCashflowsFromInvestingActivities": 3324000, "netBorrowings": -208022000, "otherCashflowsFromFinancingActivities": -53189000, "totalCashFromFinancingActivities": -261211000, "changeInCash": -46130000}, {"maxAge": 1, "endDate": "2019-03-31", "netIncome": -4031000, "depreciation": 14940000, "changeToNetincome": 56046000, "changeToAccountReceivables": -170030000, "changeToLiabilities": 430404000, "changeToInventory": -109418000, "totalCashFromOperatingActivities": 217952000, "capitalExpenditures": -10907000, "investments": 2164000, "otherCashflowsFromInvestingActivities": -28546000, "totalCashflowsFromInvestingActivities": -37289000, "netBorrowings": -56836000, "otherCashflowsFromFinancingActivities": -51567000, "totalCashFromFinancingActivities": -108403000, "changeInCash": 72260000}, {"maxAge": 1, "endDate": "2018-03-31", "netIncome": 9410000, "depreciation": 6514000, "changeToNetincome": -25066000, "changeToAccountReceivables": -48371000, "changeToLiabilities": -286898000, "changeToInventory": -103449000, "totalCashFromOperatingActivities": -447830000, "capitalExpenditures": -280072000, "investments": 193484000, "otherCashflowsFromInvestingActivities": 129839000, "totalCashflowsFromInvestingActivities": 96936000, "netBorrowings": 283040000, "otherCashflowsFromFinancingActivities": 17804000, "totalCashFromFinancingActivities": 332644000, "changeInCash": -18250000, "issuanceOfStock": 31800000}, {"maxAge": 1, "endDate": "2017-03-31", "netIncome": 71267000, "depreciation": 12576000, "changeToNetincome": -65296000, "changeToAccountReceivables": -38469000, "changeToLiabilities": 111632000, "changeToInventory": 116993000, "totalCashFromOperatingActivities": 208719000, "capitalExpenditures": -13219000, "investments": 13388000, "otherCashflowsFromInvestingActivities": -122960000, "totalCashflowsFromInvestingActivities": -122791000, "netBorrowings": -149770000, "otherCashflowsFromFinancingActivities": 37027000, "totalCashFromFinancingActivities": -112743000, "changeInCash": -26814000, "issuanceOfStock": 31800000}], "maxAge": 86400}, "institutionOwnership": {"ownershipList": [], "maxAge": 1}, "balanceSheetHistoryQuarterly": {"balanceSheetStatements": [{"maxAge": 1, "endDate": "2020-06-30", "totalStockholderEquity": 540951000, "netTangibleAssets": 540788000}, {"maxAge": 1, "endDate": "2020-03-31", "cash": 28074000, "netReceivables": 170996000, "inventory": 400278000, "otherCurrentAssets": 173524000, "totalCurrentAssets": 775915000, "longTermInvestments": 47033000, "propertyPlantEquipment": 315982000, "intangibleAssets": 163000, "otherAssets": 33469000, "totalAssets": 1172562000, "accountsPayable": 79974000, "otherCurrentLiab": 452040000, "otherLiab": 54445000, "totalCurrentLiabilities": 577166000, "totalLiab": 631611000, "commonStock": 160966000, "retainedEarnings": 321413000, "treasuryStock": 18372000, "capitalSurplus": 40200000, "otherStockholderEquity": 18372000, "totalStockholderEquity": 540951000, "netTangibleAssets": 540788000}, {"maxAge": 1, "endDate": "2019-12-31", "totalStockholderEquity": 503873000, "netTangibleAssets": 503680000}, {"maxAge": 1, "endDate": "2019-09-30", "cash": 153346000, "shortTermInvestments": 180341000, "netReceivables": 232694000, "inventory": 209151000, "otherCurrentAssets": 186475000, "totalCurrentAssets": 962007000, "longTermInvestments": 47033000, "propertyPlantEquipment": 321177000, "intangibleAssets": 193000, "otherAssets": 33329000, "totalAssets": 1363739000, "accountsPayable": 578227000, "shortLongTermDebt": 2181000, "otherCurrentLiab": 121077000, "otherLiab": 52062000, "totalCurrentLiabilities": 807804000, "totalLiab": 859866000, "commonStock": 160966000, "treasuryStock": 342907000, "otherStockholderEquity": 342907000, "totalStockholderEquity": 503873000, "netTangibleAssets": 503680000}], "maxAge": 86400}, "earningsHistory": {"history": [{"maxAge": 1, "epsActual": {}, "epsEstimate": {}, "epsDifference": {}, "surprisePercent": {}, "quarter": {}, "period": "-4q"}, {"maxAge": 1, "epsActual": {}, "epsEstimate": {}, "epsDifference": {}, "surprisePercent": {}, "quarter": {}, "period": "-3q"}, {"maxAge": 1, "epsActual": {}, "epsEstimate": {}, "epsDifference": {}, "surprisePercent": {}, "quarter": {}, "period": "-2q"}, {"maxAge": 1, "epsActual": {}, "epsEstimate": {}, "epsDifference": {}, "surprisePercent": {}, "quarter": {}, "period": "-1q"}], "maxAge": 86400}, "indexTrend": {"maxAge": 1, "symbol": "SP5", "peRatio": 19.7411, "pegRatio": 1.34172, "estimates": [{"period": "0q", "growth": 0.549}, {"period": "+1q", "growth": 0.431}, {"period": "0y", "growth": 0.305}, {"period": "+1y", "growth": 0.109}, {"period": "+5y", "growth": 0.120859005}, {"period": "-5y"}]}, "industryTrend": {"maxAge": 1, "symbol": null, "estimates": []}, "insiderTransactions": {"transactions": [{"maxAge": 1, "shares": 689022, "filerUrl": "", "transactionText": "", "filerName": "Harshit Finvest Pvt. Ltd.", "filerRelation": "Institution- Corporation", "moneyText": "", "startDate": "2020-03-02", "ownership": "D"}, {"maxAge": 1, "shares": 368192, "filerUrl": "", "transactionText": "", "filerName": "Jain (Arun Kumar)", "filerRelation": "UNREPORTED", "moneyText": "", "startDate": "2020-03-02", "ownership": "D"}, {"maxAge": 1, "shares": 5092, "filerUrl": "", "transactionText": "", "filerName": "Goyal (Disha)", "filerRelation": "Promoter", "moneyText": "", "startDate": "2016-09-07", "ownership": "D"}, {"maxAge": 1, "shares": 13300, "filerUrl": "", "transactionText": "", "filerName": "Goyal (Disha)", "filerRelation": "Promoter", "moneyText": "", "startDate": "2016-09-06", "ownership": "D"}, {"maxAge": 1, "shares": 26750, "filerUrl": "", "transactionText": "", "filerName": "Goyal (Disha)", "filerRelation": "Promoter", "moneyText": "", "startDate": "2016-09-02", "ownership": "D"}, {"maxAge": 1, "shares": 9600, "filerUrl": "", "transactionText": "", "filerName": "Goyal (Disha)", "filerRelation": "Promoter", "moneyText": "", "startDate": "2016-09-01", "ownership": "D"}, {"maxAge": 1, "shares": 5703, "filerUrl": "", "transactionText": "", "filerName": "Goyal (Disha)", "filerRelation": "Promoter", "moneyText": "", "startDate": "2016-07-28", "ownership": "D"}, {"maxAge": 1, "shares": 1800000, "filerUrl": "", "transactionText": "", "filerName": "Cosmic Alloys & Metals Works Pvt. Ltd.", "filerRelation": "Institution- Corporation", "moneyText": "", "startDate": "2013-03-21", "ownership": "D"}, {"maxAge": 1, "shares": 1800000, "filerUrl": "", "transactionText": "", "filerName": "Harshit Finvest Pvt. Ltd.", "filerRelation": "Institution- Corporation", "moneyText": "", "startDate": "2013-03-21", "ownership": "D"}, {"maxAge": 1, "shares": 100000, "filerUrl": "", "transactionText": "", "filerName": "Goyal (Abhay)", "filerRelation": "UNREPORTED", "moneyText": "", "startDate": "2009-09-29", "ownership": "D"}, {"maxAge": 1, "shares": 154500, "filerUrl": "", "transactionText": "", "filerName": "Goyal (Sushil Kumar)", "filerRelation": "Managing Director", "moneyText": "", "startDate": "2009-09-29", "ownership": "D"}], "maxAge": 1}, "quoteType": {"exchange": "BSE", "quoteType": "EQUITY", "symbol": "AJANTSOY.BO", "underlyingSymbol": "AJANTSOY.BO", "shortName": "AJANTA SOYA LTD.", "longName": "Ajanta Soya Limited", "firstTradeDateEpochUtc": "2002-01-17 09:15:00", "timeZoneFullName": "Asia/Kolkata", "timeZoneShortName": "IST", "uuid": "9a24d1cc-8fad-33e9-9351-ddf5758ab17e", "gmtOffSetMilliseconds": 19800000, "maxAge": 1}, "incomeStatementHistory": {"incomeStatementHistory": [{"maxAge": 1, "endDate": "2020-03-31", "totalRevenue": 7601318000, "costOfRevenue": 7095456000, "grossProfit": 505862000, "researchDevelopment": {}, "sellingGeneralAdministrative": 50249000, "nonRecurring": {}, "otherOperatingExpenses": 272427000, "totalOperatingExpenses": 7434100000, "operatingIncome": 167218000, "totalOtherIncomeExpenseNet": -38704000, "ebit": 167218000, "interestExpense": -25731000, "incomeBeforeTax": 128514000, "incomeTaxExpense": 30530000, "minorityInterest": {}, "netIncomeFromContinuingOps": 97984000, "discontinuedOperations": {}, "extraordinaryItems": {}, "effectOfAccountingCharges": {}, "otherItems": {}, "netIncome": 97984000, "netIncomeApplicableToCommonShares": 97984000}, {"maxAge": 1, "endDate": "2019-03-31", "totalRevenue": 6946536000, "costOfRevenue": 6597154000, "grossProfit": 349382000, "researchDevelopment": {}, "sellingGeneralAdministrative": 49595000, "nonRecurring": {}, "otherOperatingExpenses": 270451000, "totalOperatingExpenses": 6932181000, "operatingIncome": 14355000, "totalOtherIncomeExpenseNet": 1711000, "ebit": 14355000, "interestExpense": -40368000, "incomeBeforeTax": 16066000, "incomeTaxExpense": 20097000, "minorityInterest": {}, "netIncomeFromContinuingOps": -4031000, "discontinuedOperations": {}, "extraordinaryItems": {}, "effectOfAccountingCharges": {}, "otherItems": {}, "netIncome": -4031000, "netIncomeApplicableToCommonShares": -4031000}, {"maxAge": 1, "endDate": "2018-03-31", "totalRevenue": 3460455000, "costOfRevenue": 3281562000, "grossProfit": 178893000, "researchDevelopment": {}, "sellingGeneralAdministrative": 41401000, "nonRecurring": {}, "otherOperatingExpenses": 135990000, "totalOperatingExpenses": 3465497000, "operatingIncome": -5042000, "totalOtherIncomeExpenseNet": 42733000, "ebit": -5042000, "interestExpense": -10288000, "incomeBeforeTax": 37691000, "incomeTaxExpense": 28281000, "minorityInterest": {}, "netIncomeFromContinuingOps": 9410000, "discontinuedOperations": {}, "extraordinaryItems": {}, "effectOfAccountingCharges": {}, "otherItems": {}, "netIncome": 9410000, "netIncomeApplicableToCommonShares": 9410000}, {"maxAge": 1, "endDate": "2017-03-31", "totalRevenue": 7000721000, "costOfRevenue": 6653150000, "grossProfit": 347571000, "researchDevelopment": {}, "sellingGeneralAdministrative": 37491000, "nonRecurring": {}, "otherOperatingExpenses": 252418000, "totalOperatingExpenses": 6955651000, "operatingIncome": 45070000, "totalOtherIncomeExpenseNet": 64693000, "ebit": 45070000, "interestExpense": -2212000, "incomeBeforeTax": 109763000, "incomeTaxExpense": 38496000, "minorityInterest": {}, "netIncomeFromContinuingOps": 71267000, "discontinuedOperations": {}, "extraordinaryItems": {}, "effectOfAccountingCharges": {}, "otherItems": {}, "netIncome": 71267000, "netIncomeApplicableToCommonShares": 71267000}], "maxAge": 86400}, "fundOwnership": {"ownershipList": [], "maxAge": 1}, "summaryDetail": {"maxAge": 1, "priceHint": 2, "previousClose": 77.4, "open": 75.85, "dayLow": 75.05, "dayHigh": 77.95, "regularMarketPreviousClose": 77.4, "regularMarketOpen": 75.85, "regularMarketDayLow": 75.05, "regularMarketDayHigh": 77.95, "trailingPE": 13.527967, "volume": 6488, "regularMarketVolume": 6488, "averageVolume": 26640, "averageVolume10days": 17718, "averageDailyVolume10Day": 17718, "bid": 76.6, "ask": 77.15, "bidSize": 0, "askSize": 0, "marketCap": 1241852672, "fiftyTwoWeekLow": 20.0, "fiftyTwoWeekHigh": 77.95, "fiftyDayAverage": 65.145454, "twoHundredDayAverage": 46.845955, "currency": "INR", "fromCurrency": null, "lastMarket": null, "algorithm": null, "tradeable": false}, "sectorTrend": {"maxAge": 1, "symbol": null, "estimates": []}, "incomeStatementHistoryQuarterly": {"incomeStatementHistory": [{"maxAge": 1, "endDate": "2020-06-30", "totalRevenue": 1903041000, "costOfRevenue": 1852396000, "grossProfit": 50645000, "researchDevelopment": {}, "sellingGeneralAdministrative": 28853000, "nonRecurring": {}, "otherOperatingExpenses": 10099000, "totalOperatingExpenses": 1895340000, "operatingIncome": 7701000, "totalOtherIncomeExpenseNet": 7024000, "ebit": 7701000, "interestExpense": -5252000, "incomeBeforeTax": 14725000, "incomeTaxExpense": 7882000, "minorityInterest": {}, "netIncomeFromContinuingOps": 6843000, "discontinuedOperations": {}, "extraordinaryItems": {}, "effectOfAccountingCharges": {}, "otherItems": {}, "netIncome": 6843000, "netIncomeApplicableToCommonShares": 6843000}, {"maxAge": 1, "endDate": "2020-03-31", "totalRevenue": 2011922000, "costOfRevenue": 1762698000, "grossProfit": 249224000, "researchDevelopment": {}, "sellingGeneralAdministrative": -44425000, "nonRecurring": {}, "otherOperatingExpenses": 236478000, "totalOperatingExpenses": 1958741000, "operatingIncome": 53181000, "totalOtherIncomeExpenseNet": -34710000, "ebit": 53181000, "interestExpense": -1610000, "incomeBeforeTax": 18471000, "incomeTaxExpense": 1543000, "minorityInterest": {}, "netIncomeFromContinuingOps": 16928000, "discontinuedOperations": {}, "extraordinaryItems": {}, "effectOfAccountingCharges": {}, "otherItems": {}, "netIncome": 16928000, "netIncomeApplicableToCommonShares": 16928000}, {"maxAge": 1, "endDate": "2019-12-31", "totalRevenue": 1959521000, "costOfRevenue": 1873008000, "grossProfit": 86513000, "researchDevelopment": {}, "sellingGeneralAdministrative": 29133000, "nonRecurring": {}, "otherOperatingExpenses": 15436000, "totalOperatingExpenses": 1921570000, "operatingIncome": 37951000, "totalOtherIncomeExpenseNet": -4147000, "ebit": 37951000, "interestExpense": -11173000, "incomeBeforeTax": 33804000, "incomeTaxExpense": 11718000, "minorityInterest": {}, "netIncomeFromContinuingOps": 22086000, "discontinuedOperations": {}, "extraordinaryItems": {}, "effectOfAccountingCharges": {}, "otherItems": {}, "netIncome": 22086000, "netIncomeApplicableToCommonShares": 22086000}, {"maxAge": 1, "endDate": "2019-09-30", "totalRevenue": 1754325000, "costOfRevenue": 1641322000, "grossProfit": 113003000, "researchDevelopment": {}, "sellingGeneralAdministrative": 36569000, "nonRecurring": {}, "otherOperatingExpenses": 7018000, "totalOperatingExpenses": 1688990000, "operatingIncome": 65335000, "totalOtherIncomeExpenseNet": -8077000, "ebit": 65335000, "interestExpense": -5460000, "incomeBeforeTax": 57258000, "incomeTaxExpense": 11696000, "minorityInterest": {}, "netIncomeFromContinuingOps": 45562000, "discontinuedOperations": {}, "extraordinaryItems": {}, "effectOfAccountingCharges": {}, "otherItems": {}, "netIncome": 45562000, "netIncomeApplicableToCommonShares": 45562000}], "maxAge": 86400}, "cashflowStatementHistoryQuarterly": {"cashflowStatements": [{"maxAge": 1, "endDate": "2020-06-30", "netIncome": 6843000, "changeToLiabilities": 0}, {"maxAge": 1, "endDate": "2020-03-31", "netIncome": 16928000, "changeToLiabilities": 0}, {"maxAge": 1, "endDate": "2019-12-31", "netIncome": 22086000, "changeToLiabilities": 0}, {"maxAge": 1, "endDate": "2019-09-30", "netIncome": 45562000, "changeToLiabilities": 0}], "maxAge": 86400}, "insiderHolders": {"holders": [{"maxAge": 1, "name": "Cosmic Alloys & Metals Works Pvt. Ltd.", "relation": "Institution- Corporation", "url": "", "transactionDescription": "Acquisition", "latestTransDate": "2013-03-21", "positionDirect": 1800000, "positionDirectDate": "2013-03-21"}, {"maxAge": 1, "name": "Goyal (Abhay)", "relation": "UNREPORTED", "url": "", "transactionDescription": "Acquisition", "latestTransDate": "2009-09-29", "positionDirect": 539701, "positionDirectDate": "2009-09-29"}, {"maxAge": 1, "name": "Goyal (Disha)", "relation": "Promoter", "url": "", "transactionDescription": "Sale", "latestTransDate": "2016-09-07", "positionDirect": 0, "positionDirectDate": "2016-09-07"}, {"maxAge": 1, "name": "Goyal (Sushil Kumar)", "relation": "Managing Director", "url": "", "transactionDescription": "Acquisition", "latestTransDate": "2009-09-29", "positionDirect": 512714, "positionDirectDate": "2009-09-29"}, {"maxAge": 1, "name": "Harshit Finvest Pvt. Ltd.", "relation": "Institution- Corporation", "url": "", "transactionDescription": "Sale", "latestTransDate": "2020-03-02", "positionDirect": 1110978, "positionDirectDate": "2020-03-02"}, {"maxAge": 1, "name": "Jain (Arun Kumar)", "relation": "UNREPORTED", "url": "", "transactionDescription": "Acquisition", "latestTransDate": "2020-03-02", "positionDirect": 888466, "positionDirectDate": "2020-03-02"}], "maxAge": 1}, "earnings": {"maxAge": 86400, "earningsChart": {"quarterly": [], "earningsDate": []}, "financialsChart": {"yearly": [{"date": 2017, "revenue": 7000721000, "earnings": 71267000}, {"date": 2018, "revenue": 3460455000, "earnings": 9410000}, {"date": 2019, "revenue": 6946536000, "earnings": -4031000}, {"date": 2020, "revenue": 7601318000, "earnings": 97984000}], "quarterly": [{"date": "3Q2019", "revenue": 1754325000, "earnings": 45562000}, {"date": "4Q2019", "revenue": 1959521000, "earnings": 22086000}, {"date": "1Q2020", "revenue": 2011922000, "earnings": 16928000}, {"date": "2Q2020", "revenue": 1903041000, "earnings": 6843000}]}, "financialCurrency": "INR"}, "calendarEvents": {"maxAge": 1, "earnings": {"earningsDate": []}}, "upgradeDowngradeHistory": {"history": [], "maxAge": 86400}, "price": {"maxAge": 1, "regularMarketChangePercent": -0.0032299743, "regularMarketChange": -0.25, "regularMarketTime": "2021-04-30 15:42:09", "priceHint": 2, "regularMarketPrice": 77.15, "regularMarketDayHigh": 77.95, "regularMarketDayLow": 75.05, "regularMarketVolume": 6488, "averageDailyVolume10Day": 17718, "averageDailyVolume3Month": 26640, "regularMarketPreviousClose": 77.4, "regularMarketSource": "FREE_REALTIME", "regularMarketOpen": 75.85, "exchange": "BSE", "exchangeName": "BSE", "exchangeDataDelayedBy": 0, "marketState": "CLOSED", "quoteType": "EQUITY", "symbol": "AJANTSOY.BO", "underlyingSymbol": null, "shortName": "AJANTA SOYA LTD.", "longName": "Ajanta Soya Limited", "currency": "INR", "quoteSourceName": "Delayed Quote", "currencySymbol": "\u20b9", "fromCurrency": null, "lastMarket": null, "marketCap": 1241852672}, "balanceSheetHistory": {"balanceSheetStatements": [{"maxAge": 1, "endDate": "2020-03-31", "cash": 28074000, "netReceivables": 170996000, "inventory": 400278000, "otherCurrentAssets": 173524000, "totalCurrentAssets": 775915000, "longTermInvestments": 47033000, "propertyPlantEquipment": 315982000, "intangibleAssets": 163000, "otherAssets": 33469000, "totalAssets": 1172562000, "accountsPayable": 79974000, "otherCurrentLiab": 452040000, "otherLiab": 54445000, "totalCurrentLiabilities": 577166000, "totalLiab": 631611000, "commonStock": 160966000, "retainedEarnings": 321413000, "treasuryStock": 18372000, "capitalSurplus": 40200000, "otherStockholderEquity": 18372000, "totalStockholderEquity": 540951000, "netTangibleAssets": 540788000}, {"maxAge": 1, "endDate": "2019-03-31", "cash": 74204000, "shortTermInvestments": 2000000, "netReceivables": 366429000, "inventory": 529150000, "otherCurrentAssets": 177269000, "totalCurrentAssets": 1150768000, "longTermInvestments": 45217000, "propertyPlantEquipment": 319651000, "intangibleAssets": 163000, "otherAssets": 33951000, "totalAssets": 1549750000, "accountsPayable": 175166000, "shortLongTermDebt": 66226000, "otherCurrentLiab": 627630000, "otherLiab": 49561000, "totalCurrentLiabilities": 1056597000, "totalLiab": 1106158000, "commonStock": 160966000, "retainedEarnings": 223428000, "treasuryStock": 18998000, "capitalSurplus": 40200000, "otherStockholderEquity": 18998000, "totalStockholderEquity": 443592000, "netTangibleAssets": 443429000}, {"maxAge": 1, "endDate": "2018-03-31", "cash": 1944000, "netReceivables": 198290000, "inventory": 419733000, "otherCurrentAssets": 143870000, "totalCurrentAssets": 769774000, "longTermInvestments": 46408000, "propertyPlantEquipment": 323785000, "intangibleAssets": 103000, "otherAssets": 27370000, "totalAssets": 1167440000, "accountsPayable": 89042000, "shortLongTermDebt": 39952000, "otherCurrentLiab": 289792000, "longTermDebt": 57731000, "otherLiab": 34216000, "totalCurrentLiabilities": 629091000, "totalLiab": 721038000, "commonStock": 160966000, "retainedEarnings": 227459000, "treasuryStock": 17777000, "capitalSurplus": 40200000, "otherStockholderEquity": 17777000, "totalStockholderEquity": 446402000, "netTangibleAssets": 446299000}, {"maxAge": 1, "endDate": "2017-03-31", "cash": 20193000, "netReceivables": 218085000, "inventory": 316283000, "otherCurrentAssets": 209792000, "totalCurrentAssets": 953949000, "longTermInvestments": 48811000, "propertyPlantEquipment": 96196000, "intangibleAssets": 133000, "otherAssets": 23773000, "totalAssets": 1122862000, "accountsPayable": 53018000, "otherCurrentLiab": 613940000, "otherLiab": 14794000, "totalCurrentLiabilities": 700994000, "totalLiab": 715788000, "commonStock": 154966000, "retainedEarnings": 218049000, "treasuryStock": 19659000, "capitalSurplus": 14400000, "otherStockholderEquity": 19659000, "totalStockholderEquity": 407074000, "netTangibleAssets": 406941000}], "maxAge": 86400}, "earningsTrend": {"trend": [{"maxAge": 1, "period": "0q", "endDate": null, "growth": {}, "earningsEstimate": {"avg": 0.0, "low": 0.0, "high": 0.0, "yearAgoEps": {}, "numberOfAnalysts": 0, "growth": {}}, "revenueEstimate": {"avg": 0, "low": 0, "high": 0, "numberOfAnalysts": 0, "yearAgoRevenue": {}, "growth": {}}, "epsTrend": {"current": 0.0, "7daysAgo": 0.0, "30daysAgo": 0.0, "60daysAgo": 0.0, "90daysAgo": 0.0}, "epsRevisions": {"upLast7days": 0, "upLast30days": 0, "downLast30days": 0, "downLast90days": {}}}, {"maxAge": 1, "period": "+1q", "endDate": null, "growth": {}, "earningsEstimate": {"avg": 0.0, "low": 0.0, "high": 0.0, "yearAgoEps": {}, "numberOfAnalysts": 0, "growth": {}}, "revenueEstimate": {"avg": 0, "low": 0, "high": 0, "numberOfAnalysts": 0, "yearAgoRevenue": {}, "growth": {}}, "epsTrend": {"current": 0.0, "7daysAgo": 0.0, "30daysAgo": 0.0, "60daysAgo": 0.0, "90daysAgo": 0.0}, "epsRevisions": {"upLast7days": 0, "upLast30days": 0, "downLast30days": 0, "downLast90days": {}}}, {"maxAge": 1, "period": "0y", "endDate": null, "growth": {}, "earningsEstimate": {"avg": 0.0, "low": 0.0, "high": 0.0, "yearAgoEps": {}, "numberOfAnalysts": 0, "growth": {}}, "revenueEstimate": {"avg": 0, "low": 0, "high": 0, "numberOfAnalysts": 0, "yearAgoRevenue": {}, "growth": {}}, "epsTrend": {"current": 0.0, "7daysAgo": 0.0, "30daysAgo": 0.0, "60daysAgo": 0.0, "90daysAgo": 0.0}, "epsRevisions": {"upLast7days": 0, "upLast30days": 0, "downLast30days": 0, "downLast90days": {}}}, {"maxAge": 1, "period": "+1y", "endDate": null, "growth": {}, "earningsEstimate": {"avg": 0.0, "low": 0.0, "high": 0.0, "yearAgoEps": {}, "numberOfAnalysts": 0, "growth": {}}, "revenueEstimate": {"avg": 0, "low": 0, "high": 0, "numberOfAnalysts": 0, "yearAgoRevenue": {}, "growth": {}}, "epsTrend": {"current": 0.0, "7daysAgo": 0.0, "30daysAgo": 0.0, "60daysAgo": 0.0, "90daysAgo": 0.0}, "epsRevisions": {"upLast7days": 0, "upLast30days": 0, "downLast30days": 0, "downLast90days": {}}}, {"maxAge": 1, "period": "+5y", "endDate": null, "growth": {}, "earningsEstimate": {"avg": {}, "low": {}, "high": {}, "yearAgoEps": {}, "numberOfAnalysts": {}, "growth": {}}, "revenueEstimate": {"avg": {}, "low": {}, "high": {}, "numberOfAnalysts": {}, "yearAgoRevenue": {}, "growth": {}}, "epsTrend": {"current": {}, "7daysAgo": {}, "30daysAgo": {}, "60daysAgo": {}, "90daysAgo": {}}, "epsRevisions": {"upLast7days": {}, "upLast30days": {}, "downLast30days": {}, "downLast90days": {}}}, {"maxAge": 1, "period": "-5y", "endDate": null, "growth": {}, "earningsEstimate": {"avg": {}, "low": {}, "high": {}, "yearAgoEps": {}, "numberOfAnalysts": {}, "growth": {}}, "revenueEstimate": {"avg": {}, "low": {}, "high": {}, "numberOfAnalysts": {}, "yearAgoRevenue": {}, "growth": {}}, "epsTrend": {"current": {}, "7daysAgo": {}, "30daysAgo": {}, "60daysAgo": {}, "90daysAgo": {}}, "epsRevisions": {"upLast7days": {}, "upLast30days": {}, "downLast30days": {}, "downLast90days": {}}}], "maxAge": 1}, "financialData": {"maxAge": 86400, "currentPrice": 77.15, "recommendationKey": "none", "grossProfits": 505862000, "financialCurrency": "INR"}}}