{"AJEL.BO": {"cashflowStatementHistory": {"cashflowStatements": [{"maxAge": 1, "endDate": "2020-03-31", "netIncome": -4555236, "changeToLiabilities": 0}, {"maxAge": 1, "endDate": "2019-03-31", "netIncome": 9507185, "depreciation": 9027000, "changeToNetincome": -23026185, "changeToAccountReceivables": -6142000, "changeToLiabilities": -4391000, "totalCashFromOperatingActivities": -15025000, "capitalExpenditures": -1745000, "investments": -2196000, "otherCashflowsFromInvestingActivities": 26562000, "totalCashflowsFromInvestingActivities": 22621000, "netBorrowings": -3621000, "otherCashflowsFromFinancingActivities": -6149000, "totalCashFromFinancingActivities": -9770000, "changeInCash": -2174000}, {"maxAge": 1, "endDate": "2018-03-31", "netIncome": -9515370, "depreciation": 8276000, "changeToNetincome": 37370, "changeToAccountReceivables": -223000, "changeToLiabilities": 8574000, "totalCashFromOperatingActivities": 7149000, "capitalExpenditures": -173000, "investments": -2196000, "otherCashflowsFromInvestingActivities": 26562000, "totalCashflowsFromInvestingActivities": -173000, "netBorrowings": -6080000, "otherCashflowsFromFinancingActivities": -6149000, "totalCashFromFinancingActivities": -6080000, "changeInCash": 896000}, {"maxAge": 1, "endDate": "2017-03-31", "netIncome": -7866180, "depreciation": 9284491, "changeToNetincome": 37370, "changeToAccountReceivables": 1548430, "changeToLiabilities": 375569, "changeToOperatingActivities": -5040284, "totalCashFromOperatingActivities": -1697974, "capitalExpenditures": -173000, "investments": -2196000, "otherCashflowsFromInvestingActivities": 26562000, "totalCashflowsFromInvestingActivities": 789310, "netBorrowings": 1388533, "otherCashflowsFromFinancingActivities": -4672838, "totalCashFromFinancingActivities": -3284305, "changeInCash": -4192969}], "maxAge": 86400}, "institutionOwnership": {"maxAge": 1, "ownershipList": []}, "balanceSheetHistoryQuarterly": {"balanceSheetStatements": [{"maxAge": 1, "endDate": "2020-06-30", "totalStockholderEquity": 133995241, "netTangibleAssets": 113325291}, {"maxAge": 1, "endDate": "2020-03-31", "cash": 5900832, "netReceivables": 51486620, "otherCurrentAssets": 15107566, "totalCurrentAssets": 72495018, "longTermInvestments": 4659219, "propertyPlantEquipment": 9824998, "goodWill": 20669950, "otherAssets": 117732859, "totalAssets": 225382044, "accountsPayable": 1752798, "otherCurrentLiab": 11110968, "longTermDebt": 47967466, "otherLiab": 28631394, "totalCurrentLiabilities": 14787943, "totalLiab": 91386803, "commonStock": 116500000, "treasuryStock": 17495241, "otherStockholderEquity": 17495241, "totalStockholderEquity": 133995241, "netTangibleAssets": 113325291}, {"maxAge": 1, "endDate": "2019-12-31", "totalStockholderEquity": 133299164, "netTangibleAssets": 112629214}, {"maxAge": 1, "endDate": "2019-09-30", "cash": 3881471, "netReceivables": 43131426, "otherCurrentAssets": 14487815, "totalCurrentAssets": 61500712, "longTermInvestments": 5358049, "propertyPlantEquipment": 10890438, "goodWill": 20669950, "otherAssets": 123576292, "totalAssets": 221995441, "accountsPayable": 2543815, "otherCurrentLiab": 9218852, "longTermDebt": 45801009, "otherLiab": 28957634, "totalCurrentLiabilities": 13937634, "totalLiab": 88696277, "commonStock": 116500000, "treasuryStock": 16799164, "otherStockholderEquity": 16799164, "totalStockholderEquity": 133299164, "netTangibleAssets": 112629214}], "maxAge": 86400}, "indexTrend": {"maxAge": 1, "symbol": "SP5", "peRatio": 19.7411, "pegRatio": 1.34172, "estimates": [{"period": "0q", "growth": 0.549}, {"period": "+1q", "growth": 0.431}, {"period": "0y", "growth": 0.305}, {"period": "+1y", "growth": 0.109}, {"period": "+5y", "growth": 0.120859005}, {"period": "-5y"}]}, "insiderTransactions": {"transactions": [{"maxAge": 1, "shares": 289050, "filerUrl": "", "transactionText": "", "filerName": "Arikatla (Srinivasa Reddy)", "filerRelation": "Chairman of the Board", "moneyText": "", "startDate": "2019-01-23", "ownership": "D"}], "maxAge": 1}, "quoteType": {"exchange": "BSE", "quoteType": "EQUITY", "symbol": "AJEL.BO", "underlyingSymbol": "AJEL.BO", "shortName": "AJEL LTD.", "longName": "Ajel Limited", "firstTradeDateEpochUtc": "2002-02-27 09:15:00", "timeZoneFullName": "Asia/Kolkata", "timeZoneShortName": "IST", "uuid": "342fceb5-3bbc-31bc-ad37-a9488ca901e1", "messageBoardId": null, "gmtOffSetMilliseconds": 19800000, "maxAge": 1}, "incomeStatementHistory": {"incomeStatementHistory": [{"maxAge": 1, "endDate": "2020-03-31", "totalRevenue": 42536182, "costOfRevenue": 41481456, "grossProfit": 1054726, "researchDevelopment": {}, "sellingGeneralAdministrative": {}, "nonRecurring": {}, "otherOperatingExpenses": 4366230, "totalOperatingExpenses": 46909472, "operatingIncome": -4373290, "totalOtherIncomeExpenseNet": -320011, "ebit": -4373290, "interestExpense": -300746, "incomeBeforeTax": -4693301, "incomeTaxExpense": -138065, "minorityInterest": {}, "netIncomeFromContinuingOps": -4555236, "discontinuedOperations": {}, "extraordinaryItems": {}, "effectOfAccountingCharges": {}, "otherItems": {}, "netIncome": -4555236, "netIncomeApplicableToCommonShares": -4555236}, {"maxAge": 1, "endDate": "2019-03-31", "totalRevenue": 54615422, "costOfRevenue": 48935551, "grossProfit": 5679871, "researchDevelopment": {}, "sellingGeneralAdministrative": 1544780, "nonRecurring": {}, "otherOperatingExpenses": 9663444, "totalOperatingExpenses": 69171111, "operatingIncome": -14555689, "totalOtherIncomeExpenseNet": 28177060, "ebit": -14555689, "interestExpense": -319953, "incomeBeforeTax": 13621371, "incomeTaxExpense": 4114186, "minorityInterest": {}, "netIncomeFromContinuingOps": 9507185, "discontinuedOperations": {}, "extraordinaryItems": {}, "effectOfAccountingCharges": {}, "otherItems": {}, "netIncome": 9507185, "netIncomeApplicableToCommonShares": 9507185}, {"maxAge": 1, "endDate": "2018-03-31", "totalRevenue": 67085244, "costOfRevenue": 63048623, "grossProfit": 4036621, "researchDevelopment": {}, "sellingGeneralAdministrative": 1121754, "nonRecurring": {}, "otherOperatingExpenses": 3711782, "totalOperatingExpenses": 76158425, "operatingIncome": -9073181, "totalOtherIncomeExpenseNet": -405673, "ebit": -9073181, "interestExpense": -405711, "incomeBeforeTax": -9478854, "incomeTaxExpense": 36516, "minorityInterest": {}, "netIncomeFromContinuingOps": -9515370, "discontinuedOperations": {}, "extraordinaryItems": {}, "effectOfAccountingCharges": {}, "otherItems": {}, "netIncome": -9515370, "netIncomeApplicableToCommonShares": -9515370}, {"maxAge": 1, "endDate": "2017-03-31", "totalRevenue": 151172291, "costOfRevenue": 139612195, "grossProfit": 11560096, "researchDevelopment": {}, "sellingGeneralAdministrative": 1337197, "nonRecurring": {}, "otherOperatingExpenses": 8381392, "totalOperatingExpenses": 158615275, "operatingIncome": -7442984, "totalOtherIncomeExpenseNet": -423196, "ebit": -7442984, "interestExpense": -423196, "incomeBeforeTax": -7866180, "incomeTaxExpense": 0, "minorityInterest": {}, "netIncomeFromContinuingOps": -7866180, "discontinuedOperations": {}, "extraordinaryItems": {}, "effectOfAccountingCharges": {}, "otherItems": {}, "netIncome": -7866180, "netIncomeApplicableToCommonShares": -7866180}], "maxAge": 86400}, "fundOwnership": {"maxAge": 1, "ownershipList": []}, "summaryDetail": {"maxAge": 1, "priceHint": 4, "previousClose": 2.38, "open": 2.38, "dayLow": 2.3, "dayHigh": 2.49, "regularMarketPreviousClose": 2.38, "regularMarketOpen": 2.38, "regularMarketDayLow": 2.3, "regularMarketDayHigh": 2.49, "volume": 1100, "regularMarketVolume": 1100, "averageVolume": 2219, "averageVolume10days": 4385, "averageDailyVolume10Day": 4385, "bid": 2.32, "ask": 0.0, "bidSize": 0, "askSize": 0, "marketCap": 26911500, "fiftyTwoWeekLow": 1.68, "fiftyTwoWeekHigh": 6.29, "fiftyDayAverage": 4.4722857, "twoHundredDayAverage": 2.8036957, "currency": "INR", "fromCurrency": null, "toCurrency": null, "lastMarket": null, "algorithm": null, "tradeable": false}, "incomeStatementHistoryQuarterly": {"incomeStatementHistory": [{"maxAge": 1, "endDate": "2020-06-30", "totalRevenue": 8437000, "costOfRevenue": 8639000, "grossProfit": -202000, "researchDevelopment": {}, "sellingGeneralAdministrative": {}, "nonRecurring": {}, "otherOperatingExpenses": 1002000, "totalOperatingExpenses": 9641000, "operatingIncome": -1204000, "totalOtherIncomeExpenseNet": -47000, "ebit": -1204000, "interestExpense": -46000, "incomeBeforeTax": -1251000, "incomeTaxExpense": 0, "minorityInterest": {}, "netIncomeFromContinuingOps": -1251000, "discontinuedOperations": {}, "extraordinaryItems": {}, "effectOfAccountingCharges": {}, "otherItems": {}, "netIncome": -1251000, "netIncomeApplicableToCommonShares": -1251000}, {"maxAge": 1, "endDate": "2020-03-31", "totalRevenue": 9010000, "costOfRevenue": 11211000, "grossProfit": -2201000, "researchDevelopment": {}, "sellingGeneralAdministrative": {}, "nonRecurring": {}, "otherOperatingExpenses": 1166000, "totalOperatingExpenses": 13439000, "operatingIncome": -4429000, "totalOtherIncomeExpenseNet": -97000, "ebit": -4429000, "interestExpense": -78000, "incomeBeforeTax": -4526000, "incomeTaxExpense": -138000, "minorityInterest": {}, "netIncomeFromContinuingOps": -4388000, "discontinuedOperations": {}, "extraordinaryItems": {}, "effectOfAccountingCharges": {}, "otherItems": {}, "netIncome": -4388000, "netIncomeApplicableToCommonShares": -4388000}, {"maxAge": 1, "endDate": "2019-12-31", "totalRevenue": 9948000, "costOfRevenue": 9165000, "grossProfit": 783000, "researchDevelopment": {}, "sellingGeneralAdministrative": {}, "nonRecurring": {}, "otherOperatingExpenses": 1166000, "totalOperatingExpenses": 10331000, "operatingIncome": -383000, "totalOtherIncomeExpenseNet": -78000, "ebit": -383000, "interestExpense": -78000, "incomeBeforeTax": -461000, "incomeTaxExpense": 0, "minorityInterest": {}, "netIncomeFromContinuingOps": -461000, "discontinuedOperations": {}, "extraordinaryItems": {}, "effectOfAccountingCharges": {}, "otherItems": {}, "netIncome": -461000, "netIncomeApplicableToCommonShares": -461000}, {"maxAge": 1, "endDate": "2019-09-30", "totalRevenue": 11920000, "costOfRevenue": 10142000, "grossProfit": 1778000, "researchDevelopment": {}, "sellingGeneralAdministrative": {}, "nonRecurring": {}, "otherOperatingExpenses": 804000, "totalOperatingExpenses": 10946000, "operatingIncome": 974000, "totalOtherIncomeExpenseNet": -76000, "ebit": 974000, "interestExpense": -76000, "incomeBeforeTax": 898000, "incomeTaxExpense": 0, "minorityInterest": {}, "netIncomeFromContinuingOps": 898000, "discontinuedOperations": {}, "extraordinaryItems": {}, "effectOfAccountingCharges": {}, "otherItems": {}, "netIncome": 898000, "netIncomeApplicableToCommonShares": 898000}], "maxAge": 86400}, "cashflowStatementHistoryQuarterly": {"cashflowStatements": [{"maxAge": 1, "endDate": "2020-06-30", "netIncome": -1251000, "changeToLiabilities": 0}, {"maxAge": 1, "endDate": "2020-03-31", "netIncome": -4388000, "changeToLiabilities": 0}, {"maxAge": 1, "endDate": "2019-12-31", "netIncome": -461000, "changeToLiabilities": 0}, {"maxAge": 1, "endDate": "2019-09-30", "netIncome": 898000, "changeToLiabilities": 0}], "maxAge": 86400}, "insiderHolders": {"holders": [{"maxAge": 1, "name": "Arikatla (Srinivasa Reddy)", "relation": "Chairman of the Board", "url": "", "transactionDescription": "Purchase", "latestTransDate": "2019-01-23", "positionDirect": 4182158, "positionDirectDate": "2019-01-23"}], "maxAge": 1}, "calendarEvents": {"maxAge": 1, "earnings": {"earningsDate": []}}, "price": {"maxAge": 1, "regularMarketChangePercent": -0.029411836, "regularMarketChange": -0.07000017, "regularMarketTime": "2021-04-30 14:23:49", "priceHint": 4, "regularMarketPrice": 2.31, "regularMarketDayHigh": 2.49, "regularMarketDayLow": 2.3, "regularMarketVolume": 1100, "averageDailyVolume10Day": 4385, "averageDailyVolume3Month": 2219, "regularMarketPreviousClose": 2.38, "regularMarketSource": "FREE_REALTIME", "regularMarketOpen": 2.38, "exchange": "BSE", "exchangeName": "BSE", "exchangeDataDelayedBy": 0, "marketState": "CLOSED", "quoteType": "EQUITY", "symbol": "AJEL.BO", "underlyingSymbol": null, "shortName": "AJEL LTD.", "longName": "Ajel Limited", "currency": "INR", "quoteSourceName": "Delayed Quote", "currencySymbol": "\u20b9", "fromCurrency": null, "toCurrency": null, "lastMarket": null, "marketCap": 26911500}, "balanceSheetHistory": {"balanceSheetStatements": [{"maxAge": 1, "endDate": "2020-03-31", "cash": 5900832, "netReceivables": 51486620, "otherCurrentAssets": 15107566, "totalCurrentAssets": 72495018, "longTermInvestments": 4659219, "propertyPlantEquipment": 9824998, "goodWill": 20669950, "otherAssets": 117732859, "totalAssets": 225382044, "accountsPayable": 1752798, "otherCurrentLiab": 11110968, "longTermDebt": 47967466, "otherLiab": 28631394, "totalCurrentLiabilities": 14787943, "totalLiab": 91386803, "commonStock": 116500000, "treasuryStock": 17495241, "otherStockholderEquity": 17495241, "totalStockholderEquity": 133995241, "netTangibleAssets": 113325291}, {"maxAge": 1, "endDate": "2019-03-31", "cash": 3090260, "netReceivables": 40725446, "otherCurrentAssets": 13860464, "totalCurrentAssets": 57676170, "longTermInvestments": 5719754, "propertyPlantEquipment": 10886576, "goodWill": 20669950, "intangibleAssets": 208, "otherAssets": 122756541, "totalAssets": 217709199, "accountsPayable": 1566730, "otherCurrentLiab": 9037773, "longTermDebt": 46782419, "otherLiab": 28482433, "totalCurrentLiabilities": 10779853, "totalLiab": 86044705, "commonStock": 116500000, "treasuryStock": 15164494, "otherStockholderEquity": 15164494, "totalStockholderEquity": 131664494, "netTangibleAssets": 110994336}, {"maxAge": 1, "endDate": "2018-03-31", "cash": 5264622, "netReceivables": 13653537, "otherCurrentAssets": 13056530, "totalCurrentAssets": 31974689, "longTermInvestments": 71500000, "propertyPlantEquipment": 10909938, "intangibleAssets": 8218529, "otherAssets": 138341434, "totalAssets": 260944590, "accountsPayable": 1160062, "shortLongTermDebt": 13413819, "otherCurrentLiab": 4534250, "longTermDebt": 44142580, "otherLiab": 37616177, "totalCurrentLiabilities": 12130720, "totalLiab": 93889477, "commonStock": 116500000, "treasuryStock": 50555113, "otherStockholderEquity": 50555113, "totalStockholderEquity": 167055113, "netTangibleAssets": 158836584}, {"maxAge": 1, "endDate": "2017-03-31", "cash": 4368837, "shortTermInvestments": 1292862, "netReceivables": 23448451, "otherCurrentAssets": 84900, "totalCurrentAssets": 29195050, "longTermInvestments": 71500000, "propertyPlantEquipment": 10837231, "goodWill": 68150585, "intangibleAssets": 16194519, "otherAssets": 139778279, "deferredLongTermAssetCharges": 402146, "totalAssets": 267505079, "otherCurrentLiab": 10666093, "longTermDebt": 1036687, "otherLiab": 15351858, "totalCurrentLiabilities": 74546013, "totalLiab": 90934558, "commonStock": 116500000, "retainedEarnings": 57070521, "capitalSurplus": 3000000, "totalStockholderEquity": 176570521, "netTangibleAssets": 160376002}], "maxAge": 86400}, "financialData": {"maxAge": 86400, "currentPrice": 2.31, "recommendationKey": "none", "grossProfits": 1054726, "financialCurrency": "INR"}}}