{"AJMERA.BO": {"recommendationTrend": {"trend": [{"period": "0m", "strongBuy": 0, "buy": 0, "hold": 0, "sell": 0, "strongSell": 0}, {"period": "-1m", "strongBuy": 0, "buy": 0, "hold": 0, "sell": 0, "strongSell": 0}, {"period": "-2m", "strongBuy": 0, "buy": 0, "hold": 0, "sell": 0, "strongSell": 0}, {"period": "-3m", "strongBuy": 0, "buy": 0, "hold": 0, "sell": 0, "strongSell": 0}], "maxAge": 86400}, "cashflowStatementHistory": {"cashflowStatements": [{"maxAge": 1, "endDate": "2020-03-31", "netIncome": 327018000, "depreciation": 21364000, "changeToNetincome": 661143000, "changeToAccountReceivables": -174058000, "changeToLiabilities": -142108000, "changeToInventory": -304992000, "changeToOperatingActivities": -567190000, "totalCashFromOperatingActivities": -178496000, "capitalExpenditures": -69419000, "investments": 181569000, "otherCashflowsFromInvestingActivities": 1446000, "totalCashflowsFromInvestingActivities": 113596000, "dividendsPaid": -49679000, "netBorrowings": 700452000, "otherCashflowsFromFinancingActivities": -658506000, "totalCashFromFinancingActivities": -7733000, "changeInCash": -72633000}, {"maxAge": 1, "endDate": "2019-03-31", "netIncome": 752298000, "depreciation": 23470000, "changeToNetincome": 400400000, "changeToAccountReceivables": -146761000, "changeToLiabilities": -34232000, "changeToInventory": -2096225000, "changeToOperatingActivities": -2354126000, "totalCashFromOperatingActivities": -3454573000, "capitalExpenditures": -45723000, "investments": -122230000, "otherCashflowsFromInvestingActivities": 117883000, "totalCashflowsFromInvestingActivities": -50070000, "dividendsPaid": -227100000, "netBorrowings": 4379870000, "otherCashflowsFromFinancingActivities": -526729000, "totalCashFromFinancingActivities": 3626041000, "changeInCash": 121397000}, {"maxAge": 1, "endDate": "2018-03-31", "netIncome": 822811000, "depreciation": 26803000, "changeToNetincome": 374916000, "changeToAccountReceivables": -480862000, "changeToLiabilities": 274752000, "changeToInventory": -246852000, "changeToOperatingActivities": -1932460000, "totalCashFromOperatingActivities": -1160211000, "capitalExpenditures": -35559000, "investments": -108162000, "otherCashflowsFromInvestingActivities": 105046000, "totalCashflowsFromInvestingActivities": -38675000, "dividendsPaid": -217102000, "netBorrowings": 1797316000, "otherCashflowsFromFinancingActivities": -492845000, "totalCashFromFinancingActivities": 1087369000, "changeInCash": -111517000}, {"maxAge": 1, "endDate": "2017-03-31", "netIncome": 651816000, "depreciation": 18630000, "changeToNetincome": 258984000, "changeToAccountReceivables": -835247000, "changeToLiabilities": 154191000, "changeToInventory": -419611000, "changeToOperatingActivities": 764504000, "totalCashFromOperatingActivities": 594191000, "capitalExpenditures": -43448000, "investments": 75633000, "otherCashflowsFromInvestingActivities": 111653000, "totalCashflowsFromInvestingActivities": 143838000, "dividendsPaid": -106455000, "netBorrowings": -217949000, "otherCashflowsFromFinancingActivities": -368187000, "totalCashFromFinancingActivities": -692591000, "changeInCash": 45437000}], "maxAge": 86400}, "institutionOwnership": {"maxAge": 1, "ownershipList": []}, "balanceSheetHistoryQuarterly": {"balanceSheetStatements": [{"maxAge": 1, "endDate": "2020-06-30", "totalStockholderEquity": 6437100000, "netTangibleAssets": 6020100000}, {"maxAge": 1, "endDate": "2020-03-31", "cash": 84120000, "shortTermInvestments": 340078000, "netReceivables": 2533531000, "inventory": 9995442000, "otherCurrentAssets": 1369230000, "totalCurrentAssets": 14330432000, "longTermInvestments": 344855000, "propertyPlantEquipment": 339480000, "goodWill": 415977000, "intangibleAssets": 1014000, "otherAssets": 4284074000, "totalAssets": 19715832000, "accountsPayable": 338749000, "shortLongTermDebt": 1026757000, "otherCurrentLiab": 1078756000, "longTermDebt": 8655297000, "otherLiab": 1006184000, "minorityInterest": 1047171000, "totalCurrentLiabilities": 2619712000, "totalLiab": 12281193000, "commonStock": 354849000, "retainedEarnings": 5672935000, "treasuryStock": 134227000, "capitalSurplus": 225457000, "otherStockholderEquity": 134227000, "totalStockholderEquity": 6387468000, "netTangibleAssets": 5970477000}, {"maxAge": 1, "endDate": "2019-12-31", "totalStockholderEquity": 6333400000, "netTangibleAssets": 5916200000}, {"maxAge": 1, "endDate": "2019-09-30", "cash": 257500000, "shortTermInvestments": 88700000, "netReceivables": 2782300000, "inventory": 9501300000, "otherCurrentAssets": 714600000, "totalCurrentAssets": 13344400000, "longTermInvestments": 343900000, "propertyPlantEquipment": 284600000, "goodWill": 416000000, "intangibleAssets": 1200000, "otherAssets": 4226100000, "totalAssets": 18616200000, "accountsPayable": 151000000, "shortLongTermDebt": 2038700000, "otherCurrentLiab": 1091300000, "longTermDebt": 7296400000, "otherLiab": 733700000, "minorityInterest": 957600000, "totalCurrentLiabilities": 3295100000, "totalLiab": 11325200000, "commonStock": 354800000, "treasuryStock": 5978600000, "otherStockholderEquity": 5978600000, "totalStockholderEquity": 6333400000, "netTangibleAssets": 5916200000}], "maxAge": 86400}, "earningsHistory": {"history": [{"maxAge": 1, "epsActual": {}, "epsEstimate": {}, "epsDifference": {}, "surprisePercent": {}, "quarter": {}, "period": "-4q"}, {"maxAge": 1, "epsActual": {}, "epsEstimate": {}, "epsDifference": {}, "surprisePercent": {}, "quarter": {}, "period": "-3q"}, {"maxAge": 1, "epsActual": 4.09, "epsEstimate": 4.69, "epsDifference": -0.6, "surprisePercent": -0.128, "quarter": "2017-09-30", "period": "-2q"}, {"maxAge": 1, "epsActual": 5.92, "epsEstimate": 5.77, "epsDifference": 0.15, "surprisePercent": 0.025999999, "quarter": "2017-12-31", "period": "-1q"}], "maxAge": 86400}, "indexTrend": {"maxAge": 1, "symbol": "SP5", "peRatio": 19.7411, "pegRatio": 1.34172, "estimates": [{"period": "0q", "growth": 0.549}, {"period": "+1q", "growth": 0.431}, {"period": "0y", "growth": 0.305}, {"period": "+1y", "growth": 0.109}, {"period": "+5y", "growth": 0.120865}, {"period": "-5y"}]}, "industryTrend": {"maxAge": 1, "symbol": null, "estimates": []}, "insiderTransactions": {"transactions": [{"maxAge": 1, "shares": 600206, "filerUrl": "", "transactionText": "", "filerName": "Ajmera (Nimish S)", "filerRelation": "UNREPORTED", "moneyText": "", "startDate": "2019-06-21", "ownership": "D"}, {"maxAge": 1, "shares": 590000, "filerUrl": "", "transactionText": "", "filerName": "Ajmera (Nimish S)", "filerRelation": "UNREPORTED", "moneyText": "", "startDate": "2019-06-19", "ownership": "D"}, {"maxAge": 1, "shares": 503410, "filerUrl": "", "transactionText": "", "filerName": "Ajmera (Twishal N)", "filerRelation": "UNREPORTED", "moneyText": "", "startDate": "2019-06-17", "ownership": "D"}, {"maxAge": 1, "shares": 17797, "filerUrl": "", "transactionText": "", "filerName": "Gandhi (Nupur)", "filerRelation": "UNREPORTED", "moneyText": "", "startDate": "2018-11-19", "ownership": "D"}], "maxAge": 1}, "quoteType": {"exchange": "BSE", "quoteType": "EQUITY", "symbol": "AJMERA.BO", "underlyingSymbol": "AJMERA.BO", "shortName": "AJMERA REALTY & INFRA INDIA LT", "longName": "Ajmera Realty & Infra India Limited", "firstTradeDateEpochUtc": "2002-07-01 09:15:00", "timeZoneFullName": "Asia/Kolkata", "timeZoneShortName": "IST", "uuid": "00c5e34b-940d-3dac-8392-2aee41ddab25", "messageBoardId": null, "gmtOffSetMilliseconds": 19800000, "maxAge": 1}, "incomeStatementHistory": {"incomeStatementHistory": [{"maxAge": 1, "endDate": "2020-03-31", "totalRevenue": 3443765000, "costOfRevenue": 1646838000, "grossProfit": 1796927000, "researchDevelopment": {}, "sellingGeneralAdministrative": 266990000, "nonRecurring": {}, "otherOperatingExpenses": 484391000, "totalOperatingExpenses": 2419910000, "operatingIncome": 1023855000, "totalOtherIncomeExpenseNet": -597222000, "ebit": 1023855000, "interestExpense": -658507000, "incomeBeforeTax": 426633000, "incomeTaxExpense": 97211000, "minorityInterest": 1047171000, "netIncomeFromContinuingOps": 329422000, "discontinuedOperations": {}, "extraordinaryItems": {}, "effectOfAccountingCharges": {}, "otherItems": {}, "netIncome": 327018000, "netIncomeApplicableToCommonShares": 327018000}, {"maxAge": 1, "endDate": "2019-03-31", "totalRevenue": 3815401000, "costOfRevenue": 1878982000, "grossProfit": 1936419000, "researchDevelopment": {}, "sellingGeneralAdministrative": 256828000, "nonRecurring": {}, "otherOperatingExpenses": 408065000, "totalOperatingExpenses": 2567948000, "operatingIncome": 1247453000, "totalOtherIncomeExpenseNet": -307940000, "ebit": 1247453000, "interestExpense": -502658000, "incomeBeforeTax": 939513000, "incomeTaxExpense": 176972000, "minorityInterest": 954180000, "netIncomeFromContinuingOps": 762541000, "discontinuedOperations": {}, "extraordinaryItems": {}, "effectOfAccountingCharges": {}, "otherItems": {}, "netIncome": 752298000, "netIncomeApplicableToCommonShares": 752298000}, {"maxAge": 1, "endDate": "2018-03-31", "totalRevenue": 3696169000, "costOfRevenue": 1803528000, "grossProfit": 1892641000, "researchDevelopment": {}, "sellingGeneralAdministrative": 284356000, "nonRecurring": {}, "otherOperatingExpenses": 224917000, "totalOperatingExpenses": 2340285000, "operatingIncome": 1355884000, "totalOtherIncomeExpenseNet": -291070000, "ebit": 1355884000, "interestExpense": -463189000, "incomeBeforeTax": 1064814000, "incomeTaxExpense": 220326000, "minorityInterest": 831756000, "netIncomeFromContinuingOps": 844488000, "discontinuedOperations": {}, "extraordinaryItems": {}, "effectOfAccountingCharges": {}, "otherItems": {}, "netIncome": 822811000, "netIncomeApplicableToCommonShares": 822811000}, {"maxAge": 1, "endDate": "2017-03-31", "totalRevenue": 2774915000, "costOfRevenue": 1297480000, "grossProfit": 1477435000, "researchDevelopment": {}, "sellingGeneralAdministrative": 185582000, "nonRecurring": {}, "otherOperatingExpenses": 221746000, "totalOperatingExpenses": 1724362000, "operatingIncome": 1050553000, "totalOtherIncomeExpenseNet": -218344000, "ebit": 1050553000, "interestExpense": -362801000, "incomeBeforeTax": 832209000, "incomeTaxExpense": 171240000, "minorityInterest": 720778000, "netIncomeFromContinuingOps": 660969000, "discontinuedOperations": {}, "extraordinaryItems": {}, "effectOfAccountingCharges": {}, "otherItems": {}, "netIncome": 651816000, "netIncomeApplicableToCommonShares": 651816000}], "maxAge": 86400}, "fundOwnership": {"maxAge": 1, "ownershipList": []}, "summaryDetail": {"maxAge": 1, "priceHint": 2, "previousClose": 112.65, "open": 111.5, "dayLow": 111.15, "dayHigh": 114.35, "regularMarketPreviousClose": 112.65, "regularMarketOpen": 111.5, "regularMarketDayLow": 111.15, "regularMarketDayHigh": 114.35, "trailingPE": 16.26436, "forwardPE": 3.910839, "volume": 1588, "regularMarketVolume": 1588, "averageVolume": 39669, "averageVolume10days": 8461, "averageDailyVolume10Day": 8461, "bid": 111.1, "ask": 111.85, "bidSize": 0, "askSize": 0, "marketCap": 3968986112, "fiftyTwoWeekLow": 53.0, "fiftyTwoWeekHigh": 151.4, "fiftyDayAverage": 132.52856, "twoHundredDayAverage": 106.47409, "trailingAnnualDividendRate": 3.3, "trailingAnnualDividendYield": 0.029294273, "currency": "INR", "fromCurrency": null, "toCurrency": null, "lastMarket": null, "algorithm": null, "tradeable": false}, "sectorTrend": {"maxAge": 1, "symbol": null, "estimates": []}, "incomeStatementHistoryQuarterly": {"incomeStatementHistory": [{"maxAge": 1, "endDate": "2020-06-30", "totalRevenue": 395700000, "costOfRevenue": 225500000, "grossProfit": 170200000, "researchDevelopment": {}, "sellingGeneralAdministrative": 42900000, "nonRecurring": {}, "otherOperatingExpenses": {}, "totalOperatingExpenses": 272600000, "operatingIncome": 123100000, "totalOtherIncomeExpenseNet": -95500000, "ebit": 123100000, "interestExpense": -101400000, "incomeBeforeTax": 27600000, "incomeTaxExpense": 6600000, "minorityInterest": {}, "netIncomeFromContinuingOps": 21000000, "discontinuedOperations": {}, "extraordinaryItems": {}, "effectOfAccountingCharges": {}, "otherItems": {}, "netIncome": 21000000, "netIncomeApplicableToCommonShares": 21000000}, {"maxAge": 1, "endDate": "2020-03-31", "totalRevenue": 942665000, "costOfRevenue": 208038000, "grossProfit": 734627000, "researchDevelopment": {}, "sellingGeneralAdministrative": 71390000, "nonRecurring": {}, "otherOperatingExpenses": 484391000, "totalOperatingExpenses": 770910000, "operatingIncome": 171755000, "totalOtherIncomeExpenseNet": -100322000, "ebit": 171755000, "interestExpense": -141607000, "incomeBeforeTax": 71433000, "incomeTaxExpense": 28211000, "minorityInterest": 1047171000, "netIncomeFromContinuingOps": 43222000, "discontinuedOperations": {}, "extraordinaryItems": {}, "effectOfAccountingCharges": {}, "otherItems": {}, "netIncome": 40818000, "netIncomeApplicableToCommonShares": 40818000}, {"maxAge": 1, "endDate": "2019-12-31", "totalRevenue": 489000000, "costOfRevenue": 271600000, "grossProfit": 217400000, "researchDevelopment": {}, "sellingGeneralAdministrative": 49900000, "nonRecurring": {}, "otherOperatingExpenses": 484391000, "totalOperatingExpenses": 326300000, "operatingIncome": 162700000, "totalOtherIncomeExpenseNet": -82900000, "ebit": 162700000, "interestExpense": -91500000, "incomeBeforeTax": 79800000, "incomeTaxExpense": 15400000, "minorityInterest": 1047171000, "netIncomeFromContinuingOps": 64400000, "discontinuedOperations": {}, "extraordinaryItems": {}, "effectOfAccountingCharges": {}, "otherItems": {}, "netIncome": 64400000, "netIncomeApplicableToCommonShares": 64400000}, {"maxAge": 1, "endDate": "2019-09-30", "totalRevenue": 1063500000, "costOfRevenue": 618400000, "grossProfit": 445100000, "researchDevelopment": {}, "sellingGeneralAdministrative": 73700000, "nonRecurring": {}, "otherOperatingExpenses": 484391000, "totalOperatingExpenses": 697000000, "operatingIncome": 366500000, "totalOtherIncomeExpenseNet": -229100000, "ebit": 366500000, "interestExpense": -231700000, "incomeBeforeTax": 137400000, "incomeTaxExpense": 18500000, "minorityInterest": 957600000, "netIncomeFromContinuingOps": 118900000, "discontinuedOperations": {}, "extraordinaryItems": {}, "effectOfAccountingCharges": {}, "otherItems": {}, "netIncome": 118900000, "netIncomeApplicableToCommonShares": 118900000}], "maxAge": 86400}, "cashflowStatementHistoryQuarterly": {"cashflowStatements": [{"maxAge": 1, "endDate": "2020-06-30", "netIncome": 21000000, "changeToLiabilities": 0}, {"maxAge": 1, "endDate": "2020-03-31", "netIncome": 40818000, "changeToLiabilities": 0}, {"maxAge": 1, "endDate": "2019-12-31", "netIncome": 64400000, "changeToLiabilities": 0}, {"maxAge": 1, "endDate": "2019-09-30", "netIncome": 118900000, "changeToLiabilities": 0}], "maxAge": 86400}, "insiderHolders": {"holders": [{"maxAge": 1, "name": "Ajmera (Nimish S)", "relation": "UNREPORTED", "url": "", "transactionDescription": "Sale", "latestTransDate": "2019-06-21", "positionDirect": 0, "positionDirectDate": "2019-06-21"}, {"maxAge": 1, "name": "Ajmera (Twishal N)", "relation": "UNREPORTED", "url": "", "transactionDescription": "Acquisition", "latestTransDate": "2019-06-17", "positionDirect": 0, "positionDirectDate": "2019-06-17"}, {"maxAge": 1, "name": "Gandhi (Nupur)", "relation": "UNREPORTED", "url": "", "transactionDescription": "Sale", "latestTransDate": "2018-11-19", "positionDirect": 0, "positionDirectDate": "2018-11-19"}], "maxAge": 1}, "earnings": {"maxAge": 86400, "earningsChart": {"quarterly": [{"date": "3Q2017", "actual": 4.09, "estimate": 4.69}, {"date": "4Q2017", "actual": 5.92, "estimate": 5.77}], "currentQuarterEstimateDate": "1Q", "currentQuarterEstimateYear": 2018, "earningsDate": ["2020-07-27 05:30:S"]}, "financialsChart": {"yearly": [{"date": 2017, "revenue": 2774915000, "earnings": 651816000}, {"date": 2018, "revenue": 3696169000, "earnings": 822811000}, {"date": 2019, "revenue": 3815401000, "earnings": 752298000}, {"date": 2020, "revenue": 3443765000, "earnings": 327018000}], "quarterly": [{"date": "3Q2019", "revenue": 1063500000, "earnings": 118900000}, {"date": "4Q2019", "revenue": 489000000, "earnings": 64400000}, {"date": "1Q2020", "revenue": 942665000, "earnings": 40818000}, {"date": "2Q2020", "revenue": 395700000, "earnings": 21000000}]}, "financialCurrency": "INR"}, "calendarEvents": {"maxAge": 1, "earnings": {"earningsDate": ["2020-07-27 05:30:S"], "revenueAverage": 1244900000}}, "price": {"maxAge": 1, "regularMarketChangePercent": -0.0071016694, "regularMarketChange": -0.80000305, "regularMarketTime": "2021-04-30 15:28:14", "priceHint": 2, "regularMarketPrice": 111.85, "regularMarketDayHigh": 114.35, "regularMarketDayLow": 111.15, "regularMarketVolume": 1588, "averageDailyVolume10Day": 8461, "averageDailyVolume3Month": 39669, "regularMarketPreviousClose": 112.65, "regularMarketSource": "FREE_REALTIME", "regularMarketOpen": 111.5, "exchange": "BSE", "exchangeName": "BSE", "exchangeDataDelayedBy": 0, "marketState": "CLOSED", "quoteType": "EQUITY", "symbol": "AJMERA.BO", "underlyingSymbol": null, "shortName": "AJMERA REALTY & INFRA INDIA LT", "longName": "Ajmera Realty & Infra India Limited", "currency": "INR", "quoteSourceName": "Delayed Quote", "currencySymbol": "\u20b9", "fromCurrency": null, "toCurrency": null, "lastMarket": null, "marketCap": 3968986112}, "balanceSheetHistory": {"balanceSheetStatements": [{"maxAge": 1, "endDate": "2020-03-31", "cash": 84120000, "shortTermInvestments": 340078000, "netReceivables": 2533531000, "inventory": 9995442000, "otherCurrentAssets": 1369230000, "totalCurrentAssets": 14330432000, "longTermInvestments": 344855000, "propertyPlantEquipment": 339480000, "goodWill": 415977000, "intangibleAssets": 1014000, "otherAssets": 4284074000, "totalAssets": 19715832000, "accountsPayable": 338749000, "shortLongTermDebt": 1026757000, "otherCurrentLiab": 1078756000, "longTermDebt": 8655297000, "otherLiab": 1006184000, "minorityInterest": 1047171000, "totalCurrentLiabilities": 2619712000, "totalLiab": 12281193000, "commonStock": 354849000, "retainedEarnings": 5672935000, "treasuryStock": 134227000, "capitalSurplus": 225457000, "otherStockholderEquity": 134227000, "totalStockholderEquity": 6387468000, "netTangibleAssets": 5970477000}, {"maxAge": 1, "endDate": "2019-03-31", "cash": 156753000, "shortTermInvestments": 522832000, "netReceivables": 2339082000, "inventory": 9690450000, "otherCurrentAssets": 1352030000, "totalCurrentAssets": 14065037000, "longTermInvestments": 345043000, "propertyPlantEquipment": 291675000, "goodWill": 415977000, "intangibleAssets": 1091000, "otherAssets": 3678412000, "totalAssets": 18797235000, "accountsPayable": 508514000, "shortLongTermDebt": 674842000, "otherCurrentLiab": 264192000, "longTermDebt": 7950577000, "otherLiab": 2021597000, "minorityInterest": 954180000, "totalCurrentLiabilities": 1759074000, "totalLiab": 11731248000, "commonStock": 354849000, "retainedEarnings": 5397274000, "treasuryStock": 134227000, "capitalSurplus": 225457000, "otherStockholderEquity": 134227000, "totalStockholderEquity": 6111807000, "netTangibleAssets": 5694739000}, {"maxAge": 1, "endDate": "2018-03-31", "cash": 35355000, "shortTermInvestments": 5630000, "netReceivables": 2689858000, "inventory": 7594225000, "otherCurrentAssets": 799223000, "totalCurrentAssets": 11128198000, "longTermInvestments": 244614000, "propertyPlantEquipment": 269422000, "goodWill": 415977000, "intangibleAssets": 1694000, "otherAssets": 3300130000, "totalAssets": 15360035000, "accountsPayable": 590784000, "shortLongTermDebt": 1577383000, "otherCurrentLiab": 308873000, "longTermDebt": 3552999000, "otherLiab": 2694291000, "minorityInterest": 831756000, "totalCurrentLiabilities": 2651837000, "totalLiab": 8899127000, "commonStock": 354849000, "retainedEarnings": 4914619000, "treasuryStock": 134227000, "capitalSurplus": 225457000, "otherStockholderEquity": 134227000, "totalStockholderEquity": 5629152000, "netTangibleAssets": 5211481000}, {"maxAge": 1, "endDate": "2017-03-31", "cash": 146871000, "shortTermInvestments": 3900000, "netReceivables": 1646117000, "inventory": 7337279000, "otherCurrentAssets": 519690000, "totalCurrentAssets": 9655658000, "longTermInvestments": 220650000, "propertyPlantEquipment": 276817000, "goodWill": 415977000, "intangibleAssets": 2375000, "otherAssets": 3592541000, "totalAssets": 14164018000, "accountsPayable": 341889000, "shortLongTermDebt": 2674683000, "otherCurrentLiab": 656768000, "longTermDebt": 1392720000, "otherLiab": 2836785000, "minorityInterest": 720778000, "totalCurrentLiabilities": 4165540000, "totalLiab": 8395045000, "commonStock": 354849000, "retainedEarnings": 4333662000, "treasuryStock": 134227000, "capitalSurplus": 225457000, "otherStockholderEquity": 134227000, "totalStockholderEquity": 5048195000, "netTangibleAssets": 4629843000}], "maxAge": 86400}, "earningsTrend": {"trend": [{"maxAge": 1, "period": "0q", "endDate": "2018-03-31", "growth": {}, "earningsEstimate": {"avg": 0.0, "low": 0.0, "high": 0.0, "yearAgoEps": {}, "numberOfAnalysts": 0, "growth": {}}, "revenueEstimate": {"avg": 1244900000, "low": 0, "high": 0, "numberOfAnalysts": 0, "yearAgoRevenue": 998700000, "growth": 0.24700001}, "epsTrend": {"current": 0.0, "7daysAgo": 0.0, "30daysAgo": 0.0, "60daysAgo": 0.0, "90daysAgo": 0.0}, "epsRevisions": {"upLast7days": 0, "upLast30days": 0, "downLast30days": 0, "downLast90days": {}}}, {"maxAge": 1, "period": "+1q", "endDate": "2018-06-30", "growth": {}, "earningsEstimate": {"avg": 0.0, "low": 0.0, "high": 0.0, "yearAgoEps": {}, "numberOfAnalysts": 0, "growth": {}}, "revenueEstimate": {"avg": 401400000, "low": 0, "high": 0, "numberOfAnalysts": 0, "yearAgoRevenue": 903600000, "growth": -0.556}, "epsTrend": {"current": 0.0, "7daysAgo": 0.0, "30daysAgo": 0.0, "60daysAgo": 0.0, "90daysAgo": 0.0}, "epsRevisions": {"upLast7days": 0, "upLast30days": 0, "downLast30days": 0, "downLast90days": {}}}, {"maxAge": 1, "period": "0y", "endDate": "2018-03-31", "growth": {}, "earningsEstimate": {"avg": 0.0, "low": 0.0, "high": 0.0, "yearAgoEps": {}, "numberOfAnalysts": 0, "growth": {}}, "revenueEstimate": {"avg": 3796200000, "low": 3588400000, "high": 3588400000, "numberOfAnalysts": 1, "yearAgoRevenue": 2766500000, "growth": 0.372}, "epsTrend": {"current": 0.0, "7daysAgo": 20.73, "30daysAgo": 20.73, "60daysAgo": 20.73, "90daysAgo": 20.73}, "epsRevisions": {"upLast7days": 0, "upLast30days": 0, "downLast30days": 0, "downLast90days": {}}}, {"maxAge": 1, "period": "+1y", "endDate": "2019-03-31", "growth": {}, "earningsEstimate": {"avg": 0.0, "low": 0.0, "high": 0.0, "yearAgoEps": {}, "numberOfAnalysts": 0, "growth": {}}, "revenueEstimate": {"avg": 4392200000, "low": 4392200000, "high": 4392200000, "numberOfAnalysts": 1, "yearAgoRevenue": 3796200000, "growth": 0.157}, "epsTrend": {"current": 0.0, "7daysAgo": 28.6, "30daysAgo": 28.6, "60daysAgo": 28.6, "90daysAgo": 28.6}, "epsRevisions": {"upLast7days": 0, "upLast30days": 0, "downLast30days": 0, "downLast90days": {}}}, {"maxAge": 1, "period": "+5y", "endDate": null, "growth": {}, "earningsEstimate": {"avg": {}, "low": {}, "high": {}, "yearAgoEps": {}, "numberOfAnalysts": {}, "growth": {}}, "revenueEstimate": {"avg": {}, "low": {}, "high": {}, "numberOfAnalysts": {}, "yearAgoRevenue": {}, "growth": {}}, "epsTrend": {"current": {}, "7daysAgo": {}, "30daysAgo": {}, "60daysAgo": {}, "90daysAgo": {}}, "epsRevisions": {"upLast7days": {}, "upLast30days": {}, "downLast30days": {}, "downLast90days": {}}}, {"maxAge": 1, "period": "-5y", "endDate": null, "growth": {}, "earningsEstimate": {"avg": {}, "low": {}, "high": {}, "yearAgoEps": {}, "numberOfAnalysts": {}, "growth": {}}, "revenueEstimate": {"avg": {}, "low": {}, "high": {}, "numberOfAnalysts": {}, "yearAgoRevenue": {}, "growth": {}}, "epsTrend": {"current": {}, "7daysAgo": {}, "30daysAgo": {}, "60daysAgo": {}, "90daysAgo": {}}, "epsRevisions": {"upLast7days": {}, "upLast30days": {}, "downLast30days": {}, "downLast90days": {}}}], "maxAge": 1}, "financialData": {"maxAge": 86400, "currentPrice": 111.85, "recommendationKey": "none", "grossProfits": 1796927000, "financialCurrency": "INR"}}}