{"AKASH.NS": {"assetProfile": {"address1": "Abhishek Complex", "address2": "2, Ground Floor Opposite Hotel Haveli Sector 11", "city": "Gandhinagar", "zip": "382011", "country": "India", "phone": "91 79 2322 7006", "fax": "91 79 2323 1006", "website": "http://www.akashinfra.com", "industry": "Engineering & Construction", "sector": "Industrials", "longBusinessSummary": "Akash Infra-Projects Limited engages in the civil construction business in India. It undertakes various government contracts for the construction, resurfacing, widening, and repair of roads and bridges. The company is also involved in the construction of buildings, culverts, dams, godowns, etc.; and mining business. In addition, it operates and manages hotel under the Pathikashram name; and provides finance and real estate services, as well as operates a retail petroleum outlet in Gujarat, India. The company was founded in 1997 and is based in Gandhinagar, India.", "companyOfficers": [{"maxAge": 1, "name": "Mr. Yoginkumar Haribhai Patel", "age": 56, "title": "Chairman & MD", "yearBorn": 1964, "fiscalYear": 2020, "totalPay": 7400000, "exercisedValue": 0, "unexercisedValue": 0}, {"maxAge": 1, "name": "Mr. Ambusinh Punjaji Gol", "age": 54, "title": "MD & Exec. Non-Independent Director", "yearBorn": 1966, "fiscalYear": 2020, "totalPay": 7400000, "exercisedValue": 0, "unexercisedValue": 0}, {"maxAge": 1, "name": "Mr. Sujitkumar  Padhi", "age": 41, "title": "Chief Financial Officer", "yearBorn": 1979, "exercisedValue": 0, "unexercisedValue": 0}, {"maxAge": 1, "name": "Ms. Priyanka  Munshi", "title": "Company Sec. & Compliance Officer", "fiscalYear": 2020, "totalPay": 146107, "exercisedValue": 0, "unexercisedValue": 0}, {"maxAge": 1, "name": "Mr. Dineshbhai Haribhai Patel", "age": 53, "title": "Whole Time Director", "yearBorn": 1967, "fiscalYear": 2020, "totalPay": 2700000, "exercisedValue": 0, "unexercisedValue": 0}, {"maxAge": 1, "name": "Mr. Premalsinh Punjaji Gol", "age": 47, "title": "Whole Time Director", "yearBorn": 1973, "fiscalYear": 2020, "totalPay": 2700000, "exercisedValue": 0, "unexercisedValue": 0}], "compensationAsOfEpochDate": "2020-12-31 05:30:00", "maxAge": 86400}, "cashflowStatementHistory": {"cashflowStatements": [{"maxAge": 1, "endDate": "2020-03-31", "netIncome": 6337000, "depreciation": 23997000, "changeToNetincome": 19824000, "changeToAccountReceivables": 270982000, "changeToLiabilities": -159319000, "changeToInventory": -83137000, "changeToOperatingActivities": -123021000, "totalCashFromOperatingActivities": -44337000, "capitalExpenditures": -1579000, "otherCashflowsFromInvestingActivities": 5280000, "totalCashflowsFromInvestingActivities": 84507000, "dividendsPaid": -10103000, "netBorrowings": -47233000, "otherCashflowsFromFinancingActivities": -30762000, "totalCashFromFinancingActivities": -88098000, "changeInCash": -47928000}, {"maxAge": 1, "endDate": "2019-03-31", "netIncome": 17095124, "depreciation": 28613268, "changeToNetincome": 19609810, "changeToAccountReceivables": -96079117, "changeToLiabilities": 70583156, "changeToInventory": -31866306, "changeToOperatingActivities": -27334653, "totalCashFromOperatingActivities": -19378718, "capitalExpenditures": -1176893, "otherCashflowsFromInvestingActivities": 10513738, "totalCashflowsFromInvestingActivities": 8826553, "dividendsPaid": -4215634, "netBorrowings": -15875343, "otherCashflowsFromFinancingActivities": -32388399, "totalCashFromFinancingActivities": 17489624, "changeInCash": 6937459, "issuanceOfStock": 69969000}, {"maxAge": 1, "endDate": "2018-03-31", "netIncome": 20337207, "depreciation": 31916764, "changeToNetincome": 13919856, "changeToAccountReceivables": -396995836, "changeToLiabilities": 145526302, "changeToInventory": -41512788, "changeToOperatingActivities": -25166246, "totalCashFromOperatingActivities": -251974741, "capitalExpenditures": -45007794, "investments": 50000000, "otherCashflowsFromInvestingActivities": 13875262, "totalCashflowsFromInvestingActivities": 57468961, "dividendsPaid": -7588267, "netBorrowings": 223798807, "otherCashflowsFromFinancingActivities": -29958972, "totalCashFromFinancingActivities": 186251568, "changeInCash": -8254212, "issuanceOfStock": 69969000}, {"maxAge": 1, "endDate": "2017-03-31", "netIncome": 45134572, "depreciation": 24778767, "changeToNetincome": 7150974, "changeToAccountReceivables": 17875804, "changeToLiabilities": 80082730, "changeToInventory": -27428338, "changeToOperatingActivities": -42663068, "totalCashFromOperatingActivities": 104931441, "capitalExpenditures": -40885917, "investments": -50000000, "otherCashflowsFromInvestingActivities": 8025587, "totalCashflowsFromInvestingActivities": -137059378, "dividendsPaid": -7588267, "netBorrowings": -52660759, "otherCashflowsFromFinancingActivities": -1051327, "totalCashFromFinancingActivities": 104687914, "changeInCash": 72559977, "issuanceOfStock": 158400000}], "maxAge": 86400}, "institutionOwnership": {"maxAge": 1, "ownershipList": []}, "majorHoldersBreakdown": {"maxAge": 1}, "balanceSheetHistoryQuarterly": {"balanceSheetStatements": [{"maxAge": 1, "endDate": "2020-12-31", "totalStockholderEquity": 791777000, "netTangibleAssets": 791777000}, {"maxAge": 1, "endDate": "2020-09-30", "cash": 114351000, "shortTermInvestments": 7463000, "netReceivables": 757796000, "inventory": 232627000, "otherCurrentAssets": 1000, "totalCurrentAssets": 1112238000, "longTermInvestments": 62854000, "propertyPlantEquipment": 74008000, "otherAssets": 74000, "totalAssets": 1249174000, "accountsPayable": 119569000, "otherCurrentLiab": 14790000, "longTermDebt": 8100000, "otherLiab": 108401000, "minorityInterest": 662000, "totalCurrentLiabilities": 336414000, "totalLiab": 456735000, "commonStock": 168625000, "treasuryStock": 623152000, "otherStockholderEquity": 623152000, "totalStockholderEquity": 791777000, "netTangibleAssets": 791777000}, {"maxAge": 1, "endDate": "2020-06-30", "totalStockholderEquity": 787840000, "netTangibleAssets": 787840000}, {"maxAge": 1, "endDate": "2020-03-31", "cash": 109149000, "shortTermInvestments": 220276000, "netReceivables": 530943000, "inventory": 253337000, "totalCurrentAssets": 1113705000, "longTermInvestments": 33231000, "propertyPlantEquipment": 89715000, "otherAssets": 28471000, "totalAssets": 1265122000, "accountsPayable": 155436000, "otherCurrentLiab": 13902000, "longTermDebt": 1907000, "otherLiab": 104739000, "minorityInterest": 615000, "totalCurrentLiabilities": 365630000, "totalLiab": 476667000, "commonStock": 168625000, "treasuryStock": 619215000, "otherStockholderEquity": 619215000, "totalStockholderEquity": 787840000, "netTangibleAssets": 787840000}], "maxAge": 86400}, "indexTrend": {"maxAge": 1, "symbol": "SP5", "peRatio": 19.7411, "pegRatio": 1.34172, "estimates": [{"period": "0q", "growth": 0.549}, {"period": "+1q", "growth": 0.431}, {"period": "0y", "growth": 0.305}, {"period": "+1y", "growth": 0.109}, {"period": "+5y", "growth": 0.120865}, {"period": "-5y"}]}, "defaultKeyStatistics": {"maxAge": 1, "priceHint": 2, "enterpriseValue": 3248079616, "profitMargins": -0.01746, "floatShares": 2235178, "sharesOutstanding": 16862500, "beta": 0.709971, "category": null, "bookValue": 47.07, "priceToBook": 3.9589975, "fundFamily": null, "legalType": null, "lastFiscalYearEnd": "2020-03-31 05:30:00", "nextFiscalYearEnd": "2022-03-31 05:30:00", "mostRecentQuarter": "2020-12-31 05:30:00", "netIncomeToCommon": -10911000, "trailingEps": -0.665, "lastSplitFactor": "2:1", "lastSplitDate": "2019-03-07 05:30:00", "enterpriseToRevenue": 5.199, "enterpriseToEbitda": 79.63, "52WeekChange": 1.192353, "SandP52WeekChange": 0.48148263, "lastDividendValue": 0.5, "lastDividendDate": 1568937600}, "summaryProfile": {"address1": "Abhishek Complex", "address2": "2, Ground Floor Opposite Hotel Haveli Sector 11", "city": "Gandhinagar", "zip": "382011", "country": "India", "phone": "91 79 2322 7006", "fax": "91 79 2323 1006", "website": "http://www.akashinfra.com", "industry": "Engineering & Construction", "sector": "Industrials", "longBusinessSummary": "Akash Infra-Projects Limited engages in the civil construction business in India. It undertakes various government contracts for the construction, resurfacing, widening, and repair of roads and bridges. The company is also involved in the construction of buildings, culverts, dams, godowns, etc.; and mining business. In addition, it operates and manages hotel under the Pathikashram name; and provides finance and real estate services, as well as operates a retail petroleum outlet in Gujarat, India. The company was founded in 1997 and is based in Gandhinagar, India.", "companyOfficers": [], "maxAge": 86400}, "netSharePurchaseActivity": {"maxAge": 1, "period": "6m", "buyInfoCount": 0, "buyInfoShares": 0, "sellInfoCount": 0, "netInfoCount": 0, "netInfoShares": 0, "totalInsiderShares": 0}, "quoteType": {"exchange": "NSI", "quoteType": "EQUITY", "symbol": "AKASH.NS", "underlyingSymbol": "AKASH.NS", "shortName": "Akash Infra-Projects Ltd", "longName": "Akash Infra-Projects Limited", "firstTradeDateEpochUtc": "2017-03-16 09:15:00", "timeZoneFullName": "Asia/Kolkata", "timeZoneShortName": "IST", "uuid": "752463b9-d004-38c1-b834-8549daf7c18a", "messageBoardId": "finmb_290520159", "gmtOffSetMilliseconds": 19800000, "maxAge": 1}, "incomeStatementHistory": {"incomeStatementHistory": [{"maxAge": 1, "endDate": "2020-03-31", "totalRevenue": 726152000, "costOfRevenue": 428612000, "grossProfit": 297540000, "researchDevelopment": {}, "sellingGeneralAdministrative": 35087000, "nonRecurring": {}, "otherOperatingExpenses": 201540000, "totalOperatingExpenses": 689236000, "operatingIncome": 36916000, "totalOtherIncomeExpenseNet": -29150000, "ebit": 36916000, "interestExpense": -29167000, "incomeBeforeTax": 7766000, "incomeTaxExpense": 1445000, "minorityInterest": 615000, "netIncomeFromContinuingOps": 6321000, "discontinuedOperations": {}, "extraordinaryItems": {}, "effectOfAccountingCharges": {}, "otherItems": {}, "netIncome": 6337000, "netIncomeApplicableToCommonShares": 6337000}, {"maxAge": 1, "endDate": "2019-03-31", "totalRevenue": 1069683368, "costOfRevenue": 514408217, "grossProfit": 555275151, "researchDevelopment": {}, "sellingGeneralAdministrative": 58901016, "nonRecurring": {}, "otherOperatingExpenses": 426815246, "totalOperatingExpenses": 1028737747, "operatingIncome": 40945621, "totalOtherIncomeExpenseNet": -21981491, "ebit": 40945621, "interestExpense": -28950861, "incomeBeforeTax": 18964130, "incomeTaxExpense": 1869006, "minorityInterest": 9811916, "netIncomeFromContinuingOps": 17095124, "discontinuedOperations": {}, "extraordinaryItems": {}, "effectOfAccountingCharges": {}, "otherItems": {}, "netIncome": 17095124, "netIncomeApplicableToCommonShares": 14950756}, {"maxAge": 1, "endDate": "2018-03-31", "totalRevenue": 1600882613, "costOfRevenue": 857376002, "grossProfit": 743506611, "researchDevelopment": {}, "sellingGeneralAdministrative": 72378749, "nonRecurring": {}, "otherOperatingExpenses": 595341509, "totalOperatingExpenses": 1557013024, "operatingIncome": 43869589, "totalOtherIncomeExpenseNet": -16885388, "ebit": 43869589, "interestExpense": -22922508, "incomeBeforeTax": 26984201, "incomeTaxExpense": 6646994, "minorityInterest": 9751439, "netIncomeFromContinuingOps": 20337207, "discontinuedOperations": {}, "extraordinaryItems": {}, "effectOfAccountingCharges": {}, "otherItems": {}, "netIncome": 20337207, "netIncomeApplicableToCommonShares": 22734384}, {"maxAge": 1, "endDate": "2017-03-31", "totalRevenue": 1123081107, "costOfRevenue": 430331373, "grossProfit": 692749734, "researchDevelopment": {}, "sellingGeneralAdministrative": 76031646, "nonRecurring": {}, "otherOperatingExpenses": 528345352, "totalOperatingExpenses": 1059487138, "operatingIncome": 63593969, "totalOtherIncomeExpenseNet": -7143547, "ebit": 63593969, "interestExpense": -13710339, "incomeBeforeTax": 56450422, "incomeTaxExpense": 11315850, "minorityInterest": 8948147, "netIncomeFromContinuingOps": 45134572, "discontinuedOperations": {}, "extraordinaryItems": {}, "effectOfAccountingCharges": {}, "otherItems": {}, "netIncome": 45134572, "netIncomeApplicableToCommonShares": 44415167}], "maxAge": 86400}, "fundOwnership": {"maxAge": 1, "ownershipList": []}, "summaryDetail": {"maxAge": 1, "priceHint": 2, "previousClose": 190.9, "open": 195.0, "dayLow": 185.0, "dayHigh": 195.0, "regularMarketPreviousClose": 190.9, "regularMarketOpen": 195.0, "regularMarketDayLow": 185.0, "regularMarketDayHigh": 195.0, "exDividendDate": "2019-09-20 05:30:00", "payoutRatio": 0.2142, "beta": 0.709971, "volume": 11867, "regularMarketVolume": 11867, "averageVolume": 44791, "averageVolume10days": 36689, "averageDailyVolume10Day": 36689, "bid": 0.0, "ask": 0.0, "marketCap": 3142327040, "fiftyTwoWeekLow": 80.9, "fiftyTwoWeekHigh": 281.0, "priceToSalesTrailing12Months": 5.0297832, "fiftyDayAverage": 204.27647, "twoHundredDayAverage": 228.22063, "trailingAnnualDividendRate": 0.5, "trailingAnnualDividendYield": 0.0026191724, "currency": "INR", "fromCurrency": null, "toCurrency": null, "lastMarket": null, "algorithm": null, "tradeable": false}, "incomeStatementHistoryQuarterly": {"incomeStatementHistory": [{"maxAge": 1, "endDate": "2020-12-31", "totalRevenue": 128508000, "costOfRevenue": 80100000, "grossProfit": 48408000, "researchDevelopment": {}, "sellingGeneralAdministrative": 5731000, "nonRecurring": {}, "otherOperatingExpenses": 39410000, "totalOperatingExpenses": 129750000, "operatingIncome": -1242000, "totalOtherIncomeExpenseNet": -10418000, "ebit": -1242000, "interestExpense": -11047000, "incomeBeforeTax": -11660000, "incomeTaxExpense": -9000, "minorityInterest": {}, "netIncomeFromContinuingOps": -11651000, "discontinuedOperations": {}, "extraordinaryItems": {}, "effectOfAccountingCharges": {}, "otherItems": {}, "netIncome": -11683000, "netIncomeApplicableToCommonShares": -11683000}, {"maxAge": 1, "endDate": "2020-09-30", "totalRevenue": 159775000, "costOfRevenue": 81583000, "grossProfit": 78192000, "researchDevelopment": {}, "sellingGeneralAdministrative": 6194000, "nonRecurring": {}, "otherOperatingExpenses": 56338000, "totalOperatingExpenses": 148776000, "operatingIncome": 10999000, "totalOtherIncomeExpenseNet": -8104000, "ebit": 10999000, "interestExpense": -8049000, "incomeBeforeTax": 2895000, "incomeTaxExpense": 533000, "minorityInterest": 662000, "netIncomeFromContinuingOps": 2362000, "discontinuedOperations": {}, "extraordinaryItems": {}, "effectOfAccountingCharges": {}, "otherItems": {}, "netIncome": 2355000, "netIncomeApplicableToCommonShares": 2355000}, {"maxAge": 1, "endDate": "2020-06-30", "totalRevenue": 119772000, "costOfRevenue": 86916000, "grossProfit": 32856000, "researchDevelopment": {}, "sellingGeneralAdministrative": 4335000, "nonRecurring": {}, "otherOperatingExpenses": 14522000, "totalOperatingExpenses": 110454000, "operatingIncome": 9318000, "totalOtherIncomeExpenseNet": -7677000, "ebit": 9318000, "interestExpense": -7877000, "incomeBeforeTax": 1641000, "incomeTaxExpense": 258000, "minorityInterest": 662000, "netIncomeFromContinuingOps": 1383000, "discontinuedOperations": {}, "extraordinaryItems": {}, "effectOfAccountingCharges": {}, "otherItems": {}, "netIncome": 1376000, "netIncomeApplicableToCommonShares": 1376000}, {"maxAge": 1, "endDate": "2020-03-31", "totalRevenue": 216689000, "costOfRevenue": 103904000, "grossProfit": 112785000, "researchDevelopment": {}, "sellingGeneralAdministrative": 10187000, "nonRecurring": {}, "otherOperatingExpenses": 95355000, "totalOperatingExpenses": 215511000, "operatingIncome": 1178000, "totalOtherIncomeExpenseNet": -6213000, "ebit": 1178000, "interestExpense": -6545000, "incomeBeforeTax": -5035000, "incomeTaxExpense": -2012000, "minorityInterest": 615000, "netIncomeFromContinuingOps": -3023000, "discontinuedOperations": {}, "extraordinaryItems": {}, "effectOfAccountingCharges": {}, "otherItems": {}, "netIncome": -3059000, "netIncomeApplicableToCommonShares": -3059000}], "maxAge": 86400}, "cashflowStatementHistoryQuarterly": {"cashflowStatements": [{"maxAge": 1, "endDate": "2020-12-31", "netIncome": -11683000, "changeToLiabilities": 0}, {"maxAge": 1, "endDate": "2020-09-30", "netIncome": 2355000, "changeToLiabilities": 0}, {"maxAge": 1, "endDate": "2020-06-30", "netIncome": 1376000, "changeToLiabilities": 0}, {"maxAge": 1, "endDate": "2020-03-31", "netIncome": -3059000, "changeToLiabilities": 0}], "maxAge": 86400}, "insiderHolders": {"holders": [], "maxAge": 1}, "calendarEvents": {"maxAge": 1, "earnings": {"earningsDate": ["2020-11-05 05:30:S"]}, "exDividendDate": "2019-09-20 05:30:00"}, "price": {"maxAge": 1, "regularMarketChangePercent": -0.023834405, "regularMarketChange": -4.549988, "regularMarketTime": "2021-04-30 15:29:23", "priceHint": 2, "regularMarketPrice": 186.35, "regularMarketDayHigh": 195.0, "regularMarketDayLow": 185.0, "regularMarketVolume": 11867, "averageDailyVolume10Day": 36689, "averageDailyVolume3Month": 44791, "regularMarketPreviousClose": 190.9, "regularMarketSource": "FREE_REALTIME", "regularMarketOpen": 195.0, "exchange": "NSI", "exchangeName": "NSE", "exchangeDataDelayedBy": 15, "marketState": "CLOSED", "quoteType": "EQUITY", "symbol": "AKASH.NS", "underlyingSymbol": null, "shortName": "Akash Infra-Projects Ltd", "longName": "Akash Infra-Projects Limited", "currency": "INR", "quoteSourceName": "Delayed Quote", "currencySymbol": "\u20b9", "fromCurrency": null, "toCurrency": null, "lastMarket": null, "marketCap": 3142327040}, "balanceSheetHistory": {"balanceSheetStatements": [{"maxAge": 1, "endDate": "2020-03-31", "cash": 109149000, "shortTermInvestments": 220276000, "netReceivables": 530943000, "inventory": 253337000, "totalCurrentAssets": 1113705000, "longTermInvestments": 33231000, "propertyPlantEquipment": 89715000, "otherAssets": 28471000, "totalAssets": 1265122000, "accountsPayable": 155436000, "otherCurrentLiab": 13902000, "longTermDebt": 1907000, "otherLiab": 104739000, "minorityInterest": 615000, "totalCurrentLiabilities": 365630000, "totalLiab": 476667000, "commonStock": 168625000, "treasuryStock": 619215000, "otherStockholderEquity": 619215000, "totalStockholderEquity": 787840000, "netTangibleAssets": 787840000}, {"maxAge": 1, "endDate": "2019-03-31", "cash": 159644363, "netReceivables": 808530819, "inventory": 174381826, "otherCurrentAssets": 93716639, "totalCurrentAssets": 1240237583, "longTermInvestments": 3993370, "propertyPlantEquipment": 108165130, "otherAssets": 111578144, "deferredLongTermAssetCharges": 1256548, "totalAssets": 1463974227, "accountsPayable": 193519540, "otherCurrentLiab": 99148591, "longTermDebt": 16469852, "otherLiab": 111496690, "minorityInterest": 9811916, "totalCurrentLiabilities": 554241541, "totalLiab": 682208083, "commonStock": 168625340, "retainedEarnings": 418380778, "treasuryStock": 658550, "capitalSurplus": 184289560, "otherStockholderEquity": 658550, "totalStockholderEquity": 771954228, "netTangibleAssets": 771954228}, {"maxAge": 1, "endDate": "2018-03-31", "cash": 152706904, "netReceivables": 709925150, "inventory": 142515520, "otherCurrentAssets": 75002174, "totalCurrentAssets": 1082921278, "longTermInvestments": 3993370, "propertyPlantEquipment": 135601505, "otherAssets": 108186817, "totalAssets": 1330702970, "accountsPayable": 154154905, "otherCurrentLiab": 77067573, "longTermDebt": 32809447, "otherLiab": 103427684, "minorityInterest": 9751439, "totalCurrentLiabilities": 494907821, "totalLiab": 631144952, "commonStock": 75882670, "retainedEarnings": 406365578, "treasuryStock": 495101, "capitalSurplus": 207063230, "otherStockholderEquity": 495101, "totalStockholderEquity": 689806579, "netTangibleAssets": 689806579}, {"maxAge": 1, "endDate": "2017-03-31", "cash": 160961116, "shortTermInvestments": 50000000, "netReceivables": 313559971, "inventory": 101002732, "otherCurrentAssets": 59652321, "totalCurrentAssets": 688319866, "longTermInvestments": 4001870, "propertyPlantEquipment": 120357193, "otherAssets": 148326759, "deferredLongTermAssetCharges": 1541110, "totalAssets": 961005688, "accountsPayable": 10817942, "shortLongTermDebt": 7230391, "otherCurrentLiab": 97261584, "longTermDebt": 10056011, "otherLiab": 88837118, "minorityInterest": 8948147, "totalCurrentLiabilities": 173754459, "totalLiab": 272647588, "commonStock": 75882670, "retainedEarnings": 395742009, "treasuryStock": 4563944, "capitalSurplus": 203221330, "otherStockholderEquity": 4563944, "totalStockholderEquity": 679409953, "netTangibleAssets": 679409953}], "maxAge": 86400}, "financialData": {"maxAge": 86400, "currentPrice": 186.35, "recommendationKey": "none", "totalCash": 121814000, "totalCashPerShare": 7.194, "ebitda": 40789800, "totalDebt": 213975008, "totalRevenue": 624744000, "debtToEquity": 27.002, "revenuePerShare": 38.049, "grossProfits": 297540000, "revenueGrowth": 0.075, "grossMargins": 0.43577, "ebitdaMargins": 0.06529, "operatingMargins": 0.032420002, "profitMargins": -0.01746, "financialCurrency": "INR"}}}