{"AKCAPIT.BO": {"recommendationTrend": {"trend": [{"period": "0m", "strongBuy": 0, "buy": 0, "hold": 0, "sell": 0, "strongSell": 0}, {"period": "-1m", "strongBuy": 0, "buy": 0, "hold": 0, "sell": 0, "strongSell": 0}, {"period": "-2m", "strongBuy": 0, "buy": 0, "hold": 0, "sell": 0, "strongSell": 0}, {"period": "-3m", "strongBuy": 0, "buy": 0, "hold": 0, "sell": 0, "strongSell": 0}], "maxAge": 86400}, "cashflowStatementHistory": {"cashflowStatements": [{"maxAge": 1, "endDate": "2020-03-31", "netIncome": 510059000, "depreciation": 68650000, "changeToNetincome": 145850000, "changeToAccountReceivables": 4280910000, "changeToLiabilities": 43745000, "changeToOperatingActivities": 4609325000, "totalCashFromOperatingActivities": 9661282000, "capitalExpenditures": -31479000, "investments": 2349830000, "otherCashflowsFromInvestingActivities": 519732000, "totalCashflowsFromInvestingActivities": 2879260000, "dividendsPaid": -135524000, "netBorrowings": -10031507000, "otherCashflowsFromFinancingActivities": -1466230000, "totalCashFromFinancingActivities": -11633261000, "changeInCash": 907281000}, {"maxAge": 1, "endDate": "2019-03-31", "netIncome": 713753000, "depreciation": 24735000, "changeToNetincome": 763097000, "changeToAccountReceivables": -3760064000, "changeToLiabilities": 54076000, "changeToOperatingActivities": 2452343000, "totalCashFromOperatingActivities": 249930000, "capitalExpenditures": -2851000, "investments": 472422000, "otherCashflowsFromInvestingActivities": 820502000, "totalCashflowsFromInvestingActivities": 1325612000, "dividendsPaid": -63797000, "netBorrowings": -90610000, "otherCashflowsFromFinancingActivities": -1361616000, "totalCashFromFinancingActivities": -1516023000, "changeInCash": 59519000}, {"maxAge": 1, "endDate": "2018-03-31", "netIncome": 629038000, "depreciation": 25033000, "changeToNetincome": -1024430000, "changeToAccountReceivables": 3770381000, "changeToLiabilities": 84000, "changeToOperatingActivities": 52670000, "totalCashFromOperatingActivities": 3453687000, "capitalExpenditures": -120708000, "investments": 2852741000, "otherCashflowsFromInvestingActivities": 2499280000, "totalCashflowsFromInvestingActivities": -1386616000, "dividendsPaid": -74500000, "netBorrowings": -1166728000, "otherCashflowsFromFinancingActivities": -853975000, "totalCashFromFinancingActivities": -2095203000, "changeInCash": -28132000}, {"maxAge": 1, "endDate": "2017-03-31", "netIncome": 574256904, "depreciation": 25500701, "changeToNetincome": -694092358, "changeToAccountReceivables": -168982503, "changeToLiabilities": -181560723, "changeToOperatingActivities": -4955590841, "totalCashFromOperatingActivities": -5399500840, "capitalExpenditures": -71181940, "investments": -918164384, "otherCashflowsFromInvestingActivities": 1271341809, "totalCashflowsFromInvestingActivities": 282381831, "dividendsPaid": -47661628, "netBorrowings": 6165963290, "otherCashflowsFromFinancingActivities": -1033275778, "totalCashFromFinancingActivities": 5085025884, "changeInCash": -32093125}], "maxAge": 86400}, "institutionOwnership": {"maxAge": 1, "ownershipList": []}, "balanceSheetHistoryQuarterly": {"balanceSheetStatements": [{"maxAge": 1, "endDate": "2020-06-30", "totalStockholderEquity": 6146652000, "netTangibleAssets": 6103067000}, {"maxAge": 1, "endDate": "2020-03-31", "cash": 1013372000, "netReceivables": 3028152000, "otherCurrentAssets": 158148000, "totalCurrentAssets": 11311774000, "longTermInvestments": 3788203000, "propertyPlantEquipment": 287555000, "goodWill": 39997000, "intangibleAssets": 3588000, "otherAssets": 405400000, "deferredLongTermAssetCharges": 25884000, "totalAssets": 15836517000, "accountsPayable": 100115000, "otherCurrentLiab": 44365000, "longTermDebt": 8774456000, "otherLiab": 89718000, "minorityInterest": 263831000, "totalCurrentLiabilities": 532752000, "totalLiab": 9426034000, "commonStock": 66000000, "retainedEarnings": 5883715000, "treasuryStock": -168798000, "capitalSurplus": 365735000, "otherStockholderEquity": -168798000, "totalStockholderEquity": 6146652000, "netTangibleAssets": 6103067000}, {"maxAge": 1, "endDate": "2019-12-31", "totalStockholderEquity": 6043372000, "netTangibleAssets": 5998386000}, {"maxAge": 1, "endDate": "2019-09-30", "cash": 608741000, "netReceivables": 3560079000, "totalCurrentAssets": 4168820000, "longTermInvestments": 17198271000, "propertyPlantEquipment": 331284000, "goodWill": 39997000, "intangibleAssets": 4989000, "otherAssets": 432208000, "deferredLongTermAssetCharges": 37654000, "totalAssets": 22175569000, "accountsPayable": 91111000, "otherCurrentLiab": 48829000, "longTermDebt": 15000612000, "otherLiab": 528732000, "minorityInterest": 462913000, "totalCurrentLiabilities": 139940000, "totalLiab": 15669284000, "commonStock": 66000000, "treasuryStock": 5977372000, "otherStockholderEquity": 5977372000, "totalStockholderEquity": 6043372000, "netTangibleAssets": 5998386000}], "maxAge": 86400}, "earningsHistory": {"history": [{"maxAge": 1, "epsActual": {}, "epsEstimate": {}, "epsDifference": {}, "surprisePercent": {}, "quarter": {}, "period": "-4q"}, {"maxAge": 1, "epsActual": {}, "epsEstimate": {}, "epsDifference": {}, "surprisePercent": {}, "quarter": {}, "period": "-3q"}, {"maxAge": 1, "epsActual": {}, "epsEstimate": {}, "epsDifference": {}, "surprisePercent": {}, "quarter": {}, "period": "-2q"}, {"maxAge": 1, "epsActual": 9.8, "epsEstimate": 11.26, "epsDifference": -1.46, "surprisePercent": -0.13, "quarter": "2017-03-31", "period": "-1q"}], "maxAge": 86400}, "indexTrend": {"maxAge": 1, "symbol": "SP5", "peRatio": 19.7411, "pegRatio": 1.34172, "estimates": [{"period": "0q", "growth": 0.549}, {"period": "+1q", "growth": 0.431}, {"period": "0y", "growth": 0.305}, {"period": "+1y", "growth": 0.109}, {"period": "+5y", "growth": 0.120859005}, {"period": "-5y"}]}, "industryTrend": {"maxAge": 1, "symbol": null, "estimates": []}, "insiderTransactions": {"transactions": [{"maxAge": 1, "shares": 5005, "value": 17906, "filerUrl": "", "transactionText": "Acquisition at price 3.58 per share.", "filerName": "Mittal (A K) HUF", "filerRelation": "Promoter", "moneyText": "", "startDate": "2020-09-29", "ownership": "D"}, {"maxAge": 1, "shares": 268, "value": 970, "filerUrl": "", "transactionText": "Acquisition at price 3.62 per share.", "filerName": "Mittal (A K) HUF", "filerRelation": "Promoter", "moneyText": "", "startDate": "2020-09-28", "ownership": "D"}, {"maxAge": 1, "shares": 5249, "value": 18181, "filerUrl": "", "transactionText": "Acquisition at price 3.46 per share.", "filerName": "Mittal (A K) HUF", "filerRelation": "Promoter", "moneyText": "", "startDate": "2020-09-24", "ownership": "D"}, {"maxAge": 1, "shares": 214, "value": 751, "filerUrl": "", "transactionText": "Acquisition at price 3.51 per share.", "filerName": "Mittal (A K) HUF", "filerRelation": "Promoter", "moneyText": "", "startDate": "2020-09-23", "ownership": "D"}, {"maxAge": 1, "shares": 5825, "value": 20834, "filerUrl": "", "transactionText": "Acquisition at price 3.58 per share.", "filerName": "Mittal (A K) HUF", "filerRelation": "Promoter", "moneyText": "", "startDate": "2020-09-22", "ownership": "D"}, {"maxAge": 1, "shares": 381, "value": 1392, "filerUrl": "", "transactionText": "Acquisition at price 3.66 per share.", "filerName": "Mittal (A K) HUF", "filerRelation": "Promoter", "moneyText": "", "startDate": "2020-09-21", "ownership": "D"}, {"maxAge": 1, "shares": 1160, "value": 4262, "filerUrl": "", "transactionText": "Acquisition at price 3.67 per share.", "filerName": "Mittal (A K) HUF", "filerRelation": "Promoter", "moneyText": "", "startDate": "2020-09-18", "ownership": "D"}, {"maxAge": 1, "shares": 2124, "value": 7652, "filerUrl": "", "transactionText": "Acquisition at price 3.60 per share.", "filerName": "Mittal (A K) HUF", "filerRelation": "Promoter", "moneyText": "", "startDate": "2020-09-17", "ownership": "D"}, {"maxAge": 1, "shares": 1422, "value": 4849, "filerUrl": "", "transactionText": "Acquisition at price 3.41 per share.", "filerName": "Mittal (A K) HUF", "filerRelation": "Promoter", "moneyText": "", "startDate": "2020-09-16", "ownership": "D"}, {"maxAge": 1, "shares": 257419, "filerUrl": "", "transactionText": "", "filerName": "Second Leasing Pvt Ltd", "filerRelation": "Promoter", "moneyText": "", "startDate": "2020-03-24", "ownership": "D"}, {"maxAge": 1, "shares": 147011, "filerUrl": "", "transactionText": "", "filerName": "Mittal (Abhinav Kumar)", "filerRelation": "Managing Director", "moneyText": "", "startDate": "2020-03-24", "ownership": "D"}, {"maxAge": 1, "shares": 198275, "filerUrl": "", "transactionText": "", "filerName": "Mittal (Abhinav Kumar)", "filerRelation": "Managing Director", "moneyText": "", "startDate": "2020-03-24", "ownership": "D"}, {"maxAge": 1, "shares": 262011, "filerUrl": "", "transactionText": "", "filerName": "Mittal (Abhinav Kumar)", "filerRelation": "Managing Director", "moneyText": "", "startDate": "2020-03-24", "ownership": "D"}, {"maxAge": 1, "shares": 198275, "filerUrl": "", "transactionText": "", "filerName": "Aggarwal (Anshu)", "filerRelation": "Promoter", "moneyText": "", "startDate": "2020-03-24", "ownership": "D"}, {"maxAge": 1, "shares": 589, "filerUrl": "", "transactionText": "", "filerName": "Mittal (Abhinav Kumar)", "filerRelation": "Managing Director", "moneyText": "", "startDate": "2020-03-12", "ownership": "D"}, {"maxAge": 1, "shares": 428222, "filerUrl": "", "transactionText": "", "filerName": "Mittal (Abhinav Kumar)", "filerRelation": "Promoter", "moneyText": "", "startDate": "2020-03-11", "ownership": "D"}, {"maxAge": 1, "shares": 30000, "filerUrl": "", "transactionText": "", "filerName": "Gupta (Dinesh Kumar)", "filerRelation": "Promoter", "moneyText": "", "startDate": "2019-12-31", "ownership": "D"}, {"maxAge": 1, "shares": 15000, "filerUrl": "", "transactionText": "", "filerName": "Gupta (Dinesh Kumar)", "filerRelation": "Promoter", "moneyText": "", "startDate": "2019-03-27", "ownership": "D"}], "maxAge": 1}, "quoteType": {"exchange": "BSE", "quoteType": "EQUITY", "symbol": "AKCAPIT.BO", "underlyingSymbol": "AKCAPIT.BO", "shortName": "A.K.CAPITAL SERVICES LTD.", "longName": "A. K. Capital Services Limited", "firstTradeDateEpochUtc": "2002-03-13 09:15:00", "timeZoneFullName": "Asia/Kolkata", "timeZoneShortName": "IST", "uuid": "592f6ca7-1e39-3b7a-8c54-4398fe4e2336", "messageBoardId": null, "gmtOffSetMilliseconds": 19800000, "maxAge": 1}, "incomeStatementHistory": {"incomeStatementHistory": [{"maxAge": 1, "endDate": "2020-03-31", "totalRevenue": 3123926000, "costOfRevenue": 582335000, "grossProfit": 2541591000, "researchDevelopment": {}, "sellingGeneralAdministrative": 16728000, "nonRecurring": {}, "otherOperatingExpenses": 659670000, "totalOperatingExpenses": 1330126000, "operatingIncome": 1793800000, "totalOtherIncomeExpenseNet": -1140329000, "ebit": 1793800000, "interestExpense": -1152014000, "incomeBeforeTax": 653471000, "incomeTaxExpense": 138712000, "minorityInterest": 263831000, "netIncomeFromContinuingOps": 514759000, "discontinuedOperations": {}, "extraordinaryItems": {}, "effectOfAccountingCharges": {}, "otherItems": {}, "netIncome": 510059000, "netIncomeApplicableToCommonShares": 510059000}, {"maxAge": 1, "endDate": "2019-03-31", "totalRevenue": 4214258000, "costOfRevenue": 524659000, "grossProfit": 3689599000, "researchDevelopment": {}, "sellingGeneralAdministrative": 15281000, "nonRecurring": {}, "otherOperatingExpenses": 1142134000, "totalOperatingExpenses": 1708799000, "operatingIncome": 2505459000, "totalOtherIncomeExpenseNet": -1539016000, "ebit": 2505459000, "interestExpense": -1530266000, "incomeBeforeTax": 966443000, "incomeTaxExpense": 246795000, "minorityInterest": 460878000, "netIncomeFromContinuingOps": 719648000, "discontinuedOperations": {}, "extraordinaryItems": {}, "effectOfAccountingCharges": {}, "otherItems": {}, "netIncome": 713753000, "netIncomeApplicableToCommonShares": 713753000}, {"maxAge": 1, "endDate": "2018-03-31", "totalRevenue": 3300137000, "costOfRevenue": 488995000, "grossProfit": 2811142000, "researchDevelopment": {}, "sellingGeneralAdministrative": 12204000, "nonRecurring": {}, "otherOperatingExpenses": 482021000, "totalOperatingExpenses": 1009776000, "operatingIncome": 2290361000, "totalOtherIncomeExpenseNet": -1380808000, "ebit": 2290361000, "interestExpense": -1379616000, "incomeBeforeTax": 909553000, "incomeTaxExpense": 274829000, "minorityInterest": 429384000, "netIncomeFromContinuingOps": 634724000, "discontinuedOperations": {}, "extraordinaryItems": {}, "effectOfAccountingCharges": {}, "otherItems": {}, "netIncome": 629038000, "netIncomeApplicableToCommonShares": 629038000}, {"maxAge": 1, "endDate": "2017-03-31", "totalRevenue": 3359794391, "costOfRevenue": 420763954, "grossProfit": 2939030437, "researchDevelopment": {}, "sellingGeneralAdministrative": 74645667, "nonRecurring": {}, "otherOperatingExpenses": 873663800, "totalOperatingExpenses": 1402483936, "operatingIncome": 1957310455, "totalOtherIncomeExpenseNet": -1065076506, "ebit": 1957310455, "interestExpense": -1057107313, "incomeBeforeTax": 892233949, "incomeTaxExpense": 314028615, "minorityInterest": 51572440, "netIncomeFromContinuingOps": 578205334, "discontinuedOperations": {}, "extraordinaryItems": {}, "effectOfAccountingCharges": {}, "otherItems": {}, "netIncome": 574256904, "netIncomeApplicableToCommonShares": 574256904}], "maxAge": 86400}, "fundOwnership": {"maxAge": 1, "ownershipList": []}, "summaryDetail": {"maxAge": 1, "priceHint": 2, "previousClose": 400.3, "open": 400.5, "dayLow": 385.0, "dayHigh": 413.0, "regularMarketPreviousClose": 400.3, "regularMarketOpen": 400.5, "regularMarketDayLow": 385.0, "regularMarketDayHigh": 413.0, "trailingPE": 5.7159476, "forwardPE": 7.9209795, "volume": 3771, "regularMarketVolume": 3771, "averageVolume": 3250, "averageVolume10days": 3138, "averageDailyVolume10Day": 3138, "bid": 392.05, "ask": 397.0, "bidSize": 0, "askSize": 0, "marketCap": 2626470144, "fiftyTwoWeekLow": 152.8, "fiftyTwoWeekHigh": 413.0, "fiftyDayAverage": 337.17285, "twoHundredDayAverage": 284.44232, "trailingAnnualDividendRate": 6.0, "trailingAnnualDividendYield": 0.014988759, "currency": "INR", "fromCurrency": null, "toCurrency": null, "lastMarket": null, "algorithm": null, "tradeable": false}, "sectorTrend": {"maxAge": 1, "symbol": null, "estimates": []}, "incomeStatementHistoryQuarterly": {"incomeStatementHistory": [{"maxAge": 1, "endDate": "2020-06-30", "totalRevenue": 567673000, "costOfRevenue": 133185000, "grossProfit": 434488000, "researchDevelopment": {}, "sellingGeneralAdministrative": {}, "nonRecurring": {}, "otherOperatingExpenses": 24655000, "totalOperatingExpenses": 175266000, "operatingIncome": 392407000, "totalOtherIncomeExpenseNet": -201050000, "ebit": 392407000, "interestExpense": -204249000, "incomeBeforeTax": 191357000, "incomeTaxExpense": 54555000, "minorityInterest": {}, "netIncomeFromContinuingOps": 136802000, "discontinuedOperations": {}, "extraordinaryItems": {}, "effectOfAccountingCharges": {}, "otherItems": {}, "netIncome": 135494000, "netIncomeApplicableToCommonShares": 135494000}, {"maxAge": 1, "endDate": "2020-03-31", "totalRevenue": 779777000, "costOfRevenue": 200583000, "grossProfit": 579194000, "researchDevelopment": {}, "sellingGeneralAdministrative": 16728000, "nonRecurring": {}, "otherOperatingExpenses": 223299000, "totalOperatingExpenses": 476026000, "operatingIncome": 303751000, "totalOtherIncomeExpenseNet": -253326000, "ebit": 303751000, "interestExpense": -256160000, "incomeBeforeTax": 50425000, "incomeTaxExpense": 8508000, "minorityInterest": 263831000, "netIncomeFromContinuingOps": 41917000, "discontinuedOperations": {}, "extraordinaryItems": {}, "effectOfAccountingCharges": {}, "otherItems": {}, "netIncome": 42010000, "netIncomeApplicableToCommonShares": 42010000}, {"maxAge": 1, "endDate": "2019-12-31", "totalRevenue": 691204000, "costOfRevenue": 138283000, "grossProfit": 552921000, "researchDevelopment": {}, "sellingGeneralAdministrative": 16728000, "nonRecurring": {}, "otherOperatingExpenses": 63792000, "totalOperatingExpenses": 220984000, "operatingIncome": 470220000, "totalOtherIncomeExpenseNet": -229033000, "ebit": 470220000, "interestExpense": -230452000, "incomeBeforeTax": 241187000, "incomeTaxExpense": 62359000, "minorityInterest": 263831000, "netIncomeFromContinuingOps": 178828000, "discontinuedOperations": {}, "extraordinaryItems": {}, "effectOfAccountingCharges": {}, "otherItems": {}, "netIncome": 177260000, "netIncomeApplicableToCommonShares": 177260000}, {"maxAge": 1, "endDate": "2019-09-30", "totalRevenue": 656920000, "costOfRevenue": 135727000, "grossProfit": 521193000, "researchDevelopment": {}, "sellingGeneralAdministrative": 16728000, "nonRecurring": {}, "otherOperatingExpenses": 128665000, "totalOperatingExpenses": 264078000, "operatingIncome": 392842000, "totalOtherIncomeExpenseNet": -307233000, "ebit": 392842000, "interestExpense": -315162000, "incomeBeforeTax": 85609000, "incomeTaxExpense": -20390000, "minorityInterest": 462913000, "netIncomeFromContinuingOps": 105999000, "discontinuedOperations": {}, "extraordinaryItems": {}, "effectOfAccountingCharges": {}, "otherItems": {}, "netIncome": 104755000, "netIncomeApplicableToCommonShares": 104755000}], "maxAge": 86400}, "cashflowStatementHistoryQuarterly": {"cashflowStatements": [{"maxAge": 1, "endDate": "2020-06-30", "netIncome": 135494000, "changeToLiabilities": 0}, {"maxAge": 1, "endDate": "2020-03-31", "netIncome": 42010000, "changeToLiabilities": 0}, {"maxAge": 1, "endDate": "2019-12-31", "netIncome": 177260000, "changeToLiabilities": 0}, {"maxAge": 1, "endDate": "2019-09-30", "netIncome": 104755000, "changeToLiabilities": 0}], "maxAge": 86400}, "insiderHolders": {"holders": [{"maxAge": 1, "name": "Aggarwal (Anshu)", "relation": "Promoter", "url": "", "transactionDescription": "Other", "latestTransDate": "2020-03-24", "positionDirect": 0, "positionDirectDate": "2020-03-24"}, {"maxAge": 1, "name": "Gupta (Dinesh Kumar)", "relation": "Promoter", "url": "", "transactionDescription": "Sale", "latestTransDate": "2019-12-31", "positionDirect": 7500, "positionDirectDate": "2019-12-31"}, {"maxAge": 1, "name": "Mittal (A K) HUF", "relation": "Promoter", "url": "", "transactionDescription": "Acquisition", "latestTransDate": "2020-09-29", "positionDirect": 67548, "positionDirectDate": "2020-09-29"}, {"maxAge": 1, "name": "Mittal (Abhinav Kumar)", "relation": "Managing Director", "url": "", "transactionDescription": "Other", "latestTransDate": "2020-03-24", "positionDirect": 1036108, "positionDirectDate": "2020-03-24"}, {"maxAge": 1, "name": "Second Leasing Pvt Ltd", "relation": "Promoter", "url": "", "transactionDescription": "Acquisition", "latestTransDate": "2020-03-24", "positionDirect": 3210873, "positionDirectDate": "2020-03-24"}], "maxAge": 1}, "earnings": {"maxAge": 86400, "earningsChart": {"quarterly": [{"date": "1Q2017", "actual": 9.8, "estimate": 11.26}], "currentQuarterEstimateDate": "2Q", "currentQuarterEstimateYear": 2017, "earningsDate": ["2020-08-14 05:30:S"]}, "financialsChart": {"yearly": [{"date": 2017, "revenue": 3359794391, "earnings": 574256904}, {"date": 2018, "revenue": 3300137000, "earnings": 629038000}, {"date": 2019, "revenue": 4214258000, "earnings": 713753000}, {"date": 2020, "revenue": 3123926000, "earnings": 510059000}], "quarterly": [{"date": "3Q2019", "revenue": 656920000, "earnings": 104755000}, {"date": "4Q2019", "revenue": 691204000, "earnings": 177260000}, {"date": "1Q2020", "revenue": 779777000, "earnings": 42010000}, {"date": "2Q2020", "revenue": 567673000, "earnings": 135494000}]}, "financialCurrency": "INR"}, "calendarEvents": {"maxAge": 1, "earnings": {"earningsDate": ["2020-08-14 05:30:S"]}}, "price": {"maxAge": 1, "regularMarketChangePercent": -0.0058705364, "regularMarketChange": -2.3499756, "regularMarketTime": "2021-04-30 15:27:30", "priceHint": 2, "regularMarketPrice": 397.95, "regularMarketDayHigh": 413.0, "regularMarketDayLow": 385.0, "regularMarketVolume": 3771, "averageDailyVolume10Day": 3138, "averageDailyVolume3Month": 3250, "regularMarketPreviousClose": 400.3, "regularMarketSource": "FREE_REALTIME", "regularMarketOpen": 400.5, "exchange": "BSE", "exchangeName": "BSE", "exchangeDataDelayedBy": 0, "marketState": "CLOSED", "quoteType": "EQUITY", "symbol": "AKCAPIT.BO", "underlyingSymbol": null, "shortName": "A.K.CAPITAL SERVICES LTD.", "longName": "A. K. Capital Services Limited", "currency": "INR", "quoteSourceName": "Delayed Quote", "currencySymbol": "\u20b9", "fromCurrency": null, "toCurrency": null, "lastMarket": null, "marketCap": 2626470144}, "balanceSheetHistory": {"balanceSheetStatements": [{"maxAge": 1, "endDate": "2020-03-31", "cash": 1013372000, "netReceivables": 3028152000, "otherCurrentAssets": 158148000, "totalCurrentAssets": 11311774000, "longTermInvestments": 3788203000, "propertyPlantEquipment": 287555000, "goodWill": 39997000, "intangibleAssets": 3588000, "otherAssets": 405400000, "deferredLongTermAssetCharges": 25884000, "totalAssets": 15836517000, "accountsPayable": 100115000, "otherCurrentLiab": 44365000, "longTermDebt": 8774456000, "otherLiab": 89718000, "minorityInterest": 263831000, "totalCurrentLiabilities": 532752000, "totalLiab": 9426034000, "commonStock": 66000000, "retainedEarnings": 5883715000, "treasuryStock": -168798000, "capitalSurplus": 365735000, "otherStockholderEquity": -168798000, "totalStockholderEquity": 6146652000, "netTangibleAssets": 6103067000}, {"maxAge": 1, "endDate": "2019-03-31", "cash": 106091000, "shortTermInvestments": 49688000, "netReceivables": 7634892000, "otherCurrentAssets": 111092000, "totalCurrentAssets": 18868453000, "longTermInvestments": 6120272000, "propertyPlantEquipment": 233043000, "goodWill": 39997000, "intangibleAssets": 5211000, "otherAssets": 388804000, "deferredLongTermAssetCharges": 1746000, "totalAssets": 25655780000, "accountsPayable": 78647000, "otherCurrentLiab": 13549000, "longTermDebt": 14102473000, "otherLiab": 103579000, "minorityInterest": 460878000, "totalCurrentLiabilities": 5138220000, "totalLiab": 19344272000, "commonStock": 66000000, "retainedEarnings": 5586540000, "treasuryStock": -167645000, "capitalSurplus": 365735000, "otherStockholderEquity": -167645000, "totalStockholderEquity": 5850630000, "netTangibleAssets": 5805422000}, {"maxAge": 1, "endDate": "2018-03-31", "cash": 46572000, "shortTermInvestments": 130049000, "netReceivables": 10162589000, "otherCurrentAssets": 110274000, "totalCurrentAssets": 18868559000, "longTermInvestments": 5335077000, "propertyPlantEquipment": 290604000, "goodWill": 39997000, "intangibleAssets": 1932000, "otherAssets": 397470000, "deferredLongTermAssetCharges": 2890000, "totalAssets": 24933639000, "accountsPayable": 32975000, "shortLongTermDebt": 433556847, "otherCurrentLiab": 38128000, "longTermDebt": 9164219000, "otherLiab": 151530000, "minorityInterest": 429384000, "totalCurrentLiabilities": 9950065000, "totalLiab": 19265814000, "commonStock": 66000000, "retainedEarnings": 4740290000, "treasuryStock": 66416000, "capitalSurplus": 365735000, "otherStockholderEquity": 66416000, "totalStockholderEquity": 5238441000, "netTangibleAssets": 5196512000}, {"maxAge": 1, "endDate": "2017-03-31", "cash": 97352246, "shortTermInvestments": 12208692727, "netReceivables": 2906532569, "otherCurrentAssets": 6653012125, "totalCurrentAssets": 21875163176, "longTermInvestments": 1150228486, "propertyPlantEquipment": 502244233, "goodWill": 18278776, "intangibleAssets": 950626, "otherAssets": 1512745891, "totalAssets": 25059611188, "accountsPayable": 37156902, "shortLongTermDebt": 738637149, "otherCurrentLiab": 40305540, "longTermDebt": 3774599505, "otherLiab": 74305832, "minorityInterest": 51572440, "totalCurrentLiabilities": 16380451636, "totalLiab": 20229356973, "commonStock": 66000000, "retainedEarnings": 4281608654, "treasuryStock": 65337987, "capitalSurplus": 365735134, "otherStockholderEquity": 65337987, "totalStockholderEquity": 4778681775, "netTangibleAssets": 4759452373}], "maxAge": 86400}, "earningsTrend": {"trend": [{"maxAge": 1, "period": "0q", "endDate": "2017-06-30", "growth": {}, "earningsEstimate": {"avg": 0.0, "low": 0.0, "high": 0.0, "yearAgoEps": {}, "numberOfAnalysts": 0, "growth": {}}, "revenueEstimate": {"avg": 0, "low": 0, "high": 0, "numberOfAnalysts": 0, "yearAgoRevenue": {}, "growth": {}}, "epsTrend": {"current": 0.0, "7daysAgo": 0.0, "30daysAgo": 0.0, "60daysAgo": 0.0, "90daysAgo": 0.0}, "epsRevisions": {"upLast7days": 0, "upLast30days": 0, "downLast30days": 0, "downLast90days": {}}}, {"maxAge": 1, "period": "+1q", "endDate": "2017-09-30", "growth": {}, "earningsEstimate": {"avg": 0.0, "low": 0.0, "high": 0.0, "yearAgoEps": {}, "numberOfAnalysts": 0, "growth": {}}, "revenueEstimate": {"avg": 0, "low": 0, "high": 0, "numberOfAnalysts": 0, "yearAgoRevenue": {}, "growth": {}}, "epsTrend": {"current": 0.0, "7daysAgo": 0.0, "30daysAgo": 0.0, "60daysAgo": 0.0, "90daysAgo": 0.0}, "epsRevisions": {"upLast7days": 0, "upLast30days": 0, "downLast30days": 0, "downLast90days": {}}}, {"maxAge": 1, "period": "0y", "endDate": "2018-03-31", "growth": {}, "earningsEstimate": {"avg": 0.0, "low": 0.0, "high": 0.0, "yearAgoEps": {}, "numberOfAnalysts": 0, "growth": {}}, "revenueEstimate": {"avg": 1095340000, "low": 1095340000, "high": 1095340000, "numberOfAnalysts": 1, "yearAgoRevenue": 928251000, "growth": 0.18}, "epsTrend": {"current": 0.0, "7daysAgo": 42.21, "30daysAgo": 42.21, "60daysAgo": 42.21, "90daysAgo": 42.21}, "epsRevisions": {"upLast7days": 0, "upLast30days": 0, "downLast30days": 0, "downLast90days": {}}}, {"maxAge": 1, "period": "+1y", "endDate": "2019-03-31", "growth": {}, "earningsEstimate": {"avg": 0.0, "low": 0.0, "high": 0.0, "yearAgoEps": {}, "numberOfAnalysts": 0, "growth": {}}, "revenueEstimate": {"avg": 1270590000, "low": 1270590000, "high": 1270590000, "numberOfAnalysts": 1, "yearAgoRevenue": 1095340000, "growth": 0.16}, "epsTrend": {"current": 0.0, "7daysAgo": 50.24, "30daysAgo": 50.24, "60daysAgo": 50.24, "90daysAgo": 50.24}, "epsRevisions": {"upLast7days": 0, "upLast30days": 0, "downLast30days": 0, "downLast90days": {}}}, {"maxAge": 1, "period": "+5y", "endDate": null, "growth": {}, "earningsEstimate": {"avg": {}, "low": {}, "high": {}, "yearAgoEps": {}, "numberOfAnalysts": {}, "growth": {}}, "revenueEstimate": {"avg": {}, "low": {}, "high": {}, "numberOfAnalysts": {}, "yearAgoRevenue": {}, "growth": {}}, "epsTrend": {"current": {}, "7daysAgo": {}, "30daysAgo": {}, "60daysAgo": {}, "90daysAgo": {}}, "epsRevisions": {"upLast7days": {}, "upLast30days": {}, "downLast30days": {}, "downLast90days": {}}}, {"maxAge": 1, "period": "-5y", "endDate": null, "growth": {}, "earningsEstimate": {"avg": {}, "low": {}, "high": {}, "yearAgoEps": {}, "numberOfAnalysts": {}, "growth": {}}, "revenueEstimate": {"avg": {}, "low": {}, "high": {}, "numberOfAnalysts": {}, "yearAgoRevenue": {}, "growth": {}}, "epsTrend": {"current": {}, "7daysAgo": {}, "30daysAgo": {}, "60daysAgo": {}, "90daysAgo": {}}, "epsRevisions": {"upLast7days": {}, "upLast30days": {}, "downLast30days": {}, "downLast90days": {}}}], "maxAge": 1}, "financialData": {"maxAge": 86400, "currentPrice": 397.95, "targetHighPrice": 217.0, "targetLowPrice": 217.0, "targetMeanPrice": 217.0, "targetMedianPrice": 217.0, "recommendationKey": "none", "numberOfAnalystOpinions": 1, "grossProfits": 2541591000, "financialCurrency": "INR"}}}