{"AKG.NS": {"assetProfile": {"address1": "408-411, Pearls Corporate", "address2": "Mangalam Place Sector - 3, Rohini Behind Kali Mata Temple", "city": "Delhi", "zip": "110085", "country": "India", "phone": "91 11 4001 5500", "fax": "91 11 4001 5518", "website": "http://www.akg-global.com", "industry": "Packaged Foods", "sector": "Consumer Defensive", "longBusinessSummary": "AKG Exim Limited engages in the goods trading business in India. It distributes non-basmati and basmati rice, metal scraps, spices, dry fruits, etc. The company was founded in 2005 and is based in New Delhi, India.", "companyOfficers": [{"maxAge": 1, "name": "Ms. Mahima  Goel", "age": 43, "title": "MD & Director", "yearBorn": 1977, "fiscalYear": 2020, "totalPay": 1700000, "exercisedValue": 0, "unexercisedValue": 0}, {"maxAge": 1, "name": "Mr. Rahul  Bajaj", "age": 31, "title": "CFO & Additional Exec. Non-Independent Director", "yearBorn": 1989, "fiscalYear": 2020, "totalPay": 123600, "exercisedValue": 0, "unexercisedValue": 0}, {"maxAge": 1, "name": "Pragati  Parnika", "title": "Company Sec.", "exercisedValue": 0, "unexercisedValue": 0}], "compensationAsOfEpochDate": "2020-12-31 05:30:00", "maxAge": 86400}, "cashflowStatementHistory": {"cashflowStatements": [{"maxAge": 1, "endDate": "2020-03-31", "netIncome": 10854000, "depreciation": 5760000, "changeToNetincome": 38619000, "changeToAccountReceivables": 139092000, "changeToLiabilities": -99667000, "changeToInventory": 78486000, "changeToOperatingActivities": -202642000, "totalCashFromOperatingActivities": -29498000, "capitalExpenditures": -2100000, "otherCashflowsFromInvestingActivities": 3243000, "totalCashflowsFromInvestingActivities": 73615000, "netBorrowings": 16686000, "otherCashflowsFromFinancingActivities": -55813000, "totalCashFromFinancingActivities": -38350000, "changeInCash": 5766000, "issuanceOfStock": 777000}, {"maxAge": 1, "endDate": "2019-03-31", "netIncome": 10728686, "depreciation": 4907979, "changeToNetincome": -12098652, "changeToAccountReceivables": -57779034, "changeToLiabilities": -31179203, "changeToInventory": -30944466, "changeToOperatingActivities": 129268212, "totalCashFromOperatingActivities": 12903522, "capitalExpenditures": -11844609, "otherCashflowsFromInvestingActivities": 1403049, "totalCashflowsFromInvestingActivities": -7253044, "netBorrowings": -42674941, "otherCashflowsFromFinancingActivities": -15877241, "totalCashFromFinancingActivities": -8047623, "changeInCash": -2397145, "issuanceOfStock": 50504559}, {"maxAge": 1, "endDate": "2018-03-31", "netIncome": 10207471, "depreciation": 1826478, "changeToNetincome": 3190967, "changeToAccountReceivables": 99866121, "changeToLiabilities": 18406599, "changeToInventory": -57314124, "changeToOperatingActivities": -66300934, "totalCashFromOperatingActivities": 9882578, "capitalExpenditures": -24495130, "otherCashflowsFromInvestingActivities": 1335222, "totalCashflowsFromInvestingActivities": -3018958, "netBorrowings": -25514106, "otherCashflowsFromFinancingActivities": -3678638, "totalCashFromFinancingActivities": -29192744, "changeInCash": -22329124, "issuanceOfStock": 50504559}, {"maxAge": 1, "endDate": "2017-03-31", "netIncome": 4886000, "depreciation": 3244000, "changeToNetincome": 14757000, "changeToAccountReceivables": -43785000, "changeToLiabilities": 7501000, "changeToInventory": 12480000, "changeToOperatingActivities": 15824000, "totalCashFromOperatingActivities": 14907000, "capitalExpenditures": -3677000, "investments": 9228000, "otherCashflowsFromInvestingActivities": 1335222, "totalCashflowsFromInvestingActivities": 5551000, "netBorrowings": 27740000, "otherCashflowsFromFinancingActivities": -14735000, "totalCashFromFinancingActivities": 13245000, "changeInCash": 33703000, "issuanceOfStock": 240000}], "maxAge": 86400}, "institutionOwnership": {"maxAge": 1, "ownershipList": []}, "majorHoldersBreakdown": {"maxAge": 1}, "balanceSheetHistoryQuarterly": {"balanceSheetStatements": [{"maxAge": 1, "endDate": "2020-12-31", "totalStockholderEquity": 199367000, "netTangibleAssets": 199367000}, {"maxAge": 1, "endDate": "2020-09-30", "cash": 1961000, "shortTermInvestments": 6272000, "netReceivables": 305528000, "inventory": 9675000, "otherCurrentAssets": 3682000, "totalCurrentAssets": 327118000, "propertyPlantEquipment": 7079000, "otherAssets": 13114000, "totalAssets": 347311000, "accountsPayable": 56162000, "otherCurrentLiab": -15847000, "longTermDebt": 3951000, "otherLiab": 2704000, "deferredLongTermLiab": 12348000, "minorityInterest": 1470000, "totalCurrentLiabilities": 139819000, "totalLiab": 146474000, "commonStock": 66201000, "treasuryStock": 133166000, "otherStockholderEquity": 133166000, "totalStockholderEquity": 199367000, "netTangibleAssets": 199367000}, {"maxAge": 1, "endDate": "2020-06-30", "cash": 1961000, "shortTermInvestments": 6272000, "netReceivables": 305528000, "inventory": 9675000, "otherCurrentAssets": 3682000, "totalCurrentAssets": 327118000, "propertyPlantEquipment": 7079000, "otherAssets": 13114000, "totalAssets": 347311000, "accountsPayable": 56162000, "otherCurrentLiab": -15847000, "longTermDebt": 3951000, "otherLiab": 2704000, "deferredLongTermLiab": 12348000, "minorityInterest": 1470000, "totalCurrentLiabilities": 139819000, "totalLiab": 146474000, "commonStock": 66201000, "treasuryStock": 133166000, "otherStockholderEquity": 133166000, "totalStockholderEquity": 199367000, "netTangibleAssets": 199367000}, {"maxAge": 1, "endDate": "2019-12-31"}], "maxAge": 86400}, "indexTrend": {"maxAge": 1, "symbol": "SP5", "peRatio": 19.7411, "pegRatio": 1.34172, "estimates": [{"period": "0q", "growth": 0.549}, {"period": "+1q", "growth": 0.431}, {"period": "0y", "growth": 0.305}, {"period": "+1y", "growth": 0.109}, {"period": "+5y", "growth": 0.120865}, {"period": "-5y"}]}, "defaultKeyStatistics": {"maxAge": 1, "priceHint": 2, "enterpriseValue": 423289280, "profitMargins": 0.057589997, "floatShares": 1408173, "beta": 1.219021, "category": null, "bookValue": 18.753, "priceToBook": 1.6477363, "fundFamily": null, "legalType": null, "lastFiscalYearEnd": "2020-03-31 05:30:00", "nextFiscalYearEnd": "2022-03-31 05:30:00", "mostRecentQuarter": "2020-12-31 05:30:00", "netIncomeToCommon": 48454000, "trailingEps": 3.557, "lastSplitFactor": "8:5", "lastSplitDate": "2020-12-07 05:30:00", "enterpriseToRevenue": 0.503, "enterpriseToEbitda": 10.977, "52WeekChange": 3.68503, "SandP52WeekChange": 0.48148263}, "summaryProfile": {"address1": "408-411, Pearls Corporate", "address2": "Mangalam Place Sector - 3, Rohini Behind Kali Mata Temple", "city": "Delhi", "zip": "110085", "country": "India", "phone": "91 11 4001 5500", "fax": "91 11 4001 5518", "website": "http://www.akg-global.com", "industry": "Packaged Foods", "sector": "Consumer Defensive", "longBusinessSummary": "AKG Exim Limited engages in the goods trading business in India. It distributes non-basmati and basmati rice, metal scraps, spices, dry fruits, etc. The company was founded in 2005 and is based in New Delhi, India.", "companyOfficers": [], "maxAge": 86400}, "netSharePurchaseActivity": {"maxAge": 1, "period": "6m", "buyInfoCount": 0, "buyInfoShares": 0, "sellInfoCount": 0, "netInfoCount": 0, "netInfoShares": 0, "totalInsiderShares": 0}, "quoteType": {"exchange": "NSI", "quoteType": "EQUITY", "symbol": "AKG.NS", "underlyingSymbol": "AKG.NS", "shortName": "AKG Exim Limited", "longName": "AKG Exim Limited", "firstTradeDateEpochUtc": "2018-10-10 09:15:00", "timeZoneFullName": "Asia/Kolkata", "timeZoneShortName": "IST", "uuid": "08ec5384-e7b1-363c-ba63-2c15cf318523", "messageBoardId": "finmb_370480462", "gmtOffSetMilliseconds": 19800000, "maxAge": 1}, "incomeStatementHistory": {"incomeStatementHistory": [{"maxAge": 1, "endDate": "2020-03-31", "totalRevenue": 664761000, "costOfRevenue": 599091000, "grossProfit": 65670000, "researchDevelopment": {}, "sellingGeneralAdministrative": 23693000, "nonRecurring": {}, "otherOperatingExpenses": 40184000, "totalOperatingExpenses": 668728000, "operatingIncome": -3967000, "totalOtherIncomeExpenseNet": 19109000, "ebit": -3967000, "interestExpense": -13138000, "incomeBeforeTax": 15142000, "incomeTaxExpense": 4288000, "minorityInterest": {}, "netIncomeFromContinuingOps": 10854000, "discontinuedOperations": {}, "extraordinaryItems": {}, "effectOfAccountingCharges": {}, "otherItems": {}, "netIncome": 10854000, "netIncomeApplicableToCommonShares": 10854000}, {"maxAge": 1, "endDate": "2019-03-31", "totalRevenue": 1177921779, "costOfRevenue": 1000736023, "grossProfit": 177185756, "researchDevelopment": {}, "sellingGeneralAdministrative": 10455311, "nonRecurring": {}, "otherOperatingExpenses": 111195935, "totalOperatingExpenses": 1127295248, "operatingIncome": 50626531, "totalOtherIncomeExpenseNet": -35561213, "ebit": 50626531, "interestExpense": -15955509, "incomeBeforeTax": 15065318, "incomeTaxExpense": 4336632, "minorityInterest": {}, "netIncomeFromContinuingOps": 10728686, "discontinuedOperations": {}, "extraordinaryItems": {}, "effectOfAccountingCharges": {}, "otherItems": {}, "netIncome": 10728686, "netIncomeApplicableToCommonShares": 10728686}, {"maxAge": 1, "endDate": "2018-03-31", "totalRevenue": 1118212571, "costOfRevenue": 1021602499, "grossProfit": 96610072, "researchDevelopment": {}, "sellingGeneralAdministrative": 7145048, "nonRecurring": {}, "otherOperatingExpenses": 74484976, "totalOperatingExpenses": 1105059001, "operatingIncome": 13153570, "totalOtherIncomeExpenseNet": 1618458, "ebit": 13153570, "interestExpense": -16566511, "incomeBeforeTax": 14772028, "incomeTaxExpense": 4564557, "minorityInterest": {}, "netIncomeFromContinuingOps": 10207471, "discontinuedOperations": {}, "extraordinaryItems": {}, "effectOfAccountingCharges": {}, "otherItems": {}, "netIncome": 10207471, "netIncomeApplicableToCommonShares": 10207471}, {"maxAge": 1, "endDate": "2017-03-31", "totalRevenue": 1048954000, "costOfRevenue": 968372000, "grossProfit": 80582000, "researchDevelopment": {}, "sellingGeneralAdministrative": 62598000, "nonRecurring": {}, "otherOperatingExpenses": 74484976, "totalOperatingExpenses": 1034214000, "operatingIncome": 14740000, "totalOtherIncomeExpenseNet": -7666000, "ebit": 14740000, "interestExpense": -13989000, "incomeBeforeTax": 7074000, "incomeTaxExpense": 2188000, "minorityInterest": {}, "netIncomeFromContinuingOps": 4886000, "discontinuedOperations": {}, "extraordinaryItems": {}, "effectOfAccountingCharges": {}, "otherItems": {}, "netIncome": 4886000, "netIncomeApplicableToCommonShares": 4886000}], "maxAge": 86400}, "fundOwnership": {"maxAge": 1, "ownershipList": []}, "summaryDetail": {"maxAge": 1, "priceHint": 2, "previousClose": 29.45, "open": 30.9, "dayLow": 30.9, "dayHigh": 30.9, "regularMarketPreviousClose": 29.45, "regularMarketOpen": 30.9, "regularMarketDayLow": 30.9, "regularMarketDayHigh": 30.9, "payoutRatio": 0.0, "beta": 1.219021, "trailingPE": 8.687096, "volume": 7855, "regularMarketVolume": 7855, "averageVolume": 4616, "averageVolume10days": 0, "averageDailyVolume10Day": 0, "bid": 0.0, "ask": 0.0, "fiftyTwoWeekLow": 20.625, "fiftyTwoWeekHigh": 97.9, "fiftyDayAverage": 97.8, "twoHundredDayAverage": 72.553505, "currency": "INR", "fromCurrency": null, "toCurrency": null, "lastMarket": null, "algorithm": null, "tradeable": false}, "incomeStatementHistoryQuarterly": {"incomeStatementHistory": [{"maxAge": 1, "endDate": "2020-12-31", "totalRevenue": 324392000, "costOfRevenue": 297341000, "grossProfit": 27051000, "researchDevelopment": {}, "sellingGeneralAdministrative": 2375000, "nonRecurring": {}, "otherOperatingExpenses": 13675000, "totalOperatingExpenses": 313450000, "operatingIncome": 10942000, "totalOtherIncomeExpenseNet": -2691000, "ebit": 10942000, "interestExpense": -3055000, "incomeBeforeTax": 8251000, "incomeTaxExpense": 2015000, "minorityInterest": {}, "netIncomeFromContinuingOps": 6236000, "discontinuedOperations": {}, "extraordinaryItems": {}, "effectOfAccountingCharges": {}, "otherItems": {}, "netIncome": 6236000, "netIncomeApplicableToCommonShares": 6236000}, {"maxAge": 1, "endDate": "2020-09-30", "totalRevenue": 145091500, "costOfRevenue": 134729000, "grossProfit": 10362500, "researchDevelopment": {}, "sellingGeneralAdministrative": 2598000, "nonRecurring": {}, "otherOperatingExpenses": 4296000, "totalOperatingExpenses": 142438000, "operatingIncome": 2653500, "totalOtherIncomeExpenseNet": -992000, "ebit": 2653500, "interestExpense": -1920500, "incomeBeforeTax": 1661500, "incomeTaxExpense": 432000, "minorityInterest": 1470000, "netIncomeFromContinuingOps": 1229500, "discontinuedOperations": {}, "extraordinaryItems": {}, "effectOfAccountingCharges": {}, "otherItems": {}, "netIncome": 1229500, "netIncomeApplicableToCommonShares": 1229500}, {"maxAge": 1, "endDate": "2020-06-30", "totalRevenue": 145091500, "costOfRevenue": 134729000, "grossProfit": 10362500, "researchDevelopment": {}, "sellingGeneralAdministrative": 2598000, "nonRecurring": {}, "otherOperatingExpenses": 4296000, "totalOperatingExpenses": 142438000, "operatingIncome": 2653500, "totalOtherIncomeExpenseNet": -992000, "ebit": 2653500, "interestExpense": -1920500, "incomeBeforeTax": 1661500, "incomeTaxExpense": 432000, "minorityInterest": 1470000, "netIncomeFromContinuingOps": 1229500, "discontinuedOperations": {}, "extraordinaryItems": {}, "effectOfAccountingCharges": {}, "otherItems": {}, "netIncome": 1229500, "netIncomeApplicableToCommonShares": 1229500}, {"maxAge": 1, "endDate": "2019-12-31", "totalRevenue": 177670000, "costOfRevenue": 156159000, "grossProfit": 21511000, "researchDevelopment": {}, "sellingGeneralAdministrative": 2795000, "nonRecurring": {}, "otherOperatingExpenses": 18863000, "totalOperatingExpenses": 177817000, "operatingIncome": -147000, "totalOtherIncomeExpenseNet": -1344000, "ebit": -147000, "interestExpense": -3470000, "incomeBeforeTax": -1491000, "incomeTaxExpense": 169000, "minorityInterest": 1470000, "netIncomeFromContinuingOps": -1660000, "discontinuedOperations": {}, "extraordinaryItems": {}, "effectOfAccountingCharges": {}, "otherItems": {}, "netIncome": -1660000, "netIncomeApplicableToCommonShares": -1660000}], "maxAge": 86400}, "cashflowStatementHistoryQuarterly": {"cashflowStatements": [{"maxAge": 1, "endDate": "2020-12-31", "netIncome": 6236000, "changeToLiabilities": 0}, {"maxAge": 1, "endDate": "2020-09-30", "netIncome": 1229500, "depreciation": 815000, "changeToNetincome": 43829500, "changeToAccountReceivables": 91344500, "changeToLiabilities": 23387500, "changeToInventory": 10394000, "changeToOperatingActivities": -139516000, "totalCashFromOperatingActivities": 31484000, "investments": 3136000, "otherCashflowsFromInvestingActivities": 32000, "totalCashflowsFromInvestingActivities": 3169000, "netBorrowings": -52434000, "otherCashflowsFromFinancingActivities": 1920500, "totalCashFromFinancingActivities": -50513500, "changeInCash": -15860500}, {"maxAge": 1, "endDate": "2020-06-30", "netIncome": 1229500, "depreciation": 815000, "changeToNetincome": 43829500, "changeToAccountReceivables": 91344500, "changeToLiabilities": 23387500, "changeToInventory": 10394000, "changeToOperatingActivities": -139516000, "totalCashFromOperatingActivities": 31484000, "investments": 3136000, "otherCashflowsFromInvestingActivities": 32000, "totalCashflowsFromInvestingActivities": 3169000, "netBorrowings": -52434000, "otherCashflowsFromFinancingActivities": 1920500, "totalCashFromFinancingActivities": -50513500, "changeInCash": -15860500}, {"maxAge": 1, "endDate": "2019-12-31", "netIncome": -1660000, "depreciation": 815000, "changeToNetincome": 43829500, "changeToAccountReceivables": 91344500, "changeToLiabilities": 0, "changeToInventory": 10394000, "changeToOperatingActivities": -139516000, "totalCashFromOperatingActivities": 31484000, "investments": 3136000, "otherCashflowsFromInvestingActivities": 32000, "totalCashflowsFromInvestingActivities": 3169000, "netBorrowings": -52434000, "otherCashflowsFromFinancingActivities": 1920500, "totalCashFromFinancingActivities": -50513500, "changeInCash": -15860500}], "maxAge": 86400}, "insiderHolders": {"holders": [], "maxAge": 1}, "calendarEvents": {"maxAge": 1, "earnings": {"earningsDate": []}}, "price": {"maxAge": 1, "regularMarketChangePercent": 0.049235955, "regularMarketChange": 1.4499989, "regularMarketTime": "2021-04-30 14:58:29", "priceHint": 2, "regularMarketPrice": 30.9, "regularMarketDayHigh": 30.9, "regularMarketDayLow": 30.9, "regularMarketVolume": 7855, "averageDailyVolume10Day": 0, "averageDailyVolume3Month": 4616, "regularMarketPreviousClose": 29.45, "regularMarketSource": "FREE_REALTIME", "regularMarketOpen": 30.9, "exchange": "NSI", "exchangeName": "NSE", "exchangeDataDelayedBy": 15, "marketState": "CLOSED", "quoteType": "EQUITY", "symbol": "AKG.NS", "underlyingSymbol": null, "shortName": "AKG Exim Limited", "longName": "AKG Exim Limited", "currency": "INR", "quoteSourceName": "Delayed Quote", "currencySymbol": "\u20b9", "fromCurrency": null, "toCurrency": null, "lastMarket": null}, "balanceSheetHistory": {"balanceSheetStatements": [{"maxAge": 1, "endDate": "2020-03-31", "cash": 33682000, "netReceivables": 217066000, "inventory": 30464000, "otherCurrentAssets": 2649000, "totalCurrentAssets": 283861000, "propertyPlantEquipment": 8708000, "otherAssets": 2663000, "totalAssets": 295232000, "accountsPayable": 9319000, "otherCurrentLiab": -13477000, "longTermDebt": 4381000, "otherLiab": 2922000, "deferredLongTermLiab": 2292000, "totalCurrentLiabilities": 91021000, "totalLiab": 98324000, "commonStock": 66201000, "treasuryStock": 130707000, "otherStockholderEquity": 130707000, "totalStockholderEquity": 196908000, "netTangibleAssets": 196908000}, {"maxAge": 1, "endDate": "2019-03-31", "cash": 27915755, "netReceivables": 327178327, "inventory": 108949618, "otherCurrentAssets": 21217372, "totalCurrentAssets": 485370381, "propertyPlantEquipment": 86049023, "otherAssets": 5388480, "totalAssets": 576807884, "accountsPayable": 109664670, "otherCurrentLiab": 3355763, "longTermDebt": 6982264, "otherLiab": 2244260, "deferredLongTermLiab": 3806851, "totalCurrentLiabilities": 381629665, "totalLiab": 390856189, "commonStock": 66201200, "retainedEarnings": 41861495, "capitalSurplus": 77889000, "totalStockholderEquity": 185951695, "netTangibleAssets": 185951695}, {"maxAge": 1, "endDate": "2018-03-31", "cash": 30221687, "netReceivables": 257180142, "inventory": 78005151, "otherCurrentAssets": 78635135, "totalCurrentAssets": 444106479, "propertyPlantEquipment": 79112395, "otherAssets": 866630, "totalAssets": 524085504, "accountsPayable": 141999374, "otherCurrentLiab": 4591029, "longTermDebt": 48942595, "otherLiab": 1080514, "totalCurrentLiabilities": 353349008, "totalLiab": 403372117, "commonStock": 48401200, "retainedEarnings": 31803187, "capitalSurplus": 40509000, "totalStockholderEquity": 120713387, "netTangibleAssets": 120713387}, {"maxAge": 1, "endDate": "2017-03-31", "cash": 52551000, "netReceivables": 355362000, "inventory": 20691000, "otherCurrentAssets": 98938000, "totalCurrentAssets": 527642000, "propertyPlantEquipment": 77448000, "otherAssets": 756000, "totalAssets": 605846000, "accountsPayable": 123964000, "otherCurrentLiab": 2663000, "longTermDebt": 74457000, "otherLiab": 709000, "totalCurrentLiabilities": 419563000, "totalLiab": 494729000, "commonStock": 24201000, "retainedEarnings": 46407000, "capitalSurplus": 40509000, "totalStockholderEquity": 111117000, "netTangibleAssets": 111117000}], "maxAge": 86400}, "financialData": {"maxAge": 86400, "currentPrice": 30.9, "recommendationKey": "none", "totalCash": 8233000, "totalCashPerShare": 0.779, "ebitda": 38561016, "totalDebt": 103455000, "totalRevenue": 841371008, "debtToEquity": 51.512, "revenuePerShare": 61.764, "grossProfits": 65670000, "revenueGrowth": 0.826, "grossMargins": 0.10243, "ebitdaMargins": 0.04583, "operatingMargins": 0.04045, "profitMargins": 0.057589997, "financialCurrency": "INR"}}}