{"AKZOINDIA.BO": {"recommendationTrend": {"trend": [{"period": "0m", "strongBuy": 0, "buy": 0, "hold": 0, "sell": 0, "strongSell": 0}, {"period": "-1m", "strongBuy": 0, "buy": 0, "hold": 0, "sell": 0, "strongSell": 0}, {"period": "-2m", "strongBuy": 0, "buy": 0, "hold": 0, "sell": 0, "strongSell": 0}, {"period": "-3m", "strongBuy": 0, "buy": 0, "hold": 0, "sell": 0, "strongSell": 0}], "maxAge": 86400}, "cashflowStatementHistory": {"cashflowStatements": [{"maxAge": 1, "endDate": "2020-03-31", "netIncome": 2374000000, "depreciation": 790000000, "changeToNetincome": -332000000, "changeToAccountReceivables": 419000000, "changeToLiabilities": 666000000, "changeToInventory": -390000000, "changeToOperatingActivities": 214000000, "totalCashFromOperatingActivities": 3741000000, "capitalExpenditures": -478000000, "investments": 446000000, "otherCashflowsFromInvestingActivities": 76000000, "totalCashflowsFromInvestingActivities": 44000000, "dividendsPaid": -1098000000, "netBorrowings": -161000000, "otherCashflowsFromFinancingActivities": -314000000, "totalCashFromFinancingActivities": -1573000000, "changeInCash": 2212000000}, {"maxAge": 1, "endDate": "2019-03-31", "netIncome": 2110000000, "depreciation": 652000000, "changeToNetincome": -300000000, "changeToAccountReceivables": -606000000, "changeToLiabilities": -583000000, "changeToInventory": -517000000, "changeToOperatingActivities": 636000000, "totalCashFromOperatingActivities": 1392000000, "capitalExpenditures": -418000000, "investments": 2209000000, "otherCashflowsFromInvestingActivities": 61000000, "totalCashflowsFromInvestingActivities": 1852000000, "dividendsPaid": -1002000000, "netBorrowings": -161000000, "otherCashflowsFromFinancingActivities": -221000000, "totalCashFromFinancingActivities": -3600000000, "changeInCash": -356000000, "repurchaseOfStock": -2377000000}, {"maxAge": 1, "endDate": "2018-03-31", "netIncome": 4001000000, "depreciation": 607000000, "changeToNetincome": -3210000000, "changeToAccountReceivables": -424000000, "changeToLiabilities": 879000000, "changeToInventory": 257000000, "changeToOperatingActivities": -284000000, "totalCashFromOperatingActivities": 1826000000, "capitalExpenditures": -1030000000, "investments": -2169000000, "otherCashflowsFromInvestingActivities": 3140000000, "totalCashflowsFromInvestingActivities": -56000000, "dividendsPaid": -1027000000, "netBorrowings": -161000000, "otherCashflowsFromFinancingActivities": -229000000, "totalCashFromFinancingActivities": -1256000000, "changeInCash": 514000000, "repurchaseOfStock": -2377000000}, {"maxAge": 1, "endDate": "2017-03-31", "netIncome": 2470000000, "depreciation": 565000000, "changeToNetincome": -645000000, "changeToAccountReceivables": -647000000, "changeToLiabilities": 407000000, "changeToInventory": -490000000, "changeToOperatingActivities": -227000000, "totalCashFromOperatingActivities": 1433000000, "capitalExpenditures": -789000000, "investments": 2956000000, "otherCashflowsFromInvestingActivities": 44000000, "totalCashflowsFromInvestingActivities": 2251000000, "dividendsPaid": -925142857, "netBorrowings": -161000000, "otherCashflowsFromFinancingActivities": -686000000, "totalCashFromFinancingActivities": -3924000000, "changeInCash": -241000000, "repurchaseOfStock": -2377000000}], "maxAge": 86400}, "institutionOwnership": {"maxAge": 1, "ownershipList": []}, "balanceSheetHistoryQuarterly": {"balanceSheetStatements": [{"maxAge": 1, "endDate": "2020-06-30", "totalStockholderEquity": 12380000000, "netTangibleAssets": 12306000000}, {"maxAge": 1, "endDate": "2020-03-31", "cash": 2545000000, "netReceivables": 4242000000, "inventory": 4237000000, "otherCurrentAssets": 3449000000, "totalCurrentAssets": 15503000000, "longTermInvestments": 5000000, "propertyPlantEquipment": 5820000000, "intangibleAssets": 74000000, "otherAssets": 1856000000, "deferredLongTermAssetCharges": 116000000, "totalAssets": 23258000000, "accountsPayable": 6258000000, "otherCurrentLiab": 2372000000, "otherLiab": 869000000, "totalCurrentLiabilities": 9477000000, "totalLiab": 10878000000, "commonStock": 456000000, "retainedEarnings": 11342000000, "treasuryStock": 582000000, "otherStockholderEquity": 582000000, "totalStockholderEquity": 12380000000, "netTangibleAssets": 12306000000}, {"maxAge": 1, "endDate": "2019-12-31", "totalStockholderEquity": 11067100000, "netTangibleAssets": 10987300000}, {"maxAge": 1, "endDate": "2019-09-30", "cash": 3483200000, "netReceivables": 4575700000, "inventory": 4356000000, "otherCurrentAssets": 1007200000, "totalCurrentAssets": 13422100000, "longTermInvestments": 809200000, "propertyPlantEquipment": 6017700000, "intangibleAssets": 79800000, "otherAssets": 722500000, "deferredLongTermAssetCharges": 96900000, "totalAssets": 21051300000, "accountsPayable": 5544100000, "otherCurrentLiab": 2804200000, "otherLiab": 863200000, "totalCurrentLiabilities": 8471600000, "totalLiab": 9984200000, "commonStock": 455400000, "treasuryStock": 10611700000, "otherStockholderEquity": 10611700000, "totalStockholderEquity": 11067100000, "netTangibleAssets": 10987300000}], "maxAge": 86400}, "earningsHistory": {"history": [{"maxAge": 1, "epsActual": 14.77, "epsEstimate": 11.5, "epsDifference": 3.27, "surprisePercent": 0.284, "quarter": "2017-03-31", "period": "-4q"}, {"maxAge": 1, "epsActual": 8.42, "epsEstimate": 13.81, "epsDifference": -5.39, "surprisePercent": -0.39, "quarter": "2017-06-30", "period": "-3q"}, {"maxAge": 1, "epsActual": 8.31, "epsEstimate": 9.74, "epsDifference": -1.43, "surprisePercent": -0.147, "quarter": "2017-09-30", "period": "-2q"}, {"maxAge": 1, "epsActual": 17.08, "epsEstimate": 16.2, "epsDifference": 0.88, "surprisePercent": 0.054, "quarter": "2017-12-31", "period": "-1q"}], "maxAge": 86400}, "indexTrend": {"maxAge": 1, "symbol": "SP5", "peRatio": 19.7411, "pegRatio": 1.34172, "estimates": [{"period": "0q", "growth": 0.549}, {"period": "+1q", "growth": 0.431}, {"period": "0y", "growth": 0.305}, {"period": "+1y", "growth": 0.109}, {"period": "+5y", "growth": 0.120865}, {"period": "-5y"}]}, "industryTrend": {"maxAge": 1, "symbol": null, "estimates": []}, "insiderTransactions": {"transactions": [{"maxAge": 1, "shares": 12076791, "filerUrl": "", "transactionText": "", "filerName": "Imperial Chemical Industries, Ltd.", "filerRelation": "Promoter", "moneyText": "", "startDate": "2012-07-31", "ownership": "D"}, {"maxAge": 1, "shares": 1191331, "filerUrl": "", "transactionText": "", "filerName": "Imperial Chemical Industries, Ltd.", "filerRelation": "Promoter", "moneyText": "", "startDate": "2012-01-31", "ownership": "D"}, {"maxAge": 1, "shares": 276560, "filerUrl": "", "transactionText": "", "filerName": "Asian Paints Ltd", "filerRelation": "Institution- Corporation", "moneyText": "", "startDate": "2009-09-22", "ownership": "D"}, {"maxAge": 1, "shares": 456139, "filerUrl": "", "transactionText": "", "filerName": "Asian Paints Ltd", "filerRelation": "Institution- Corporation", "moneyText": "", "startDate": "2009-09-18", "ownership": "D"}, {"maxAge": 1, "shares": 700, "filerUrl": "", "transactionText": "", "filerName": "Asian Paints Ltd", "filerRelation": "Institution- Corporation", "moneyText": "", "startDate": "2009-09-16", "ownership": "D"}, {"maxAge": 1, "shares": 0, "filerUrl": "", "transactionText": "", "filerName": "Asian Paints Ltd", "filerRelation": "Institution- Corporation", "moneyText": "", "startDate": "2009-09-15", "ownership": "I"}, {"maxAge": 1, "shares": 102860, "filerUrl": "", "transactionText": "", "filerName": "Asian Paints Ltd", "filerRelation": "Institution- Corporation", "moneyText": "", "startDate": "2009-09-15", "ownership": "D"}, {"maxAge": 1, "shares": 500782, "filerUrl": "", "transactionText": "", "filerName": "Asian Paints Ltd", "filerRelation": "Institution- Corporation", "moneyText": "", "startDate": "2009-09-14", "ownership": "D"}, {"maxAge": 1, "shares": 205343, "filerUrl": "", "transactionText": "", "filerName": "Asian Paints Ltd", "filerRelation": "Institution- Corporation", "moneyText": "", "startDate": "2009-09-11", "ownership": "D"}, {"maxAge": 1, "shares": 105200, "filerUrl": "", "transactionText": "", "filerName": "Asian Paints Ltd", "filerRelation": "Institution- Corporation", "moneyText": "", "startDate": "2009-09-07", "ownership": "D"}, {"maxAge": 1, "shares": 2573, "filerUrl": "", "transactionText": "", "filerName": "Asian Paints Ltd", "filerRelation": "Institution- Corporation", "moneyText": "", "startDate": "2009-09-03", "ownership": "D"}, {"maxAge": 1, "shares": 100000, "filerUrl": "", "transactionText": "", "filerName": "Asian Paints Ltd", "filerRelation": "Institution- Corporation", "moneyText": "", "startDate": "2009-08-31", "ownership": "D"}], "maxAge": 1}, "quoteType": {"exchange": "BSE", "quoteType": "EQUITY", "symbol": "AKZOINDIA.BO", "underlyingSymbol": "AKZOINDIA.BO", "shortName": "AKZO NOBEL INDIA LIMITED", "longName": "Akzo Nobel India Limited", "firstTradeDateEpochUtc": "2000-01-03 09:15:00", "timeZoneFullName": "Asia/Kolkata", "timeZoneShortName": "IST", "uuid": "4e37da08-4763-3e22-9fb5-e3bc6efd75a4", "messageBoardId": null, "gmtOffSetMilliseconds": 19800000, "maxAge": 1}, "incomeStatementHistory": {"incomeStatementHistory": [{"maxAge": 1, "endDate": "2020-03-31", "totalRevenue": 26618000000, "costOfRevenue": 14701000000, "grossProfit": 11917000000, "researchDevelopment": {}, "sellingGeneralAdministrative": 3467000000, "nonRecurring": {}, "otherOperatingExpenses": 4659000000, "totalOperatingExpenses": 23617000000, "operatingIncome": 3001000000, "totalOtherIncomeExpenseNet": 231000000, "ebit": 3001000000, "interestExpense": -92000000, "incomeBeforeTax": 3232000000, "incomeTaxExpense": 858000000, "minorityInterest": {}, "netIncomeFromContinuingOps": 2374000000, "discontinuedOperations": {}, "extraordinaryItems": {}, "effectOfAccountingCharges": {}, "otherItems": {}, "netIncome": 2374000000, "netIncomeApplicableToCommonShares": 2374000000}, {"maxAge": 1, "endDate": "2019-03-31", "totalRevenue": 29184000000, "costOfRevenue": 17166000000, "grossProfit": 12018000000, "researchDevelopment": {}, "sellingGeneralAdministrative": 3776000000, "nonRecurring": {}, "otherOperatingExpenses": 4797000000, "totalOperatingExpenses": 26391000000, "operatingIncome": 2793000000, "totalOtherIncomeExpenseNet": 363000000, "ebit": 2793000000, "interestExpense": -44000000, "incomeBeforeTax": 3156000000, "incomeTaxExpense": 1046000000, "minorityInterest": {}, "netIncomeFromContinuingOps": 2110000000, "discontinuedOperations": {}, "extraordinaryItems": {}, "effectOfAccountingCharges": {}, "otherItems": {}, "netIncome": 2110000000, "netIncomeApplicableToCommonShares": 2110000000}, {"maxAge": 1, "endDate": "2018-03-31", "totalRevenue": 27193000000, "costOfRevenue": 15459000000, "grossProfit": 11734000000, "researchDevelopment": {}, "sellingGeneralAdministrative": 4103000000, "nonRecurring": {}, "otherOperatingExpenses": 4623000000, "totalOperatingExpenses": 24767000000, "operatingIncome": 2426000000, "totalOtherIncomeExpenseNet": 401000000, "ebit": 2426000000, "interestExpense": -33000000, "incomeBeforeTax": 2827000000, "incomeTaxExpense": 775000000, "minorityInterest": {}, "netIncomeFromContinuingOps": 2052000000, "discontinuedOperations": 1949000000, "extraordinaryItems": {}, "effectOfAccountingCharges": {}, "otherItems": {}, "netIncome": 4001000000, "netIncomeApplicableToCommonShares": 4001000000}, {"maxAge": 1, "endDate": "2017-03-31", "totalRevenue": 25725000000, "costOfRevenue": 13886000000, "grossProfit": 11839000000, "researchDevelopment": {}, "sellingGeneralAdministrative": 3906000000, "nonRecurring": {}, "otherOperatingExpenses": 4644000000, "totalOperatingExpenses": 22979000000, "operatingIncome": 2746000000, "totalOtherIncomeExpenseNet": 491000000, "ebit": 2746000000, "interestExpense": -29000000, "incomeBeforeTax": 3237000000, "incomeTaxExpense": 896000000, "minorityInterest": {}, "netIncomeFromContinuingOps": 2341000000, "discontinuedOperations": 129000000, "extraordinaryItems": {}, "effectOfAccountingCharges": {}, "otherItems": {}, "netIncome": 2470000000, "netIncomeApplicableToCommonShares": 2470000000}], "maxAge": 86400}, "fundOwnership": {"maxAge": 1, "ownershipList": []}, "summaryDetail": {"maxAge": 1, "priceHint": 2, "previousClose": 2229.75, "open": 2239.1, "dayLow": 2201.1, "dayHigh": 2270.25, "regularMarketPreviousClose": 2229.75, "regularMarketOpen": 2239.1, "regularMarketDayLow": 2201.1, "regularMarketDayHigh": 2270.25, "trailingPE": 63.89822, "forwardPE": 50.700092, "volume": 1033, "regularMarketVolume": 1033, "averageVolume": 1200, "averageVolume10days": 1589, "averageDailyVolume10Day": 1589, "bid": 2222.0, "ask": 2260.0, "bidSize": 0, "askSize": 0, "marketCap": 101839708160, "fiftyTwoWeekLow": 1730.0, "fiftyTwoWeekHigh": 2515.0, "fiftyDayAverage": 2305.993, "twoHundredDayAverage": 2151.8481, "trailingAnnualDividendRate": 14.0, "trailingAnnualDividendYield": 0.006278731, "currency": "INR", "fromCurrency": null, "toCurrency": null, "lastMarket": null, "algorithm": null, "tradeable": false}, "sectorTrend": {"maxAge": 1, "symbol": null, "estimates": []}, "incomeStatementHistoryQuarterly": {"incomeStatementHistory": [{"maxAge": 1, "endDate": "2020-06-30", "totalRevenue": 2585000000, "costOfRevenue": 1426800000, "grossProfit": 1158200000, "researchDevelopment": {}, "sellingGeneralAdministrative": 600100000, "nonRecurring": {}, "otherOperatingExpenses": 684200000, "totalOperatingExpenses": 2886200000, "operatingIncome": -301200000, "totalOtherIncomeExpenseNet": 30500000, "ebit": -301200000, "interestExpense": -29500000, "incomeBeforeTax": -270700000, "incomeTaxExpense": -68100000, "minorityInterest": {}, "netIncomeFromContinuingOps": -202600000, "discontinuedOperations": {}, "extraordinaryItems": {}, "effectOfAccountingCharges": {}, "otherItems": {}, "netIncome": -202600000, "netIncomeApplicableToCommonShares": -202600000}, {"maxAge": 1, "endDate": "2020-03-31", "totalRevenue": 5812600000, "costOfRevenue": 3473600000, "grossProfit": 2339000000, "researchDevelopment": {}, "sellingGeneralAdministrative": 1496500000, "nonRecurring": {}, "otherOperatingExpenses": -26200000, "totalOperatingExpenses": 5135500000, "operatingIncome": 677100000, "totalOtherIncomeExpenseNet": 62200000, "ebit": 677100000, "interestExpense": -7800000, "incomeBeforeTax": 739300000, "incomeTaxExpense": 199100000, "minorityInterest": {}, "netIncomeFromContinuingOps": 540200000, "discontinuedOperations": {}, "extraordinaryItems": {}, "effectOfAccountingCharges": {}, "otherItems": {}, "netIncome": 540200000, "netIncomeApplicableToCommonShares": 540200000}, {"maxAge": 1, "endDate": "2019-12-31", "totalRevenue": 7270300000, "costOfRevenue": 3939200000, "grossProfit": 3331100000, "researchDevelopment": {}, "sellingGeneralAdministrative": 631900000, "nonRecurring": {}, "otherOperatingExpenses": 1538700000, "totalOperatingExpenses": 6302600000, "operatingIncome": 967700000, "totalOtherIncomeExpenseNet": 76000000, "ebit": 967700000, "interestExpense": -30800000, "incomeBeforeTax": 1043700000, "incomeTaxExpense": 273800000, "minorityInterest": {}, "netIncomeFromContinuingOps": 769900000, "discontinuedOperations": {}, "extraordinaryItems": {}, "effectOfAccountingCharges": {}, "otherItems": {}, "netIncome": 769900000, "netIncomeApplicableToCommonShares": 769900000}, {"maxAge": 1, "endDate": "2019-09-30", "totalRevenue": 6338200000, "costOfRevenue": 3346900000, "grossProfit": 2991300000, "researchDevelopment": {}, "sellingGeneralAdministrative": 648000000, "nonRecurring": {}, "otherOperatingExpenses": 1615300000, "totalOperatingExpenses": 5813800000, "operatingIncome": 524400000, "totalOtherIncomeExpenseNet": 38700000, "ebit": 524400000, "interestExpense": -28100000, "incomeBeforeTax": 563100000, "incomeTaxExpense": 70600000, "minorityInterest": {}, "netIncomeFromContinuingOps": 492500000, "discontinuedOperations": {}, "extraordinaryItems": {}, "effectOfAccountingCharges": {}, "otherItems": {}, "netIncome": 492500000, "netIncomeApplicableToCommonShares": 492500000}], "maxAge": 86400}, "cashflowStatementHistoryQuarterly": {"cashflowStatements": [{"maxAge": 1, "endDate": "2020-06-30", "netIncome": -202600000, "changeToLiabilities": 0}, {"maxAge": 1, "endDate": "2020-03-31", "netIncome": 540200000, "changeToLiabilities": 0}, {"maxAge": 1, "endDate": "2019-12-31", "netIncome": 769900000, "changeToLiabilities": 0}, {"maxAge": 1, "endDate": "2019-09-30", "netIncome": 492500000, "changeToLiabilities": 0}], "maxAge": 86400}, "insiderHolders": {"holders": [{"maxAge": 1, "name": "Asian Paints Ltd", "relation": "Institution- Corporation", "url": "", "transactionDescription": "Sale", "latestTransDate": "2009-09-22", "positionDirect": 2010626, "positionDirectDate": "2009-09-22"}, {"maxAge": 1, "name": "Imperial Chemical Industries, Ltd.", "relation": "Promoter", "url": "", "transactionDescription": "Acquisition", "latestTransDate": "2012-07-31", "positionDirect": 34044335, "positionDirectDate": "2012-07-31"}], "maxAge": 1}, "earnings": {"maxAge": 86400, "earningsChart": {"quarterly": [{"date": "1Q2017", "actual": 14.77, "estimate": 11.5}, {"date": "2Q2017", "actual": 8.42, "estimate": 13.81}, {"date": "3Q2017", "actual": 8.31, "estimate": 9.74}, {"date": "4Q2017", "actual": 17.08, "estimate": 16.2}], "currentQuarterEstimateDate": "1Q", "currentQuarterEstimateYear": 2018, "earningsDate": []}, "financialsChart": {"yearly": [{"date": 2017, "revenue": 25725000000, "earnings": 2470000000}, {"date": 2018, "revenue": 27193000000, "earnings": 4001000000}, {"date": 2019, "revenue": 29184000000, "earnings": 2110000000}, {"date": 2020, "revenue": 26618000000, "earnings": 2374000000}], "quarterly": [{"date": "3Q2019", "revenue": 6338200000, "earnings": 492500000}, {"date": "4Q2019", "revenue": 7270300000, "earnings": 769900000}, {"date": "1Q2020", "revenue": 5812600000, "earnings": 540200000}, {"date": "2Q2020", "revenue": 2585000000, "earnings": -202600000}]}, "financialCurrency": "INR"}, "calendarEvents": {"maxAge": 1, "earnings": {"earningsDate": [], "revenueAverage": 7004100000, "revenueLow": 6675000000, "revenueHigh": 6675000000}}, "price": {"maxAge": 1, "regularMarketChangePercent": 0.006839332, "regularMarketChange": 15.25, "regularMarketTime": "2021-04-30 15:28:52", "priceHint": 2, "regularMarketPrice": 2245.0, "regularMarketDayHigh": 2270.25, "regularMarketDayLow": 2201.1, "regularMarketVolume": 1033, "averageDailyVolume10Day": 1589, "averageDailyVolume3Month": 1200, "regularMarketPreviousClose": 2229.75, "regularMarketSource": "FREE_REALTIME", "regularMarketOpen": 2239.1, "exchange": "BSE", "exchangeName": "BSE", "exchangeDataDelayedBy": 0, "marketState": "CLOSED", "quoteType": "EQUITY", "symbol": "AKZOINDIA.BO", "underlyingSymbol": null, "shortName": "AKZO NOBEL INDIA LIMITED", "longName": "Akzo Nobel India Limited", "currency": "INR", "quoteSourceName": "Delayed Quote", "currencySymbol": "\u20b9", "fromCurrency": null, "toCurrency": null, "lastMarket": null, "marketCap": 101839708160}, "balanceSheetHistory": {"balanceSheetStatements": [{"maxAge": 1, "endDate": "2020-03-31", "cash": 2545000000, "netReceivables": 4242000000, "inventory": 4237000000, "otherCurrentAssets": 3449000000, "totalCurrentAssets": 15503000000, "longTermInvestments": 5000000, "propertyPlantEquipment": 5820000000, "intangibleAssets": 74000000, "otherAssets": 1856000000, "deferredLongTermAssetCharges": 116000000, "totalAssets": 23258000000, "accountsPayable": 6258000000, "otherCurrentLiab": 2372000000, "otherLiab": 869000000, "totalCurrentLiabilities": 9477000000, "totalLiab": 10878000000, "commonStock": 456000000, "retainedEarnings": 11342000000, "treasuryStock": 582000000, "otherStockholderEquity": 582000000, "totalStockholderEquity": 12380000000, "netTangibleAssets": 12306000000}, {"maxAge": 1, "endDate": "2019-03-31", "cash": 333000000, "shortTermInvestments": 3059900000, "netReceivables": 5808000000, "inventory": 3919000000, "otherCurrentAssets": 885000000, "totalCurrentAssets": 14102000000, "longTermInvestments": 778000000, "propertyPlantEquipment": 5383000000, "intangibleAssets": 87000000, "otherAssets": 629000000, "deferredLongTermAssetCharges": 31000000, "totalAssets": 20979000000, "accountsPayable": 5979000000, "otherCurrentLiab": 2028000000, "otherLiab": 742000000, "totalCurrentLiabilities": 8845000000, "totalLiab": 9616000000, "commonStock": 456000000, "retainedEarnings": 10324000000, "treasuryStock": 583000000, "otherStockholderEquity": 583000000, "totalStockholderEquity": 11363000000, "netTangibleAssets": 11276000000}, {"maxAge": 1, "endDate": "2018-03-31", "cash": 689000000, "shortTermInvestments": 11000000, "netReceivables": 5335000000, "inventory": 3508000000, "otherCurrentAssets": 652000000, "totalCurrentAssets": 15304000000, "longTermInvestments": 717000000, "propertyPlantEquipment": 5556000000, "intangibleAssets": 101000000, "otherAssets": 648000000, "totalAssets": 22326000000, "accountsPayable": 6645000000, "otherCurrentLiab": 1006000000, "otherLiab": 697000000, "deferredLongTermLiab": 4000000, "totalCurrentLiabilities": 8691000000, "totalLiab": 9417000000, "commonStock": 467000000, "retainedEarnings": 11871000000, "treasuryStock": 571000000, "otherStockholderEquity": 571000000, "totalStockholderEquity": 12909000000, "netTangibleAssets": 12808000000}, {"maxAge": 1, "endDate": "2017-03-31", "cash": 175000000, "shortTermInvestments": 10000000, "netReceivables": 4539000000, "inventory": 4054000000, "otherCurrentAssets": 458000000, "totalCurrentAssets": 12023000000, "longTermInvestments": 663000000, "propertyPlantEquipment": 5308000000, "intangibleAssets": 115000000, "otherAssets": 736000000, "totalAssets": 18845000000, "accountsPayable": 6232000000, "otherCurrentLiab": 973000000, "otherLiab": 794000000, "deferredLongTermLiab": 6000000, "totalCurrentLiabilities": 7926000000, "totalLiab": 8749000000, "commonStock": 467000000, "retainedEarnings": 9058000000, "treasuryStock": 571000000, "otherStockholderEquity": 571000000, "totalStockholderEquity": 10096000000, "netTangibleAssets": 9981000000}], "maxAge": 86400}, "earningsTrend": {"trend": [{"maxAge": 1, "period": "0q", "endDate": "2018-03-31", "growth": {}, "earningsEstimate": {"avg": 0.0, "low": 0.0, "high": 0.0, "yearAgoEps": 14.77, "numberOfAnalysts": 0, "growth": {}}, "revenueEstimate": {"avg": 7004100000, "low": 6675000000, "high": 6675000000, "numberOfAnalysts": 1, "yearAgoRevenue": 6989900000, "growth": 0.002}, "epsTrend": {"current": 0.0, "7daysAgo": 0.0, "30daysAgo": 0.0, "60daysAgo": 0.0, "90daysAgo": 0.0}, "epsRevisions": {"upLast7days": 0, "upLast30days": 0, "downLast30days": 0, "downLast90days": {}}}, {"maxAge": 1, "period": "+1q", "endDate": "2018-06-30", "growth": {}, "earningsEstimate": {"avg": 0.0, "low": 0.0, "high": 0.0, "yearAgoEps": 8.42, "numberOfAnalysts": 0, "growth": {}}, "revenueEstimate": {"avg": 0, "low": 6818000000, "high": 6818000000, "numberOfAnalysts": 1, "yearAgoRevenue": 7070300000, "growth": {}}, "epsTrend": {"current": 0.0, "7daysAgo": 0.0, "30daysAgo": 0.0, "60daysAgo": 0.0, "90daysAgo": 0.0}, "epsRevisions": {"upLast7days": 0, "upLast30days": 0, "downLast30days": 0, "downLast90days": {}}}, {"maxAge": 1, "period": "0y", "endDate": "2018-03-31", "growth": {}, "earningsEstimate": {"avg": 0.0, "low": 0.0, "high": 0.0, "yearAgoEps": {}, "numberOfAnalysts": 0, "growth": {}}, "revenueEstimate": {"avg": 27193500000, "low": 26981000000, "high": 31044000000, "numberOfAnalysts": 4, "yearAgoRevenue": 28004100000, "growth": -0.029000001}, "epsTrend": {"current": 0.0, "7daysAgo": 47.78, "30daysAgo": 47.78, "60daysAgo": 47.78, "90daysAgo": 47.78}, "epsRevisions": {"upLast7days": 0, "upLast30days": 0, "downLast30days": 0, "downLast90days": {}}}, {"maxAge": 1, "period": "+1y", "endDate": "2019-03-31", "growth": {}, "earningsEstimate": {"avg": 0.0, "low": 0.0, "high": 0.0, "yearAgoEps": {}, "numberOfAnalysts": 0, "growth": {}}, "revenueEstimate": {"avg": 29851000000, "low": 28896000000, "high": 31001000000, "numberOfAnalysts": 4, "yearAgoRevenue": 27193500000, "growth": 0.098000005}, "epsTrend": {"current": 0.0, "7daysAgo": 44.28, "30daysAgo": 44.28, "60daysAgo": 44.28, "90daysAgo": 44.28}, "epsRevisions": {"upLast7days": 0, "upLast30days": 0, "downLast30days": 0, "downLast90days": {}}}, {"maxAge": 1, "period": "+5y", "endDate": null, "growth": -0.06, "earningsEstimate": {"avg": {}, "low": {}, "high": {}, "yearAgoEps": {}, "numberOfAnalysts": {}, "growth": {}}, "revenueEstimate": {"avg": {}, "low": {}, "high": {}, "numberOfAnalysts": {}, "yearAgoRevenue": {}, "growth": {}}, "epsTrend": {"current": {}, "7daysAgo": {}, "30daysAgo": {}, "60daysAgo": {}, "90daysAgo": {}}, "epsRevisions": {"upLast7days": {}, "upLast30days": {}, "downLast30days": {}, "downLast90days": {}}}, {"maxAge": 1, "period": "-5y", "endDate": null, "growth": {}, "earningsEstimate": {"avg": {}, "low": {}, "high": {}, "yearAgoEps": {}, "numberOfAnalysts": {}, "growth": {}}, "revenueEstimate": {"avg": {}, "low": {}, "high": {}, "numberOfAnalysts": {}, "yearAgoRevenue": {}, "growth": {}}, "epsTrend": {"current": {}, "7daysAgo": {}, "30daysAgo": {}, "60daysAgo": {}, "90daysAgo": {}}, "epsRevisions": {"upLast7days": {}, "upLast30days": {}, "downLast30days": {}, "downLast90days": {}}}], "maxAge": 1}, "financialData": {"maxAge": 86400, "currentPrice": 2245.0, "targetHighPrice": 1950.0, "targetLowPrice": 1645.0, "targetMeanPrice": 1775.67, "targetMedianPrice": 1732.0, "recommendationKey": "none", "numberOfAnalystOpinions": 3, "grossProfits": 11917000000, "financialCurrency": "INR"}}}