{"ALANKIT.BO": {"cashflowStatementHistory": {"cashflowStatements": [{"maxAge": 1, "endDate": "2020-03-31", "netIncome": 139580000, "depreciation": 32446000, "changeToNetincome": 36145000, "changeToAccountReceivables": -478729000, "changeToLiabilities": 112758000, "changeToInventory": 43226000, "totalCashFromOperatingActivities": -94508000, "capitalExpenditures": -29644000, "investments": 36439000, "otherCashflowsFromInvestingActivities": 25138000, "totalCashflowsFromInvestingActivities": 41039000, "netBorrowings": -7115000, "otherCashflowsFromFinancingActivities": -14289000, "totalCashFromFinancingActivities": -21404000, "changeInCash": -74874000}, {"maxAge": 1, "endDate": "2019-03-31", "netIncome": 139881000, "depreciation": 25562000, "changeToNetincome": -3440000, "changeToAccountReceivables": 97429000, "changeToLiabilities": -30874000, "changeToInventory": -61644000, "totalCashFromOperatingActivities": 186168000, "capitalExpenditures": -190871000, "investments": -10780000, "otherCashflowsFromInvestingActivities": 487000, "totalCashflowsFromInvestingActivities": -222269000, "dividendsPaid": -28592000, "netBorrowings": 82748000, "otherCashflowsFromFinancingActivities": -13603000, "totalCashFromFinancingActivities": 40553000, "changeInCash": 4452000}, {"maxAge": 1, "endDate": "2018-03-31", "netIncome": 217417000, "depreciation": 12990000, "changeToNetincome": -22471000, "changeToAccountReceivables": -384330000, "changeToLiabilities": 423660000, "changeToInventory": 7440000, "totalCashFromOperatingActivities": 277142000, "capitalExpenditures": -135907000, "investments": -133976000, "otherCashflowsFromInvestingActivities": 3625000, "totalCashflowsFromInvestingActivities": -266258000, "dividendsPaid": -42887000, "netBorrowings": -738000, "otherCashflowsFromFinancingActivities": -15651000, "totalCashFromFinancingActivities": 11224000, "changeInCash": 22008000, "issuanceOfStock": 70500000}, {"maxAge": 1, "endDate": "2017-03-31", "netIncome": 132768164, "depreciation": 14590992, "changeToNetincome": 20627327, "changeToAccountReceivables": -215931838, "changeToLiabilities": 78055710, "changeToInventory": -12768126, "totalCashFromOperatingActivities": 18242229, "capitalExpenditures": -7641912, "investments": -4836499, "otherCashflowsFromInvestingActivities": 103808, "totalCashflowsFromInvestingActivities": -12314397, "dividendsPaid": -21443715, "netBorrowings": 49955695, "otherCashflowsFromFinancingActivities": -4670269, "totalCashFromFinancingActivities": 23841711, "changeInCash": 29769543, "issuanceOfStock": 70500000}], "maxAge": 86400}, "institutionOwnership": {"maxAge": 1, "ownershipList": []}, "balanceSheetHistoryQuarterly": {"balanceSheetStatements": [{"maxAge": 1, "endDate": "2020-06-30", "totalStockholderEquity": 876383000, "netTangibleAssets": 397619000}, {"maxAge": 1, "endDate": "2020-03-31", "cash": 109208000, "shortTermInvestments": 44339000, "netReceivables": 390181000, "inventory": 47144000, "otherCurrentAssets": 399536000, "totalCurrentAssets": 994931000, "longTermInvestments": 23000, "propertyPlantEquipment": 200885000, "goodWill": 248982000, "intangibleAssets": 229782000, "otherAssets": 41489000, "totalAssets": 1716092000, "accountsPayable": 227854000, "shortLongTermDebt": 6080000, "otherCurrentLiab": 83204000, "longTermDebt": 75576000, "otherLiab": 268093000, "minorityInterest": 28550000, "totalCurrentLiabilities": 467490000, "totalLiab": 811159000, "commonStock": 142958000, "retainedEarnings": 498704000, "treasuryStock": 7831000, "capitalSurplus": 226890000, "otherStockholderEquity": 7831000, "totalStockholderEquity": 876383000, "netTangibleAssets": 397619000}, {"maxAge": 1, "endDate": "2019-12-31", "totalStockholderEquity": 793037000, "netTangibleAssets": 313355000}, {"maxAge": 1, "endDate": "2019-09-30", "cash": 164497000, "netReceivables": 389211000, "inventory": 65939000, "otherCurrentAssets": 234796000, "totalCurrentAssets": 854443000, "longTermInvestments": 11681000, "propertyPlantEquipment": 215841000, "goodWill": 250822000, "intangibleAssets": 228860000, "otherAssets": 26817000, "totalAssets": 1588464000, "accountsPayable": 260986000, "otherCurrentLiab": 129488000, "longTermDebt": 79887000, "otherLiab": 244942000, "minorityInterest": 29652000, "totalCurrentLiabilities": 440946000, "totalLiab": 765775000, "commonStock": 142958000, "treasuryStock": 650079000, "otherStockholderEquity": 650079000, "totalStockholderEquity": 793037000, "netTangibleAssets": 313355000}], "maxAge": 86400}, "indexTrend": {"maxAge": 1, "symbol": "SP5", "peRatio": 19.7411, "pegRatio": 1.34172, "estimates": [{"period": "0q", "growth": 0.549}, {"period": "+1q", "growth": 0.431}, {"period": "0y", "growth": 0.305}, {"period": "+1y", "growth": 0.109}, {"period": "+5y", "growth": 0.120865}, {"period": "-5y"}]}, "insiderTransactions": {"transactions": [{"maxAge": 1, "shares": 0, "filerUrl": "", "transactionText": "", "filerName": "Agarwal (Alka)", "filerRelation": "Promoter", "moneyText": "", "startDate": "2020-03-27", "ownership": "I"}, {"maxAge": 1, "shares": 2366776, "filerUrl": "", "transactionText": "", "filerName": "Agarwal (Alok Kumar)", "filerRelation": "Promoter", "moneyText": "", "startDate": "2020-03-27", "ownership": "D"}, {"maxAge": 1, "shares": 8924464, "filerUrl": "", "transactionText": "", "filerName": "Newwave Commercial Pvt. Ltd.", "filerRelation": "Institution- Corporation", "moneyText": "", "startDate": "2020-03-27", "ownership": "D"}, {"maxAge": 1, "shares": 200000, "filerUrl": "", "transactionText": "", "filerName": "Agarwal (Alka)", "filerRelation": "Promoter", "moneyText": "", "startDate": "2018-10-25", "ownership": "D"}, {"maxAge": 1, "shares": 125000, "filerUrl": "", "transactionText": "", "filerName": "Agarwal (Alok Kumar)", "filerRelation": "Promoter", "moneyText": "", "startDate": "2018-10-25", "ownership": "D"}, {"maxAge": 1, "shares": 65000, "filerUrl": "", "transactionText": "", "filerName": "Agarwal (Alka)", "filerRelation": "Promoter", "moneyText": "", "startDate": "2018-10-24", "ownership": "D"}, {"maxAge": 1, "shares": 235000, "filerUrl": "", "transactionText": "", "filerName": "Agarwal (Alka)", "filerRelation": "Promoter", "moneyText": "", "startDate": "2018-10-24", "ownership": "D"}, {"maxAge": 1, "shares": 75000, "filerUrl": "", "transactionText": "", "filerName": "Agarwal (Alka)", "filerRelation": "Promoter", "moneyText": "", "startDate": "2018-10-23", "ownership": "D"}, {"maxAge": 1, "shares": 225000, "filerUrl": "", "transactionText": "", "filerName": "Agarwal (Alka)", "filerRelation": "Promoter", "moneyText": "", "startDate": "2018-10-23", "ownership": "D"}, {"maxAge": 1, "shares": 225000, "filerUrl": "", "transactionText": "", "filerName": "Agarwal (Alka)", "filerRelation": "Promoter", "moneyText": "", "startDate": "2018-10-22", "ownership": "D"}], "maxAge": 1}, "quoteType": {"exchange": "BSE", "quoteType": "EQUITY", "symbol": "ALANKIT.BO", "underlyingSymbol": "ALANKIT.BO", "shortName": "ALANKIT", "longName": "Alankit Limited", "firstTradeDateEpochUtc": "2010-07-22 09:15:00", "timeZoneFullName": "Asia/Kolkata", "timeZoneShortName": "IST", "uuid": "4a166c2b-aca6-317c-b65c-7d0c5c1d3f28", "messageBoardId": null, "gmtOffSetMilliseconds": 19800000, "maxAge": 1}, "incomeStatementHistory": {"incomeStatementHistory": [{"maxAge": 1, "endDate": "2020-03-31", "totalRevenue": 1561224000, "costOfRevenue": 981144000, "grossProfit": 580080000, "researchDevelopment": {}, "sellingGeneralAdministrative": 30153000, "nonRecurring": {}, "otherOperatingExpenses": 329802000, "totalOperatingExpenses": 1393611000, "operatingIncome": 167613000, "totalOtherIncomeExpenseNet": 57519000, "ebit": 167613000, "interestExpense": -14289000, "incomeBeforeTax": 225132000, "incomeTaxExpense": 85552000, "minorityInterest": 28550000, "netIncomeFromContinuingOps": 139580000, "discontinuedOperations": {}, "extraordinaryItems": {}, "effectOfAccountingCharges": {}, "otherItems": {}, "netIncome": 139580000, "netIncomeApplicableToCommonShares": 139580000}, {"maxAge": 1, "endDate": "2019-03-31", "totalRevenue": 1301215000, "costOfRevenue": 636007000, "grossProfit": 665208000, "researchDevelopment": {}, "sellingGeneralAdministrative": 32041000, "nonRecurring": {}, "otherOperatingExpenses": 435597000, "totalOperatingExpenses": 1148417000, "operatingIncome": 152798000, "totalOtherIncomeExpenseNet": 63200000, "ebit": 152798000, "interestExpense": -9088000, "incomeBeforeTax": 215998000, "incomeTaxExpense": 76117000, "minorityInterest": 27559000, "netIncomeFromContinuingOps": 139881000, "discontinuedOperations": {}, "extraordinaryItems": {}, "effectOfAccountingCharges": {}, "otherItems": {}, "netIncome": 139881000, "netIncomeApplicableToCommonShares": 139881000}, {"maxAge": 1, "endDate": "2018-03-31", "totalRevenue": 1051033000, "costOfRevenue": 295164000, "grossProfit": 755869000, "researchDevelopment": {}, "sellingGeneralAdministrative": 32967000, "nonRecurring": {}, "otherOperatingExpenses": 461202000, "totalOperatingExpenses": 824759000, "operatingIncome": 226274000, "totalOtherIncomeExpenseNet": 31288000, "ebit": 226274000, "interestExpense": -5992000, "incomeBeforeTax": 257562000, "incomeTaxExpense": 40145000, "minorityInterest": 35403000, "netIncomeFromContinuingOps": 217417000, "discontinuedOperations": {}, "extraordinaryItems": {}, "effectOfAccountingCharges": {}, "otherItems": {}, "netIncome": 217417000, "netIncomeApplicableToCommonShares": 217417000}, {"maxAge": 1, "endDate": "2017-03-31", "totalRevenue": 850816417, "costOfRevenue": 295318959, "grossProfit": 555497458, "researchDevelopment": {}, "sellingGeneralAdministrative": 40531356, "nonRecurring": {}, "otherOperatingExpenses": 314140784, "totalOperatingExpenses": 664582091, "operatingIncome": 186234326, "totalOtherIncomeExpenseNet": 16754063, "ebit": 186234326, "interestExpense": -125968, "incomeBeforeTax": 202988389, "incomeTaxExpense": 70220225, "minorityInterest": 35403000, "netIncomeFromContinuingOps": 132768164, "discontinuedOperations": {}, "extraordinaryItems": {}, "effectOfAccountingCharges": {}, "otherItems": {}, "netIncome": 132768164, "netIncomeApplicableToCommonShares": 132768164}], "maxAge": 86400}, "fundOwnership": {"maxAge": 1, "ownershipList": []}, "summaryDetail": {"maxAge": 1, "priceHint": 2, "previousClose": 14.15, "open": 13.6, "dayLow": 13.6, "dayHigh": 14.25, "regularMarketPreviousClose": 14.15, "regularMarketOpen": 13.6, "regularMarketDayLow": 13.6, "regularMarketDayHigh": 14.25, "trailingPE": 15.010571, "volume": 7438, "regularMarketVolume": 7438, "averageVolume": 27039, "averageVolume10days": 24664, "averageDailyVolume10Day": 24664, "bid": 14.05, "ask": 0.0, "bidSize": 0, "askSize": 0, "marketCap": 2030003584, "fiftyTwoWeekLow": 8.25, "fiftyTwoWeekHigh": 21.7, "fiftyDayAverage": 17.515715, "twoHundredDayAverage": 17.162045, "trailingAnnualDividendRate": 0.2, "trailingAnnualDividendYield": 0.014134277, "currency": "INR", "fromCurrency": null, "toCurrency": null, "lastMarket": null, "algorithm": null, "tradeable": false}, "incomeStatementHistoryQuarterly": {"incomeStatementHistory": [{"maxAge": 1, "endDate": "2020-06-30", "totalRevenue": 276902000, "costOfRevenue": 165617000, "grossProfit": 111285000, "researchDevelopment": {}, "sellingGeneralAdministrative": 38257000, "nonRecurring": {}, "otherOperatingExpenses": 24492000, "totalOperatingExpenses": 238402000, "operatingIncome": 38500000, "totalOtherIncomeExpenseNet": 2748000, "ebit": 38500000, "interestExpense": -2843000, "incomeBeforeTax": 41248000, "incomeTaxExpense": 13616000, "minorityInterest": {}, "netIncomeFromContinuingOps": 27632000, "discontinuedOperations": {}, "extraordinaryItems": {}, "effectOfAccountingCharges": {}, "otherItems": {}, "netIncome": 27632000, "netIncomeApplicableToCommonShares": 27632000}, {"maxAge": 1, "endDate": "2020-03-31", "totalRevenue": 408697000, "costOfRevenue": 259935000, "grossProfit": 148762000, "researchDevelopment": {}, "sellingGeneralAdministrative": -104064000, "nonRecurring": {}, "otherOperatingExpenses": 214026000, "totalOperatingExpenses": 383357000, "operatingIncome": 25340000, "totalOtherIncomeExpenseNet": 38717000, "ebit": 25340000, "interestExpense": -2563000, "incomeBeforeTax": 64057000, "incomeTaxExpense": 33310000, "minorityInterest": 28550000, "netIncomeFromContinuingOps": 30747000, "discontinuedOperations": {}, "extraordinaryItems": {}, "effectOfAccountingCharges": {}, "otherItems": {}, "netIncome": 30747000, "netIncomeApplicableToCommonShares": 30747000}, {"maxAge": 1, "endDate": "2019-12-31", "totalRevenue": 329233000, "costOfRevenue": 196837000, "grossProfit": 132396000, "researchDevelopment": {}, "sellingGeneralAdministrative": 44018000, "nonRecurring": {}, "otherOperatingExpenses": 20899000, "totalOperatingExpenses": 275034000, "operatingIncome": 54199000, "totalOtherIncomeExpenseNet": 12075000, "ebit": 54199000, "interestExpense": -3761000, "incomeBeforeTax": 66274000, "incomeTaxExpense": 20592000, "minorityInterest": 28550000, "netIncomeFromContinuingOps": 45682000, "discontinuedOperations": {}, "extraordinaryItems": {}, "effectOfAccountingCharges": {}, "otherItems": {}, "netIncome": 45682000, "netIncomeApplicableToCommonShares": 45682000}, {"maxAge": 1, "endDate": "2019-09-30", "totalRevenue": 492041000, "costOfRevenue": 337603000, "grossProfit": 154438000, "researchDevelopment": {}, "sellingGeneralAdministrative": 43393000, "nonRecurring": {}, "otherOperatingExpenses": 52920000, "totalOperatingExpenses": 447406000, "operatingIncome": 44635000, "totalOtherIncomeExpenseNet": 2900000, "ebit": 44635000, "interestExpense": -3713000, "incomeBeforeTax": 47535000, "incomeTaxExpense": 16418000, "minorityInterest": 29652000, "netIncomeFromContinuingOps": 31117000, "discontinuedOperations": {}, "extraordinaryItems": {}, "effectOfAccountingCharges": {}, "otherItems": {}, "netIncome": 31117000, "netIncomeApplicableToCommonShares": 31117000}], "maxAge": 86400}, "cashflowStatementHistoryQuarterly": {"cashflowStatements": [{"maxAge": 1, "endDate": "2020-06-30", "netIncome": 27632000, "changeToLiabilities": 0}, {"maxAge": 1, "endDate": "2020-03-31", "netIncome": 30747000, "changeToLiabilities": 0}, {"maxAge": 1, "endDate": "2019-12-31", "netIncome": 45682000, "changeToLiabilities": 0}, {"maxAge": 1, "endDate": "2019-09-30", "netIncome": 31117000, "changeToLiabilities": 0}], "maxAge": 86400}, "insiderHolders": {"holders": [{"maxAge": 1, "name": "Agarwal (Alka)", "relation": "Promoter", "url": "", "transactionDescription": "Acquisition", "latestTransDate": "2020-03-27", "positionIndirect": 5000000, "positionIndirectDate": 1585267200}, {"maxAge": 1, "name": "Agarwal (Alok Kumar)", "relation": "Promoter", "url": "", "transactionDescription": "Acquisition", "latestTransDate": "2020-03-27", "positionDirect": 3366776, "positionDirectDate": "2020-03-27"}, {"maxAge": 1, "name": "Newwave Commercial Pvt. Ltd.", "relation": "Institution- Corporation", "url": "", "transactionDescription": "Sale", "latestTransDate": "2020-03-27", "positionDirect": 0, "positionDirectDate": "2020-03-27"}], "maxAge": 1}, "calendarEvents": {"maxAge": 1, "earnings": {"earningsDate": ["2020-09-15 05:30:S"]}}, "price": {"maxAge": 1, "regularMarketChangePercent": 0.0035335824, "regularMarketChange": 0.05000019, "regularMarketTime": "2021-04-30 15:42:02", "priceHint": 2, "regularMarketPrice": 14.2, "regularMarketDayHigh": 14.25, "regularMarketDayLow": 13.6, "regularMarketVolume": 7438, "averageDailyVolume10Day": 24664, "averageDailyVolume3Month": 27039, "regularMarketPreviousClose": 14.15, "regularMarketSource": "FREE_REALTIME", "regularMarketOpen": 13.6, "exchange": "BSE", "exchangeName": "BSE", "exchangeDataDelayedBy": 0, "marketState": "CLOSED", "quoteType": "EQUITY", "symbol": "ALANKIT.BO", "underlyingSymbol": null, "shortName": "ALANKIT", "longName": "Alankit Limited", "currency": "INR", "quoteSourceName": "Delayed Quote", "currencySymbol": "\u20b9", "fromCurrency": null, "toCurrency": null, "lastMarket": null, "marketCap": 2030003584}, "balanceSheetHistory": {"balanceSheetStatements": [{"maxAge": 1, "endDate": "2020-03-31", "cash": 109208000, "shortTermInvestments": 44339000, "netReceivables": 390181000, "inventory": 47144000, "otherCurrentAssets": 399536000, "totalCurrentAssets": 994931000, "longTermInvestments": 23000, "propertyPlantEquipment": 200885000, "goodWill": 248982000, "intangibleAssets": 229782000, "otherAssets": 41489000, "totalAssets": 1716092000, "accountsPayable": 227854000, "shortLongTermDebt": 6080000, "otherCurrentLiab": 83204000, "longTermDebt": 75576000, "otherLiab": 268093000, "minorityInterest": 28550000, "totalCurrentLiabilities": 467490000, "totalLiab": 811159000, "commonStock": 142958000, "retainedEarnings": 498704000, "treasuryStock": 7831000, "capitalSurplus": 226890000, "otherStockholderEquity": 7831000, "totalStockholderEquity": 876383000, "netTangibleAssets": 397619000}, {"maxAge": 1, "endDate": "2019-03-31", "cash": 197071000, "shortTermInvestments": 31350000, "netReceivables": 289303000, "inventory": 90380000, "otherCurrentAssets": 37989000, "totalCurrentAssets": 650571000, "longTermInvestments": 11673000, "propertyPlantEquipment": 223332000, "goodWill": 250822000, "intangibleAssets": 238889000, "otherAssets": 25590000, "totalAssets": 1400877000, "accountsPayable": 176344000, "shortLongTermDebt": 6080000, "otherCurrentLiab": 28682000, "longTermDebt": 82228000, "otherLiab": 230423000, "minorityInterest": 27559000, "totalCurrentLiabilities": 326111000, "totalLiab": 638762000, "commonStock": 142958000, "retainedEarnings": 355728000, "treasuryStock": 8980000, "capitalSurplus": 226890000, "otherStockholderEquity": 8980000, "totalStockholderEquity": 734556000, "netTangibleAssets": 244845000}, {"maxAge": 1, "endDate": "2018-03-31", "cash": 215954000, "shortTermInvestments": 8015000, "netReceivables": 154874000, "inventory": 28736000, "otherCurrentAssets": 211635000, "totalCurrentAssets": 622439000, "longTermInvestments": 11596000, "propertyPlantEquipment": 65249000, "goodWill": 250696000, "intangibleAssets": 229730000, "otherAssets": 76977000, "totalAssets": 1256687000, "accountsPayable": 257541000, "otherCurrentLiab": 22016000, "otherLiab": 202686000, "deferredLongTermLiab": 82400, "minorityInterest": 35403000, "totalCurrentLiabilities": 387243000, "totalLiab": 589929000, "commonStock": 142958000, "retainedEarnings": 254747000, "treasuryStock": 6760000, "capitalSurplus": 226890000, "otherStockholderEquity": 6760000, "totalStockholderEquity": 631355000, "netTangibleAssets": 150929000}, {"maxAge": 1, "endDate": "2017-03-31", "cash": 148403798, "netReceivables": 138165053, "inventory": 33395560, "otherCurrentAssets": 28386050, "totalCurrentAssets": 349822689, "longTermInvestments": 15132103, "propertyPlantEquipment": 29889805, "intangibleAssets": 248090598, "otherAssets": 135671376, "totalAssets": 778606571, "accountsPayable": 40781465, "otherCurrentLiab": 33830364, "otherLiab": 169728735, "totalCurrentLiabilities": 139831282, "totalLiab": 309560017, "commonStock": 142958100, "retainedEarnings": 154119165, "treasuryStock": 10079534, "capitalSurplus": 161889755, "otherStockholderEquity": 10079534, "totalStockholderEquity": 469046554, "netTangibleAssets": 220955956}], "maxAge": 86400}, "financialData": {"maxAge": 86400, "currentPrice": 14.2, "recommendationKey": "none", "grossProfits": 580080000, "financialCurrency": "INR"}}}