{"ALBERTDAVD.NS": {"assetProfile": {"address1": "Gillander House", "address2": "3rd Floor D Block Netaji Subhas Road", "city": "Kolkata", "zip": "700001", "country": "India", "phone": "91 33 2262 8436", "fax": "91 33 2262 8439", "website": "http://www.albertdavidindia.com", "industry": "Drug Manufacturers\u2014Specialty & Generic", "sector": "Healthcare", "longBusinessSummary": "Albert David Limited manufactures and sells pharmaceutical formulations, infusion solutions, herbal dosage forms, bulk drugs, and disposable syringes and needles in India. It offers formulations for parenteral, oral/enteral, topical agents, and vision care problems. The company also exports its products to Latin American, South East Asian, and various African countries. Albert David Limited was incorporated in 1938 and is headquartered in Kolkata, India.", "fullTimeEmployees": 1431, "companyOfficers": [{"maxAge": 1, "name": "Mr. Arun Kumar Kothari", "age": 67, "title": "Exec. Chairman", "yearBorn": 1953, "fiscalYear": 2020, "totalPay": 13230342, "exercisedValue": 0, "unexercisedValue": 0}, {"maxAge": 1, "name": "Dr. Tarminder Singh Parmar", "age": 55, "title": "MD, CEO & Additional Director", "yearBorn": 1965, "fiscalYear": 2020, "totalPay": 22086501, "exercisedValue": 0, "unexercisedValue": 0}, {"maxAge": 1, "name": "Dr. Indrajit  Dhar", "age": 56, "title": "Associate VP of Accounts & Taxation", "yearBorn": 1964, "exercisedValue": 0, "unexercisedValue": 0}, {"maxAge": 1, "name": "Mr. P. K. Jain", "age": 65, "title": "Plant Head - Kolkata", "yearBorn": 1955, "exercisedValue": 0, "unexercisedValue": 0}, {"maxAge": 1, "name": "Mr. D.  Chitlangia", "age": 63, "title": "Associate VP of Commercial - Ghaziabad", "yearBorn": 1957, "exercisedValue": 0, "unexercisedValue": 0}, {"maxAge": 1, "name": "Mr. T.  Neogi", "age": 58, "title": "Associate VP of Quality Assurance", "yearBorn": 1962, "exercisedValue": 0, "unexercisedValue": 0}, {"maxAge": 1, "name": "Mr. Ranadeep  Bhattacharya", "age": 50, "title": "Chief Financial Officer", "yearBorn": 1970, "exercisedValue": 0, "unexercisedValue": 0}, {"maxAge": 1, "name": "Dr. D. P. Ghosh", "age": 76, "title": "Corp. Head of Technical & Scientific Devel.", "yearBorn": 1944, "fiscalYear": 2019, "exercisedValue": 0, "unexercisedValue": 0}, {"maxAge": 1, "name": "Mr. Chirag A. Vora", "title": "Company Sec. & Compliance Officer", "exercisedValue": 0, "unexercisedValue": 0}, {"maxAge": 1, "name": "Mr. Manish  Sharma", "age": 53, "title": "Pres of Sales & Marketing", "yearBorn": 1967, "fiscalYear": 2018, "exercisedValue": 0, "unexercisedValue": 0}], "compensationAsOfEpochDate": "2020-12-31 05:30:00", "maxAge": 86400}, "cashflowStatementHistory": {"cashflowStatements": [{"maxAge": 1, "endDate": "2020-03-31", "netIncome": 191686000, "depreciation": 76169000, "changeToNetincome": -60173000, "changeToAccountReceivables": -83107000, "changeToLiabilities": 101733000, "changeToInventory": 13348000, "changeToOperatingActivities": 60700000, "totalCashFromOperatingActivities": 300934000, "capitalExpenditures": -154229000, "investments": -93552000, "otherCashflowsFromInvestingActivities": 35637000, "totalCashflowsFromInvestingActivities": -199989000, "dividendsPaid": -88834000, "netBorrowings": -6495000, "otherCashflowsFromFinancingActivities": -6370000, "totalCashFromFinancingActivities": -101699000, "effectOfExchangeRate": 802000, "changeInCash": 48000}, {"maxAge": 1, "endDate": "2019-03-31", "netIncome": 266399000, "depreciation": 69550000, "changeToNetincome": -99739000, "changeToAccountReceivables": 55369000, "changeToLiabilities": -20204000, "changeToInventory": -8513000, "changeToOperatingActivities": 55581000, "totalCashFromOperatingActivities": 318673000, "capitalExpenditures": -19600000, "investments": -404657000, "otherCashflowsFromInvestingActivities": 50803000, "totalCashflowsFromInvestingActivities": -190652000, "dividendsPaid": -37506000, "netBorrowings": -129170000, "otherCashflowsFromFinancingActivities": -4203000, "totalCashFromFinancingActivities": -170879000, "effectOfExchangeRate": -94000, "changeInCash": -42952000}, {"maxAge": 1, "endDate": "2018-03-31", "netIncome": 98408000, "depreciation": 82121000, "changeToNetincome": -65765000, "changeToAccountReceivables": 101179000, "changeToLiabilities": 13989000, "changeToInventory": 74503000, "changeToOperatingActivities": -4494000, "totalCashFromOperatingActivities": 300130000, "capitalExpenditures": -37678000, "investments": -63195000, "otherCashflowsFromInvestingActivities": -58756000, "totalCashflowsFromInvestingActivities": -110346000, "dividendsPaid": -37667000, "netBorrowings": -3327000, "otherCashflowsFromFinancingActivities": -4589000, "totalCashFromFinancingActivities": -45583000, "effectOfExchangeRate": 2049000, "changeInCash": 146250000}, {"maxAge": 1, "endDate": "2017-03-31", "netIncome": 159551000, "depreciation": 76512000, "changeToNetincome": -69169000, "changeToAccountReceivables": 21269000, "changeToLiabilities": 30054000, "changeToInventory": -33741000, "changeToOperatingActivities": 14037000, "totalCashFromOperatingActivities": 198666000, "capitalExpenditures": -200704000, "investments": -78003000, "otherCashflowsFromInvestingActivities": -87986000, "totalCashflowsFromInvestingActivities": -365998000, "dividendsPaid": -12274000, "netBorrowings": 84477000, "otherCashflowsFromFinancingActivities": -5290000, "totalCashFromFinancingActivities": 66913000, "effectOfExchangeRate": 2552000, "changeInCash": -97867000}], "maxAge": 86400}, "institutionOwnership": {"maxAge": 1, "ownershipList": []}, "majorHoldersBreakdown": {"maxAge": 1, "insidersPercentHeld": 0.61522, "institutionsPercentHeld": 0.03786, "institutionsFloatPercentHeld": 0.098409995, "institutionsCount": 1}, "balanceSheetHistoryQuarterly": {"balanceSheetStatements": [{"maxAge": 1, "endDate": "2020-12-31", "totalStockholderEquity": 2307372000, "netTangibleAssets": 2288872000}, {"maxAge": 1, "endDate": "2020-09-30", "cash": 288640000, "shortTermInvestments": 929771000, "netReceivables": 400262000, "inventory": 334058000, "otherCurrentAssets": 72979000, "totalCurrentAssets": 2025710000, "longTermInvestments": 350388000, "propertyPlantEquipment": 870071000, "intangibleAssets": 18500000, "otherAssets": 40538000, "totalAssets": 3305207000, "accountsPayable": 357558000, "otherCurrentLiab": 474975000, "otherLiab": 153233000, "totalCurrentLiabilities": 832533000, "totalLiab": 997835000, "commonStock": 57072000, "treasuryStock": 2250300000, "otherStockholderEquity": 2250300000, "totalStockholderEquity": 2307372000, "netTangibleAssets": 2288872000}, {"maxAge": 1, "endDate": "2020-06-30", "totalStockholderEquity": 2227979000, "netTangibleAssets": 2205700000}, {"maxAge": 1, "endDate": "2020-03-31", "cash": 64169000, "netReceivables": 452405000, "inventory": 427229000, "otherCurrentAssets": 89109000, "totalCurrentAssets": 2008990000, "longTermInvestments": 241690000, "propertyPlantEquipment": 902897000, "intangibleAssets": 22279000, "otherAssets": 26312000, "totalAssets": 3202168000, "accountsPayable": 397793000, "otherCurrentLiab": 112534000, "otherLiab": 149959000, "totalCurrentLiabilities": 809788000, "totalLiab": 974189000, "commonStock": 57072000, "retainedEarnings": 2083842000, "treasuryStock": 55593000, "capitalSurplus": 31472000, "otherStockholderEquity": 55593000, "totalStockholderEquity": 2227979000, "netTangibleAssets": 2205700000}], "maxAge": 86400}, "indexTrend": {"maxAge": 1, "symbol": "SP5", "peRatio": 19.7411, "pegRatio": 1.34172, "estimates": [{"period": "0q", "growth": 0.549}, {"period": "+1q", "growth": 0.431}, {"period": "0y", "growth": 0.305}, {"period": "+1y", "growth": 0.109}, {"period": "+5y", "growth": 0.120865}, {"period": "-5y"}]}, "defaultKeyStatistics": {"maxAge": 1, "priceHint": 2, "enterpriseValue": 1321335296, "profitMargins": 0.046079997, "floatShares": 1943823, "sharesOutstanding": 5707160, "heldPercentInsiders": 0.61522, "heldPercentInstitutions": 0.03786, "beta": 0.329374, "category": null, "bookValue": 404.314, "priceToBook": 1.0824507, "fundFamily": null, "legalType": null, "lastFiscalYearEnd": "2020-03-31 05:30:00", "nextFiscalYearEnd": "2022-03-31 05:30:00", "mostRecentQuarter": "2020-12-31 05:30:00", "earningsQuarterlyGrowth": 0.165, "netIncomeToCommon": 115532000, "trailingEps": 20.244, "lastSplitFactor": null, "enterpriseToRevenue": 0.527, "enterpriseToEbitda": 9.887, "52WeekChange": -0.038026154, "SandP52WeekChange": 0.48148263, "lastDividendValue": 7.0, "lastDividendDate": 1584057600}, "summaryProfile": {"address1": "Gillander House", "address2": "3rd Floor D Block Netaji Subhas Road", "city": "Kolkata", "zip": "700001", "country": "India", "phone": "91 33 2262 8436", "fax": "91 33 2262 8439", "website": "http://www.albertdavidindia.com", "industry": "Drug Manufacturers\u2014Specialty & Generic", "sector": "Healthcare", "longBusinessSummary": "Albert David Limited manufactures and sells pharmaceutical formulations, infusion solutions, herbal dosage forms, bulk drugs, and disposable syringes and needles in India. It offers formulations for parenteral, oral/enteral, topical agents, and vision care problems. The company also exports its products to Latin American, South East Asian, and various African countries. Albert David Limited was incorporated in 1938 and is headquartered in Kolkata, India.", "fullTimeEmployees": 1431, "companyOfficers": [], "maxAge": 86400}, "netSharePurchaseActivity": {"maxAge": 1, "period": "6m", "buyInfoCount": 0, "buyInfoShares": 0, "sellInfoCount": 0, "netInfoCount": 0, "netInfoShares": 0, "netPercentInsiderShares": 0.0, "totalInsiderShares": 3511918}, "insiderTransactions": {"transactions": [{"maxAge": 1, "shares": 1218, "value": 6413, "filerUrl": "", "transactionText": "Acquisition at price 5.27 per share.", "filerName": "Kothari Investment & Industries Pvt Ltd", "filerRelation": "Promoter", "moneyText": "", "startDate": "2021-03-25", "ownership": "D"}, {"maxAge": 1, "shares": 500, "value": 2751, "filerUrl": "", "transactionText": "Acquisition at price 5.50 per share.", "filerName": "Kothari (Arun Kumar)", "filerRelation": "Chairman of the Board", "moneyText": "", "startDate": "2021-03-22", "ownership": "D"}, {"maxAge": 1, "shares": 2782, "value": 15135, "filerUrl": "", "transactionText": "Acquisition at price 5.44 per share.", "filerName": "Kothari Investment & Industries Pvt Ltd", "filerRelation": "Promoter", "moneyText": "", "startDate": "2021-03-20", "ownership": "D"}, {"maxAge": 1, "shares": 2000, "value": 8108, "filerUrl": "", "transactionText": "Acquisition at price 4.05 per share.", "filerName": "Kothari (Anand Vardhan)", "filerRelation": "Promoter", "moneyText": "", "startDate": "2020-03-30", "ownership": "D"}, {"maxAge": 1, "shares": 2000, "value": 8052, "filerUrl": "", "transactionText": "Acquisition at price 4.03 per share.", "filerName": "Kothari (Prabhawati Devi)", "filerRelation": "Non Independent Director", "moneyText": "", "startDate": "2020-03-30", "ownership": "D"}, {"maxAge": 1, "shares": 2500, "value": 11888, "filerUrl": "", "transactionText": "Acquisition at price 4.76 per share.", "filerName": "Kothari (Prabhawati Devi)", "filerRelation": "Promoter", "moneyText": "", "startDate": "2020-03-13", "ownership": "D"}, {"maxAge": 1, "shares": 2000, "value": 9944, "filerUrl": "", "transactionText": "Acquisition at price 4.97 per share.", "filerName": "Kothari (Anand Vardhan)", "filerRelation": "Promoter", "moneyText": "", "startDate": "2020-03-12", "ownership": "D"}, {"maxAge": 1, "shares": 179, "value": 900, "filerUrl": "", "transactionText": "Acquisition at price 5.03 per share.", "filerName": "Kothari (Vedika)", "filerRelation": "Promoter", "moneyText": "", "startDate": "2020-03-12", "ownership": "D"}, {"maxAge": 1, "shares": 179, "value": 928, "filerUrl": "", "transactionText": "Acquisition at price 5.19 per share.", "filerName": "Kothari (Vedika)", "filerRelation": "Promoter", "moneyText": "", "startDate": "2020-03-12", "ownership": "D"}, {"maxAge": 1, "shares": 500, "value": 2914, "filerUrl": "", "transactionText": "Acquisition at price 5.83 per share.", "filerName": "Kothari (Anand Vardhan)", "filerRelation": "Promoter", "moneyText": "", "startDate": "2020-01-09", "ownership": "D"}, {"maxAge": 1, "shares": 2038331, "filerUrl": "", "transactionText": "", "filerName": "Kothari Investment & Industries Pvt Ltd", "filerRelation": "Promoter", "moneyText": "", "startDate": "2019-12-04", "ownership": "D"}, {"maxAge": 1, "shares": 0, "filerUrl": "", "transactionText": "", "filerName": "Kothari & Company Pvt. Ltd.", "filerRelation": "Promoter", "moneyText": "", "startDate": "2019-12-04", "ownership": "I"}, {"maxAge": 1, "shares": 527, "filerUrl": "", "transactionText": "", "filerName": "Kothari (Prabhawati Devi)", "filerRelation": "Director (Non-Executive)", "moneyText": "", "startDate": "2019-09-09", "ownership": "D"}, {"maxAge": 1, "shares": 1000, "filerUrl": "", "transactionText": "", "filerName": "Kothari (Anand Vardhan)", "filerRelation": "Promoter", "moneyText": "", "startDate": "2019-08-27", "ownership": "D"}, {"maxAge": 1, "shares": 1800, "filerUrl": "", "transactionText": "", "filerName": "Kothari (Anand Vardhan)", "filerRelation": "Promoter", "moneyText": "", "startDate": "2019-08-20", "ownership": "D"}, {"maxAge": 1, "shares": 300, "filerUrl": "", "transactionText": "", "filerName": "Kothari (Anand Vardhan)", "filerRelation": "Promoter", "moneyText": "", "startDate": "2019-08-14", "ownership": "D"}, {"maxAge": 1, "shares": 2000, "filerUrl": "", "transactionText": "", "filerName": "Kothari (Anand Vardhan)", "filerRelation": "Promoter", "moneyText": "", "startDate": "2019-08-14", "ownership": "D"}, {"maxAge": 1, "shares": 2500, "filerUrl": "", "transactionText": "", "filerName": "Kothari (Anand Vardhan)", "filerRelation": "Promoter", "moneyText": "", "startDate": "2015-11-30", "ownership": "D"}, {"maxAge": 1, "shares": 500, "filerUrl": "", "transactionText": "", "filerName": "Kothari (Anand Vardhan)", "filerRelation": "Promoter", "moneyText": "", "startDate": "2015-06-01", "ownership": "D"}, {"maxAge": 1, "shares": 4000, "filerUrl": "", "transactionText": "", "filerName": "Kothari Phytochemicals & Industries Ltd", "filerRelation": "Promoter", "moneyText": "", "startDate": "2015-04-15", "ownership": "D"}, {"maxAge": 1, "shares": 1546, "filerUrl": "", "transactionText": "", "filerName": "Kothari Phytochemicals & Industries Ltd", "filerRelation": "Promoter", "moneyText": "", "startDate": "2015-04-09", "ownership": "D"}, {"maxAge": 1, "shares": 3200, "filerUrl": "", "transactionText": "", "filerName": "Kothari Phytochemicals & Industries Ltd", "filerRelation": "Promoter", "moneyText": "", "startDate": "2015-04-08", "ownership": "D"}, {"maxAge": 1, "shares": 1500, "filerUrl": "", "transactionText": "", "filerName": "Kothari (Anand Vardhan)", "filerRelation": "Promoter", "moneyText": "", "startDate": "2015-04-07", "ownership": "D"}, {"maxAge": 1, "shares": 2500, "filerUrl": "", "transactionText": "", "filerName": "Kothari (Anand Vardhan)", "filerRelation": "Promoter", "moneyText": "", "startDate": "2015-04-06", "ownership": "D"}], "maxAge": 1}, "quoteType": {"exchange": "NSI", "quoteType": "EQUITY", "symbol": "ALBERTDAVD.NS", "underlyingSymbol": "ALBERTDAVD.NS", "shortName": "ALBERT DAVID", "longName": "Albert David Limited", "firstTradeDateEpochUtc": "2016-06-14 09:15:00", "timeZoneFullName": "Asia/Kolkata", "timeZoneShortName": "IST", "uuid": "2ef2bb66-6920-3e7e-bba4-39e0230faf12", "messageBoardId": "finmb_20332853", "gmtOffSetMilliseconds": 19800000, "maxAge": 1}, "incomeStatementHistory": {"incomeStatementHistory": [{"maxAge": 1, "endDate": "2020-03-31", "totalRevenue": 3207950000, "costOfRevenue": 1053963000, "grossProfit": 2153987000, "researchDevelopment": {}, "sellingGeneralAdministrative": 993431000, "nonRecurring": {}, "otherOperatingExpenses": 821656000, "totalOperatingExpenses": 2946492000, "operatingIncome": 261458000, "totalOtherIncomeExpenseNet": 28086000, "ebit": 261458000, "interestExpense": -6370000, "incomeBeforeTax": 289544000, "incomeTaxExpense": 97858000, "minorityInterest": {}, "netIncomeFromContinuingOps": 191686000, "discontinuedOperations": {}, "extraordinaryItems": {}, "effectOfAccountingCharges": {}, "otherItems": {}, "netIncome": 191686000, "netIncomeApplicableToCommonShares": 191686000}, {"maxAge": 1, "endDate": "2019-03-31", "totalRevenue": 3168910000, "costOfRevenue": 1066883000, "grossProfit": 2102027000, "researchDevelopment": {}, "sellingGeneralAdministrative": 1012601000, "nonRecurring": {}, "otherOperatingExpenses": 792030000, "totalOperatingExpenses": 2941284000, "operatingIncome": 227626000, "totalOtherIncomeExpenseNet": 60886000, "ebit": 227626000, "interestExpense": -3909000, "incomeBeforeTax": 288512000, "incomeTaxExpense": 111269000, "minorityInterest": {}, "netIncomeFromContinuingOps": 177243000, "discontinuedOperations": 89156000, "extraordinaryItems": {}, "effectOfAccountingCharges": {}, "otherItems": {}, "netIncome": 266399000, "netIncomeApplicableToCommonShares": 266399000}, {"maxAge": 1, "endDate": "2018-03-31", "totalRevenue": 2873557000, "costOfRevenue": 892938000, "grossProfit": 1980619000, "researchDevelopment": {}, "sellingGeneralAdministrative": 971358000, "nonRecurring": {}, "otherOperatingExpenses": 778820000, "totalOperatingExpenses": 2725426000, "operatingIncome": 148131000, "totalOtherIncomeExpenseNet": 67308000, "ebit": 148131000, "interestExpense": -4492000, "incomeBeforeTax": 215439000, "incomeTaxExpense": 80617000, "minorityInterest": {}, "netIncomeFromContinuingOps": 134822000, "discontinuedOperations": -36414000, "extraordinaryItems": {}, "effectOfAccountingCharges": {}, "otherItems": {}, "netIncome": 98408000, "netIncomeApplicableToCommonShares": 98408000}, {"maxAge": 1, "endDate": "2017-03-31", "totalRevenue": 2948873000, "costOfRevenue": 734694000, "grossProfit": 2214179000, "researchDevelopment": {}, "sellingGeneralAdministrative": 1002637000, "nonRecurring": {}, "otherOperatingExpenses": 928835000, "totalOperatingExpenses": 2741332000, "operatingIncome": 207541000, "totalOtherIncomeExpenseNet": 64813000, "ebit": 207541000, "interestExpense": -5109000, "incomeBeforeTax": 272354000, "incomeTaxExpense": 101737000, "minorityInterest": {}, "netIncomeFromContinuingOps": 170617000, "discontinuedOperations": -11066000, "extraordinaryItems": {}, "effectOfAccountingCharges": {}, "otherItems": {}, "netIncome": 159551000, "netIncomeApplicableToCommonShares": 159551000}], "maxAge": 86400}, "fundOwnership": {"maxAge": 1, "ownershipList": []}, "summaryDetail": {"maxAge": 1, "priceHint": 2, "previousClose": 442.8, "open": 437.0, "dayLow": 435.0, "dayHigh": 443.5, "regularMarketPreviousClose": 442.8, "regularMarketOpen": 437.0, "regularMarketDayLow": 435.0, "regularMarketDayHigh": 443.5, "exDividendDate": "2020-03-13 05:30:00", "payoutRatio": 0.3457, "beta": 0.329374, "trailingPE": 21.618752, "volume": 12271, "regularMarketVolume": 12271, "averageVolume": 24168, "averageVolume10days": 52700, "averageDailyVolume10Day": 52700, "bid": 0.0, "ask": 0.0, "bidSize": 0, "askSize": 0, "marketCap": 2500841472, "fiftyTwoWeekLow": 374.0, "fiftyTwoWeekHigh": 557.4, "priceToSalesTrailing12Months": 0.99748224, "fiftyDayAverage": 407.70834, "twoHundredDayAverage": 421.49173, "trailingAnnualDividendRate": 0.0, "trailingAnnualDividendYield": 0.0, "currency": "INR", "fromCurrency": null, "toCurrency": null, "lastMarket": null, "algorithm": null, "tradeable": false}, "incomeStatementHistoryQuarterly": {"incomeStatementHistory": [{"maxAge": 1, "endDate": "2020-12-31", "totalRevenue": 652926000, "costOfRevenue": 228697000, "grossProfit": 424229000, "researchDevelopment": {}, "sellingGeneralAdministrative": 198294000, "nonRecurring": {}, "otherOperatingExpenses": 168833000, "totalOperatingExpenses": 616623000, "operatingIncome": 36303000, "totalOtherIncomeExpenseNet": 47176000, "ebit": 36303000, "interestExpense": -1724000, "incomeBeforeTax": 83479000, "incomeTaxExpense": 22285000, "minorityInterest": {}, "netIncomeFromContinuingOps": 61194000, "discontinuedOperations": {}, "extraordinaryItems": {}, "effectOfAccountingCharges": {}, "otherItems": {}, "netIncome": 61194000, "netIncomeApplicableToCommonShares": 61194000}, {"maxAge": 1, "endDate": "2020-09-30", "totalRevenue": 716876000, "costOfRevenue": 264673000, "grossProfit": 452203000, "researchDevelopment": {}, "sellingGeneralAdministrative": 200863000, "nonRecurring": {}, "otherOperatingExpenses": 139106000, "totalOperatingExpenses": 625342000, "operatingIncome": 91534000, "totalOtherIncomeExpenseNet": 28888000, "ebit": 91534000, "interestExpense": -1410000, "incomeBeforeTax": 120422000, "incomeTaxExpense": 22492000, "minorityInterest": {}, "netIncomeFromContinuingOps": 97930000, "discontinuedOperations": {}, "extraordinaryItems": {}, "effectOfAccountingCharges": {}, "otherItems": {}, "netIncome": 97930000, "netIncomeApplicableToCommonShares": 97930000}, {"maxAge": 1, "endDate": "2020-06-30", "totalRevenue": 627095500, "costOfRevenue": 226422500, "grossProfit": 400673000, "researchDevelopment": {}, "sellingGeneralAdministrative": 212777500, "nonRecurring": {}, "otherOperatingExpenses": 153675000, "totalOperatingExpenses": 613375000, "operatingIncome": 13720500, "totalOtherIncomeExpenseNet": 37497000, "ebit": 13720500, "interestExpense": -1535000, "incomeBeforeTax": 51217500, "incomeTaxExpense": 7560500, "minorityInterest": {}, "netIncomeFromContinuingOps": 43657000, "discontinuedOperations": {}, "extraordinaryItems": {}, "effectOfAccountingCharges": {}, "otherItems": {}, "netIncome": 43657000, "netIncomeApplicableToCommonShares": 43657000}, {"maxAge": 1, "endDate": "2020-03-31", "totalRevenue": 600037000, "costOfRevenue": 215353000, "grossProfit": 384684000, "researchDevelopment": {}, "sellingGeneralAdministrative": 317444000, "nonRecurring": {}, "otherOperatingExpenses": 54387000, "totalOperatingExpenses": 608242000, "operatingIncome": -8205000, "totalOtherIncomeExpenseNet": -28552000, "ebit": -8205000, "interestExpense": -336000, "incomeBeforeTax": -36757000, "incomeTaxExpense": -3781000, "minorityInterest": {}, "netIncomeFromContinuingOps": -32976000, "discontinuedOperations": {}, "extraordinaryItems": {}, "effectOfAccountingCharges": {}, "otherItems": {}, "netIncome": -32976000, "netIncomeApplicableToCommonShares": -32976000}], "maxAge": 86400}, "cashflowStatementHistoryQuarterly": {"cashflowStatements": [{"maxAge": 1, "endDate": "2020-12-31", "netIncome": 61194000, "changeToLiabilities": 0}, {"maxAge": 1, "endDate": "2020-09-30", "netIncome": 97930000, "depreciation": 20500000, "changeToNetincome": -40090500, "changeToAccountReceivables": 24113000, "changeToLiabilities": -19984500, "changeToInventory": 46585500, "changeToOperatingActivities": 39953000, "totalCashFromOperatingActivities": 114733500, "capitalExpenditures": -5280000, "investments": -119989500, "otherCashflowsFromInvestingActivities": 3783500, "totalCashflowsFromInvestingActivities": -121438500, "dividendsPaid": -30500, "netBorrowings": -1186500, "otherCashflowsFromFinancingActivities": -1414000, "totalCashFromFinancingActivities": -2631000, "effectOfExchangeRate": -98000, "changeInCash": -9434000}, {"maxAge": 1, "endDate": "2020-06-30", "netIncome": 43657000, "depreciation": 20500000, "changeToNetincome": -40090500, "changeToAccountReceivables": 24113000, "changeToLiabilities": -19984500, "changeToInventory": 46585500, "changeToOperatingActivities": 39953000, "totalCashFromOperatingActivities": 114733500, "capitalExpenditures": -5280000, "investments": -119989500, "otherCashflowsFromInvestingActivities": 3783500, "totalCashflowsFromInvestingActivities": -121438500, "dividendsPaid": -30500, "netBorrowings": -1186500, "otherCashflowsFromFinancingActivities": -1414000, "totalCashFromFinancingActivities": -2631000, "effectOfExchangeRate": -98000, "changeInCash": -9434000}, {"maxAge": 1, "endDate": "2020-03-31", "netIncome": -32976000, "depreciation": 20500000, "changeToNetincome": -40090500, "changeToAccountReceivables": 24113000, "changeToLiabilities": 0, "changeToInventory": 46585500, "changeToOperatingActivities": 39953000, "totalCashFromOperatingActivities": 114733500, "capitalExpenditures": -5280000, "investments": -119989500, "otherCashflowsFromInvestingActivities": 3783500, "totalCashflowsFromInvestingActivities": -121438500, "dividendsPaid": -30500, "netBorrowings": -1186500, "otherCashflowsFromFinancingActivities": -1414000, "totalCashFromFinancingActivities": -2631000, "effectOfExchangeRate": -98000, "changeInCash": -9434000}], "maxAge": 86400}, "insiderHolders": {"holders": [{"maxAge": 1, "name": "Kothari & Company Pvt. Ltd.", "relation": "Promoter", "url": "", "transactionDescription": "Sale", "latestTransDate": "2019-12-04", "positionIndirect": 0, "positionIndirectDate": 1575417600}, {"maxAge": 1, "name": "Kothari (Anand Vardhan)", "relation": "Promoter", "url": "", "transactionDescription": "Acquisition", "latestTransDate": "2020-03-30", "positionDirect": 562000, "positionDirectDate": "2020-03-30"}, {"maxAge": 1, "name": "Kothari (Arun Kumar)", "relation": "Chairman of the Board", "url": "", "transactionDescription": "Acquisition", "latestTransDate": "2021-03-22", "positionDirect": 87500, "positionDirectDate": "2021-03-22"}, {"maxAge": 1, "name": "Kothari (Prabhawati Devi)", "relation": "Non Independent Director", "url": "", "transactionDescription": "Acquisition", "latestTransDate": "2020-03-30", "positionDirect": 17527, "positionDirectDate": "2020-03-30"}, {"maxAge": 1, "name": "Kothari (Vedika)", "relation": "Promoter", "url": "", "transactionDescription": "Acquisition", "latestTransDate": "2020-03-12", "positionDirect": 1500, "positionDirectDate": "2020-03-12"}, {"maxAge": 1, "name": "Kothari Investment & Industries Pvt Ltd", "relation": "Promoter", "url": "", "transactionDescription": "Acquisition", "latestTransDate": "2021-03-25", "positionDirect": 2356231, "positionDirectDate": "2021-03-25"}, {"maxAge": 1, "name": "Kothari Phytochemicals & Industries Ltd", "relation": "Promoter", "url": "", "transactionDescription": "Sale", "latestTransDate": "2015-04-15", "positionDirect": 61589, "positionDirectDate": "2015-04-15"}], "maxAge": 1}, "calendarEvents": {"maxAge": 1, "earnings": {"earningsDate": []}, "exDividendDate": "2020-03-13 05:30:00"}, "price": {"maxAge": 1, "regularMarketChangePercent": -0.011630519, "regularMarketChange": -5.149994, "regularMarketTime": "2021-04-30 15:29:36", "priceHint": 2, "regularMarketPrice": 437.65, "regularMarketDayHigh": 443.5, "regularMarketDayLow": 435.0, "regularMarketVolume": 12271, "averageDailyVolume10Day": 52700, "averageDailyVolume3Month": 24168, "regularMarketPreviousClose": 442.8, "regularMarketSource": "FREE_REALTIME", "regularMarketOpen": 437.0, "exchange": "NSI", "exchangeName": "NSE", "exchangeDataDelayedBy": 15, "marketState": "CLOSED", "quoteType": "EQUITY", "symbol": "ALBERTDAVD.NS", "underlyingSymbol": null, "shortName": "ALBERT DAVID", "longName": "Albert David Limited", "currency": "INR", "quoteSourceName": "Delayed Quote", "currencySymbol": "\u20b9", "fromCurrency": null, "toCurrency": null, "lastMarket": null, "marketCap": 2500841472}, "balanceSheetHistory": {"balanceSheetStatements": [{"maxAge": 1, "endDate": "2020-03-31", "cash": 64169000, "netReceivables": 452405000, "inventory": 427229000, "otherCurrentAssets": 89109000, "totalCurrentAssets": 2008990000, "longTermInvestments": 241690000, "propertyPlantEquipment": 902897000, "intangibleAssets": 22279000, "otherAssets": 26312000, "totalAssets": 3202168000, "accountsPayable": 397793000, "otherCurrentLiab": 112534000, "otherLiab": 149959000, "totalCurrentLiabilities": 809788000, "totalLiab": 974189000, "commonStock": 57072000, "retainedEarnings": 2083842000, "treasuryStock": 55593000, "capitalSurplus": 31472000, "otherStockholderEquity": 55593000, "totalStockholderEquity": 2227979000, "netTangibleAssets": 2205700000}, {"maxAge": 1, "endDate": "2019-03-31", "cash": 68545000, "netReceivables": 363309000, "inventory": 440578000, "otherCurrentAssets": 67645000, "totalCurrentAssets": 1855579000, "longTermInvestments": 214295000, "propertyPlantEquipment": 796674000, "intangibleAssets": 24764000, "otherAssets": 54817000, "totalAssets": 2946129000, "accountsPayable": 296929000, "otherCurrentLiab": 151252000, "otherLiab": 157779000, "totalCurrentLiabilities": 683893000, "totalLiab": 841672000, "commonStock": 57072000, "retainedEarnings": 1987331000, "treasuryStock": 28582000, "capitalSurplus": 31472000, "otherStockholderEquity": 28582000, "totalStockholderEquity": 2104457000, "netTangibleAssets": 2079693000}, {"maxAge": 1, "endDate": "2018-03-31", "cash": 254253000, "netReceivables": 452937000, "inventory": 431407000, "otherCurrentAssets": 94217000, "totalCurrentAssets": 1722601000, "longTermInvestments": 189041000, "propertyPlantEquipment": 856361000, "intangibleAssets": 24531000, "otherAssets": 104914000, "deferredLongTermAssetCharges": 38657000, "totalAssets": 2897448000, "accountsPayable": 317541000, "otherCurrentLiab": 77164000, "otherLiab": 144663000, "totalCurrentLiabilities": 893319000, "totalLiab": 1037982000, "commonStock": 57072000, "retainedEarnings": 1766242000, "treasuryStock": 4680000, "capitalSurplus": 31472000, "otherStockholderEquity": 4680000, "totalStockholderEquity": 1859466000, "netTangibleAssets": 1834935000}, {"maxAge": 1, "endDate": "2017-03-31", "cash": 145593000, "netReceivables": 433883000, "inventory": 494282000, "otherCurrentAssets": 144081000, "totalCurrentAssets": 1639451000, "longTermInvestments": 167457000, "propertyPlantEquipment": 933009000, "intangibleAssets": 21272000, "otherAssets": 84099000, "deferredLongTermAssetCharges": 41689000, "totalAssets": 2845288000, "accountsPayable": 273352000, "otherCurrentLiab": 95917000, "otherLiab": 134592000, "totalCurrentLiabilities": 880566000, "totalLiab": 1015158000, "commonStock": 57072000, "retainedEarnings": 1736906000, "treasuryStock": 4680000, "capitalSurplus": 31472000, "otherStockholderEquity": 4680000, "totalStockholderEquity": 1830130000, "netTangibleAssets": 1808858000}], "maxAge": 86400}, "financialData": {"maxAge": 86400, "currentPrice": 437.65, "recommendationKey": "none", "totalCash": 1218411008, "totalCashPerShare": 213.442, "ebitda": 133642496, "totalDebt": 12069000, "totalRevenue": 2507153920, "debtToEquity": 0.523, "revenuePerShare": 439.324, "grossProfits": 2153987000, "earningsGrowth": 0.165, "revenueGrowth": -0.179, "grossMargins": 0.64226997, "ebitdaMargins": 0.0533, "operatingMargins": 0.022149999, "profitMargins": 0.046079997, "financialCurrency": "INR"}}}