{"ALFAICA.BO": {"cashflowStatementHistory": {"cashflowStatements": [{"maxAge": 1, "endDate": "2020-03-31", "netIncome": 12321013, "depreciation": 8453858, "changeToNetincome": 17924848, "changeToAccountReceivables": -2652041, "changeToLiabilities": -6358258, "changeToInventory": 34516598, "changeToOperatingActivities": -418064, "totalCashFromOperatingActivities": 63787954, "capitalExpenditures": -18213506, "otherCashflowsFromInvestingActivities": 90254, "totalCashflowsFromInvestingActivities": -13851701, "dividendsPaid": -4040000, "netBorrowings": -27915453, "otherCashflowsFromFinancingActivities": -15829379, "totalCashFromFinancingActivities": -47784832, "changeInCash": 2151421}, {"maxAge": 1, "endDate": "2019-03-31", "netIncome": 12454939, "depreciation": 6900925, "changeToNetincome": 16141376, "changeToAccountReceivables": -440382, "changeToLiabilities": -12781318, "changeToInventory": -9878401, "changeToOperatingActivities": 3202709, "totalCashFromOperatingActivities": 15599848, "capitalExpenditures": -29880998, "otherCashflowsFromInvestingActivities": 209955, "totalCashflowsFromInvestingActivities": -29526043, "dividendsPaid": -4040000, "netBorrowings": 34483638, "otherCashflowsFromFinancingActivities": -16982269, "totalCashFromFinancingActivities": 13461369, "changeInCash": -464826}, {"maxAge": 1, "endDate": "2018-03-31", "netIncome": 11778840, "depreciation": 6843287, "changeToNetincome": 12540167, "changeToAccountReceivables": -31038587, "changeToLiabilities": 6577656, "changeToInventory": -198074, "changeToOperatingActivities": -13761679, "totalCashFromOperatingActivities": -7258390, "capitalExpenditures": -12964468, "otherCashflowsFromInvestingActivities": 102202, "totalCashflowsFromInvestingActivities": -12402266, "dividendsPaid": -4040000, "netBorrowings": 1080160, "otherCashflowsFromFinancingActivities": -12354275, "totalCashFromFinancingActivities": -11274115, "changeInCash": -30934771}, {"maxAge": 1, "endDate": "2017-03-31", "netIncome": 9650920, "depreciation": 6529692, "changeToNetincome": 12005579, "changeToAccountReceivables": -5000113, "changeToLiabilities": 31128159, "changeToInventory": 1528902, "changeToOperatingActivities": 1193063, "totalCashFromOperatingActivities": 57036202, "capitalExpenditures": -29727264, "otherCashflowsFromInvestingActivities": 145768, "totalCashflowsFromInvestingActivities": -27509896, "dividendsPaid": -4040000, "netBorrowings": -3570091, "otherCashflowsFromFinancingActivities": -12045922, "totalCashFromFinancingActivities": -15616013, "changeInCash": 13910293}], "maxAge": 86400}, "institutionOwnership": {"maxAge": 1, "ownershipList": []}, "balanceSheetHistoryQuarterly": {"balanceSheetStatements": [{"maxAge": 1, "endDate": "2020-06-30"}, {"maxAge": 1, "endDate": "2020-03-31", "cash": 3361328, "netReceivables": 101711663, "inventory": 103790918, "otherCurrentAssets": 2619488, "totalCurrentAssets": 211790192, "propertyPlantEquipment": 125464009, "otherAssets": 6746787, "totalAssets": 344000988, "accountsPayable": 37610450, "otherCurrentLiab": 5423416, "longTermDebt": 98694127, "otherLiab": 5780578, "totalCurrentLiabilities": 83960562, "totalLiab": 188435267, "commonStock": 40400000, "retainedEarnings": 88665721, "treasuryStock": 26500000, "otherStockholderEquity": 26500000, "totalStockholderEquity": 155565721, "netTangibleAssets": 155565721}, {"maxAge": 1, "endDate": "2019-12-31", "totalStockholderEquity": 149486000, "netTangibleAssets": 149486000}, {"maxAge": 1, "endDate": "2019-09-30", "cash": 2262000, "netReceivables": 93428000, "inventory": 131787000, "otherCurrentAssets": 11770000, "totalCurrentAssets": 239247000, "propertyPlantEquipment": 123720000, "otherAssets": 1529000, "totalAssets": 364496000, "accountsPayable": 58505000, "otherCurrentLiab": 11747000, "longTermDebt": 59730000, "otherLiab": 5411000, "totalCurrentLiabilities": 149869000, "totalLiab": 215010000, "commonStock": 40400000, "treasuryStock": 109086000, "otherStockholderEquity": 109086000, "totalStockholderEquity": 149486000, "netTangibleAssets": 149486000}], "maxAge": 86400}, "indexTrend": {"maxAge": 1, "symbol": "SP5", "peRatio": 19.7411, "pegRatio": 1.34172, "estimates": [{"period": "0q", "growth": 0.549}, {"period": "+1q", "growth": 0.431}, {"period": "0y", "growth": 0.305}, {"period": "+1y", "growth": 0.109}, {"period": "+5y", "growth": 0.120859005}, {"period": "-5y"}]}, "insiderTransactions": {"transactions": [{"maxAge": 1, "shares": 115300, "filerUrl": "", "transactionText": "", "filerName": "Tikmani (Vimala Devi R)", "filerRelation": "Promoter", "moneyText": "", "startDate": "2018-06-12", "ownership": "D"}, {"maxAge": 1, "shares": 399600, "filerUrl": "", "transactionText": "", "filerName": "Tikmani (Pooja)", "filerRelation": "Additonal Director", "moneyText": "", "startDate": "2016-12-30", "ownership": "D"}, {"maxAge": 1, "shares": 252389, "filerUrl": "", "transactionText": "", "filerName": "Tikmani (Rishi)", "filerRelation": "Director (Executive)", "moneyText": "", "startDate": "2016-12-30", "ownership": "D"}, {"maxAge": 1, "shares": 430000, "filerUrl": "", "transactionText": "", "filerName": "Tikmani (Vimala Devi R)", "filerRelation": "Promoter", "moneyText": "", "startDate": "2016-12-30", "ownership": "D"}, {"maxAge": 1, "shares": 269622, "filerUrl": "", "transactionText": "", "filerName": "Tikmani (Vimala Devi R)", "filerRelation": "Promoter", "moneyText": "", "startDate": "2015-11-27", "ownership": "D"}, {"maxAge": 1, "shares": 100000, "filerUrl": "", "transactionText": "", "filerName": "Tikmani (Rishi)", "filerRelation": "Director (Executive)", "moneyText": "", "startDate": "2015-11-19", "ownership": "D"}, {"maxAge": 1, "shares": 92445, "filerUrl": "", "transactionText": "", "filerName": "Tikmani (Rajendra) HUF", "filerRelation": "Managing Director", "moneyText": "", "startDate": "2011-06-20", "ownership": "D"}, {"maxAge": 1, "shares": 95445, "filerUrl": "", "transactionText": "", "filerName": "Tikmani (Rajendra) HUF", "filerRelation": "Managing Director", "moneyText": "", "startDate": "2011-01-10", "ownership": "D"}, {"maxAge": 1, "shares": 22500, "filerUrl": "", "transactionText": "", "filerName": "Tikmani (Rajendra)", "filerRelation": "Managing Director", "moneyText": "", "startDate": "2010-06-14", "ownership": "D"}, {"maxAge": 1, "shares": 29914, "filerUrl": "", "transactionText": "", "filerName": "Tikmani (Rajendra)", "filerRelation": "Managing Director", "moneyText": "", "startDate": "2010-05-21", "ownership": "D"}], "maxAge": 1}, "quoteType": {"exchange": "BSE", "quoteType": "EQUITY", "symbol": "ALFAICA.BO", "underlyingSymbol": "ALFAICA.BO", "shortName": "ALFA ICA (INDIA) LTD.", "longName": "Alfa Ica (India) Limited", "firstTradeDateEpochUtc": "2000-10-18 09:15:00", "timeZoneFullName": "Asia/Kolkata", "timeZoneShortName": "IST", "uuid": "491bbdfd-4c9c-3b66-9dda-174fd88c471d", "messageBoardId": null, "gmtOffSetMilliseconds": 19800000, "maxAge": 1}, "incomeStatementHistory": {"incomeStatementHistory": [{"maxAge": 1, "endDate": "2020-03-31", "totalRevenue": 564746769, "costOfRevenue": 359948539, "grossProfit": 204798230, "researchDevelopment": {}, "sellingGeneralAdministrative": 24863969, "nonRecurring": {}, "otherOperatingExpenses": 143735422, "totalOperatingExpenses": 537001788, "operatingIncome": 27744981, "totalOtherIncomeExpenseNet": -11233511, "ebit": 27744981, "interestExpense": -14472947, "incomeBeforeTax": 16511470, "incomeTaxExpense": 4190457, "minorityInterest": {}, "netIncomeFromContinuingOps": 12321013, "discontinuedOperations": {}, "extraordinaryItems": {}, "effectOfAccountingCharges": {}, "otherItems": {}, "netIncome": 12321013, "netIncomeApplicableToCommonShares": 12321013}, {"maxAge": 1, "endDate": "2019-03-31", "totalRevenue": 560461697, "costOfRevenue": 378463997, "grossProfit": 181997700, "researchDevelopment": {}, "sellingGeneralAdministrative": 21006245, "nonRecurring": {}, "otherOperatingExpenses": 124715214, "totalOperatingExpenses": 531086381, "operatingIncome": 29375316, "totalOtherIncomeExpenseNet": -11523313, "ebit": 29375316, "interestExpense": -14762101, "incomeBeforeTax": 17852003, "incomeTaxExpense": 5397064, "minorityInterest": {}, "netIncomeFromContinuingOps": 12454939, "discontinuedOperations": {}, "extraordinaryItems": {}, "effectOfAccountingCharges": {}, "otherItems": {}, "netIncome": 12454939, "netIncomeApplicableToCommonShares": 12454939}, {"maxAge": 1, "endDate": "2018-03-31", "totalRevenue": 566298267, "costOfRevenue": 402644206, "grossProfit": 163654061, "researchDevelopment": {}, "sellingGeneralAdministrative": 16540386, "nonRecurring": {}, "otherOperatingExpenses": 121027989, "totalOperatingExpenses": 547055868, "operatingIncome": 19242399, "totalOtherIncomeExpenseNet": -3285075, "ebit": 19242399, "interestExpense": -12306037, "incomeBeforeTax": 15957324, "incomeTaxExpense": 4178484, "minorityInterest": {}, "netIncomeFromContinuingOps": 11778840, "discontinuedOperations": {}, "extraordinaryItems": {}, "effectOfAccountingCharges": {}, "otherItems": {}, "netIncome": 11778840, "netIncomeApplicableToCommonShares": 11778840}, {"maxAge": 1, "endDate": "2017-03-31", "totalRevenue": 506794947, "costOfRevenue": 345145832, "grossProfit": 161649115, "researchDevelopment": {}, "sellingGeneralAdministrative": 10774815, "nonRecurring": {}, "otherOperatingExpenses": 113284838, "totalOperatingExpenses": 475735177, "operatingIncome": 31059770, "totalOtherIncomeExpenseNet": -16520927, "ebit": 31059770, "interestExpense": -11379053, "incomeBeforeTax": 14538843, "incomeTaxExpense": 4887923, "minorityInterest": {}, "netIncomeFromContinuingOps": 9650920, "discontinuedOperations": {}, "extraordinaryItems": {}, "effectOfAccountingCharges": {}, "otherItems": {}, "netIncome": 9650920, "netIncomeApplicableToCommonShares": 9650920}], "maxAge": 86400}, "fundOwnership": {"maxAge": 1, "ownershipList": []}, "summaryDetail": {"maxAge": 1, "priceHint": 2, "previousClose": 29.7, "open": 28.25, "dayLow": 28.25, "dayHigh": 28.3, "regularMarketPreviousClose": 29.7, "regularMarketOpen": 28.25, "regularMarketDayLow": 28.25, "regularMarketDayHigh": 28.3, "trailingPE": 9.860627, "volume": 590, "regularMarketVolume": 590, "averageVolume": 1564, "averageVolume10days": 466, "averageDailyVolume10Day": 466, "bid": 28.25, "ask": 29.95, "bidSize": 0, "askSize": 0, "marketCap": 114332000, "fiftyTwoWeekLow": 17.2, "fiftyTwoWeekHigh": 28.35, "fiftyDayAverage": 25.685715, "twoHundredDayAverage": 23.634783, "trailingAnnualDividendRate": 1.0, "trailingAnnualDividendYield": 0.033670034, "currency": "INR", "fromCurrency": null, "toCurrency": null, "lastMarket": null, "algorithm": null, "tradeable": false}, "incomeStatementHistoryQuarterly": {"incomeStatementHistory": [{"maxAge": 1, "endDate": "2020-06-30", "totalRevenue": 86620000, "costOfRevenue": 50429000, "grossProfit": 36191000, "researchDevelopment": {}, "sellingGeneralAdministrative": 5628000, "nonRecurring": {}, "otherOperatingExpenses": 21498000, "totalOperatingExpenses": 79747000, "operatingIncome": 6873000, "totalOtherIncomeExpenseNet": -4306000, "ebit": 6873000, "interestExpense": -4306000, "incomeBeforeTax": 2567000, "incomeTaxExpense": 503000, "minorityInterest": {}, "netIncomeFromContinuingOps": 2064000, "discontinuedOperations": {}, "extraordinaryItems": {}, "effectOfAccountingCharges": {}, "otherItems": {}, "netIncome": 2064000, "netIncomeApplicableToCommonShares": 2064000}, {"maxAge": 1, "endDate": "2020-03-31", "totalRevenue": 134573769, "costOfRevenue": 82932539, "grossProfit": 51641230, "researchDevelopment": {}, "sellingGeneralAdministrative": 8916969, "nonRecurring": {}, "otherOperatingExpenses": 36186422, "totalOperatingExpenses": 130140788, "operatingIncome": 4432981, "totalOtherIncomeExpenseNet": 14489, "ebit": 4432981, "interestExpense": -3160947, "incomeBeforeTax": 4447470, "incomeTaxExpense": 1195457, "minorityInterest": {}, "netIncomeFromContinuingOps": 3252013, "discontinuedOperations": {}, "extraordinaryItems": {}, "effectOfAccountingCharges": {}, "otherItems": {}, "netIncome": 3252013, "netIncomeApplicableToCommonShares": 3252013}, {"maxAge": 1, "endDate": "2019-12-31", "totalRevenue": 141273000, "costOfRevenue": 87881000, "grossProfit": 53392000, "researchDevelopment": {}, "sellingGeneralAdministrative": 5418000, "nonRecurring": {}, "otherOperatingExpenses": 37332000, "totalOperatingExpenses": 132747000, "operatingIncome": 8526000, "totalOtherIncomeExpenseNet": -4391000, "ebit": 8526000, "interestExpense": -4429000, "incomeBeforeTax": 4135000, "incomeTaxExpense": 1318000, "minorityInterest": {}, "netIncomeFromContinuingOps": 2817000, "discontinuedOperations": {}, "extraordinaryItems": {}, "effectOfAccountingCharges": {}, "otherItems": {}, "netIncome": 2817000, "netIncomeApplicableToCommonShares": 2817000}, {"maxAge": 1, "endDate": "2019-09-30", "totalRevenue": 161338000, "costOfRevenue": 113090000, "grossProfit": 48248000, "researchDevelopment": {}, "sellingGeneralAdministrative": 5021000, "nonRecurring": {}, "otherOperatingExpenses": 33884000, "totalOperatingExpenses": 154163000, "operatingIncome": 7175000, "totalOtherIncomeExpenseNet": -3117000, "ebit": 7175000, "interestExpense": -3122000, "incomeBeforeTax": 4058000, "incomeTaxExpense": 600000, "minorityInterest": {}, "netIncomeFromContinuingOps": 3458000, "discontinuedOperations": {}, "extraordinaryItems": {}, "effectOfAccountingCharges": {}, "otherItems": {}, "netIncome": 3458000, "netIncomeApplicableToCommonShares": 3458000}], "maxAge": 86400}, "cashflowStatementHistoryQuarterly": {"cashflowStatements": [{"maxAge": 1, "endDate": "2020-06-30", "netIncome": 2064000, "changeToLiabilities": 0}, {"maxAge": 1, "endDate": "2020-03-31", "netIncome": 3252013, "changeToLiabilities": 0}, {"maxAge": 1, "endDate": "2019-12-31", "netIncome": 2817000, "changeToLiabilities": 0}, {"maxAge": 1, "endDate": "2019-09-30", "netIncome": 3458000, "changeToLiabilities": 0}], "maxAge": 86400}, "insiderHolders": {"holders": [{"maxAge": 1, "name": "Tikmani (Pooja)", "relation": "Additonal Director", "url": "", "transactionDescription": "Acquisition", "latestTransDate": "2016-12-30", "positionDirect": 439600, "positionDirectDate": "2016-12-30"}, {"maxAge": 1, "name": "Tikmani (Rajendra)", "relation": "Managing Director", "url": "", "transactionDescription": "Acquisition", "latestTransDate": "2010-06-14", "positionDirect": 1075128, "positionDirectDate": "2010-06-14"}, {"maxAge": 1, "name": "Tikmani (Rajendra) HUF", "relation": "Managing Director", "url": "", "transactionDescription": "Acquisition", "latestTransDate": "2011-06-20", "positionDirect": 3000, "positionDirectDate": "2011-06-20"}, {"maxAge": 1, "name": "Tikmani (Rishi)", "relation": "Director (Executive)", "url": "", "transactionDescription": "Acquisition", "latestTransDate": "2016-12-30", "positionDirect": 561200, "positionDirectDate": "2016-12-30"}, {"maxAge": 1, "name": "Tikmani (Vimala Devi R)", "relation": "Promoter", "url": "", "transactionDescription": "Purchase", "latestTransDate": "2018-06-12", "positionDirect": 872922, "positionDirectDate": "2018-06-12"}], "maxAge": 1}, "calendarEvents": {"maxAge": 1, "earnings": {"earningsDate": []}}, "price": {"maxAge": 1, "regularMarketChangePercent": -0.0471381, "regularMarketChange": -1.4000015, "regularMarketTime": "2021-04-30 15:11:55", "priceHint": 2, "regularMarketPrice": 28.3, "regularMarketDayHigh": 28.3, "regularMarketDayLow": 28.25, "regularMarketVolume": 590, "averageDailyVolume10Day": 466, "averageDailyVolume3Month": 1564, "regularMarketPreviousClose": 29.7, "regularMarketSource": "FREE_REALTIME", "regularMarketOpen": 28.25, "exchange": "BSE", "exchangeName": "BSE", "exchangeDataDelayedBy": 0, "marketState": "CLOSED", "quoteType": "EQUITY", "symbol": "ALFAICA.BO", "underlyingSymbol": null, "shortName": "ALFA ICA (INDIA) LTD.", "longName": "Alfa Ica (India) Limited", "currency": "INR", "quoteSourceName": "Delayed Quote", "currencySymbol": "\u20b9", "fromCurrency": null, "toCurrency": null, "lastMarket": null, "marketCap": 114332000}, "balanceSheetHistory": {"balanceSheetStatements": [{"maxAge": 1, "endDate": "2020-03-31", "cash": 3361328, "netReceivables": 101711663, "inventory": 103790918, "otherCurrentAssets": 2619488, "totalCurrentAssets": 211790192, "propertyPlantEquipment": 125464009, "otherAssets": 6746787, "totalAssets": 344000988, "accountsPayable": 37610450, "otherCurrentLiab": 5423416, "longTermDebt": 98694127, "otherLiab": 5780578, "totalCurrentLiabilities": 83960562, "totalLiab": 188435267, "commonStock": 40400000, "retainedEarnings": 88665721, "treasuryStock": 26500000, "otherStockholderEquity": 26500000, "totalStockholderEquity": 155565721, "netTangibleAssets": 155565721}, {"maxAge": 1, "endDate": "2019-03-31", "cash": 1209907, "netReceivables": 103296528, "inventory": 138307516, "otherCurrentAssets": 394454, "totalCurrentAssets": 244307839, "propertyPlantEquipment": 122531852, "otherAssets": 1450625, "totalAssets": 368290316, "accountsPayable": 43968708, "otherCurrentLiab": 3331303, "longTermDebt": 63755220, "otherLiab": 5501706, "totalCurrentLiabilities": 150929131, "totalLiab": 220186057, "commonStock": 40400000, "retainedEarnings": 81204259, "treasuryStock": 26500000, "otherStockholderEquity": 26500000, "totalStockholderEquity": 148104259, "netTangibleAssets": 148104259}, {"maxAge": 1, "endDate": "2018-03-31", "cash": 1674733, "netReceivables": 106450498, "inventory": 128429115, "otherCurrentAssets": 74004, "totalCurrentAssets": 236971167, "propertyPlantEquipment": 99609410, "otherAssets": 1442991, "totalAssets": 338023568, "accountsPayable": 56750026, "otherCurrentLiab": 3427159, "longTermDebt": 66909807, "otherLiab": 4558900, "totalCurrentLiabilities": 126146451, "totalLiab": 197615158, "commonStock": 40400000, "retainedEarnings": 73508410, "treasuryStock": 26500000, "otherStockholderEquity": 26500000, "totalStockholderEquity": 140408410, "netTangibleAssets": 140408410}, {"maxAge": 1, "endDate": "2017-03-31", "cash": 32609505, "netReceivables": 65097105, "inventory": 128231041, "otherCurrentAssets": 1470260, "totalCurrentAssets": 228005761, "propertyPlantEquipment": 94502561, "otherAssets": 1434897, "totalAssets": 323943219, "accountsPayable": 50172370, "otherCurrentLiab": 9043250, "longTermDebt": 65065788, "otherLiab": 4556653, "totalCurrentLiabilities": 125691208, "totalLiab": 195313649, "commonStock": 40400000, "retainedEarnings": 61729570, "treasuryStock": 26500000, "otherStockholderEquity": 26500000, "totalStockholderEquity": 128629570, "netTangibleAssets": 128629570}], "maxAge": 86400}, "financialData": {"maxAge": 86400, "currentPrice": 28.3, "recommendationKey": "none", "grossProfits": 204798230, "financialCurrency": "INR"}}}