{"ALFL.BO": {"cashflowStatementHistory": {"cashflowStatements": [{"maxAge": 1, "endDate": "2020-03-31", "netIncome": 152498, "depreciation": 69539, "changeToNetincome": 76302, "changeToLiabilities": 0, "changeToInventory": 80418856, "changeToOperatingActivities": -78060125, "totalCashFromOperatingActivities": 2657070, "investments": 380000, "totalCashflowsFromInvestingActivities": 380000, "changeInCash": 3037071}, {"maxAge": 1, "endDate": "2019-03-31", "netIncome": -142322, "depreciation": 94007, "changeToNetincome": 364196, "changeToLiabilities": 0, "changeToInventory": -42935768, "changeToOperatingActivities": 44390490, "totalCashFromOperatingActivities": 1770603, "investments": -282874, "totalCashflowsFromInvestingActivities": -282874, "changeInCash": 1487729}, {"maxAge": 1, "endDate": "2018-03-31", "netIncome": 371196, "depreciation": 126909, "changeToNetincome": 46158, "changeToAccountReceivables": -5183721, "changeToLiabilities": -521282, "changeToInventory": -41666792, "changeToOperatingActivities": 30622557, "totalCashFromOperatingActivities": -11021254, "investments": 11768000, "totalCashflowsFromInvestingActivities": 11768000, "changeInCash": 746746}, {"maxAge": 1, "endDate": "2017-03-31", "netIncome": 35594, "depreciation": 224678, "changeToNetincome": -272692, "changeToAccountReceivables": -5183721, "changeToLiabilities": 521282, "changeToInventory": 4474957, "changeToOperatingActivities": 107027576, "totalCashFromOperatingActivities": 112011395, "investments": -17977200, "otherCashflowsFromInvestingActivities": 164402, "totalCashflowsFromInvestingActivities": -17812798, "netBorrowings": -95848475, "totalCashFromFinancingActivities": -95848475, "changeInCash": -1649878}], "maxAge": 86400}, "institutionOwnership": {"ownershipList": [], "maxAge": 1}, "balanceSheetHistoryQuarterly": {"balanceSheetStatements": [{"maxAge": 1, "endDate": "2020-06-30", "totalStockholderEquity": 55531820, "netTangibleAssets": 55531820}, {"maxAge": 1, "endDate": "2020-03-31", "cash": 5410755, "netReceivables": 59346341, "inventory": 20451949, "otherCurrentAssets": 230508, "totalCurrentAssets": 85439553, "longTermInvestments": 5646326, "propertyPlantEquipment": 297685, "otherAssets": 2446468, "totalAssets": 93830032, "accountsPayable": 37518045, "otherCurrentLiab": 304133, "otherLiab": 210051, "totalCurrentLiabilities": 38088161, "totalLiab": 38298212, "commonStock": 49980000, "retainedEarnings": 5120566, "treasuryStock": 431254, "otherStockholderEquity": 431254, "totalStockholderEquity": 55531820, "netTangibleAssets": 55531820}, {"maxAge": 1, "endDate": "2019-12-31", "totalStockholderEquity": 51624000, "netTangibleAssets": 51624000}, {"maxAge": 1, "endDate": "2019-09-30", "cash": 1412000, "netReceivables": 3491000, "inventory": 102106000, "totalCurrentAssets": 107009000, "longTermInvestments": 7592000, "propertyPlantEquipment": 332000, "otherAssets": 18425000, "totalAssets": 133358000, "accountsPayable": 79635000, "otherCurrentLiab": 2090000, "otherLiab": 9000, "totalCurrentLiabilities": 81725000, "totalLiab": 81734000, "commonStock": 49980000, "treasuryStock": 1644000, "otherStockholderEquity": 1644000, "totalStockholderEquity": 51624000, "netTangibleAssets": 51624000}], "maxAge": 86400}, "indexTrend": {"maxAge": 1, "symbol": "SP5", "peRatio": 19.7411, "pegRatio": 1.34172, "estimates": [{"period": "0q", "growth": 0.549}, {"period": "+1q", "growth": 0.431}, {"period": "0y", "growth": 0.305}, {"period": "+1y", "growth": 0.109}, {"period": "+5y", "growth": 0.120859005}, {"period": "-5y"}]}, "quoteType": {"exchange": "BSE", "quoteType": "EQUITY", "symbol": "ALFL.BO", "underlyingSymbol": "ALFL.BO", "shortName": "Abhinav Leasing & Finance Limi", "longName": "Abhinav Leasing and Finance Limited", "firstTradeDateEpochUtc": "2015-02-12 09:15:00", "timeZoneFullName": "Asia/Kolkata", "timeZoneShortName": "IST", "uuid": "1aaa9a17-87c6-33d7-8165-72a05a24d84d", "gmtOffSetMilliseconds": 19800000, "maxAge": 1}, "incomeStatementHistory": {"incomeStatementHistory": [{"maxAge": 1, "endDate": "2020-03-31", "totalRevenue": 299985712, "costOfRevenue": 299423928, "grossProfit": 561784, "researchDevelopment": {}, "sellingGeneralAdministrative": 323468, "nonRecurring": {}, "otherOperatingExpenses": {}, "totalOperatingExpenses": 299816936, "operatingIncome": 168776, "totalOtherIncomeExpenseNet": 60023, "ebit": 0, "interestExpense": {}, "incomeBeforeTax": 228799, "incomeTaxExpense": 76301, "minorityInterest": {}, "netIncomeFromContinuingOps": 152498, "discontinuedOperations": {}, "extraordinaryItems": {}, "effectOfAccountingCharges": {}, "otherItems": {}, "netIncome": 152498, "netIncomeApplicableToCommonShares": 152498}, {"maxAge": 1, "endDate": "2019-03-31", "totalRevenue": 58407354, "costOfRevenue": 57732272, "grossProfit": 675082, "researchDevelopment": {}, "sellingGeneralAdministrative": 439248, "nonRecurring": {}, "otherOperatingExpenses": 1871000, "totalOperatingExpenses": 58265527, "operatingIncome": 141827, "totalOtherIncomeExpenseNet": -68186, "ebit": 0, "interestExpense": {}, "incomeBeforeTax": 72641, "incomeTaxExpense": 214963, "minorityInterest": {}, "netIncomeFromContinuingOps": -142322, "discontinuedOperations": {}, "extraordinaryItems": {}, "effectOfAccountingCharges": {}, "otherItems": {}, "netIncome": -142322, "netIncomeApplicableToCommonShares": -142322}, {"maxAge": 1, "endDate": "2018-03-31", "totalRevenue": 213813659, "costOfRevenue": 212969705, "grossProfit": 843954, "researchDevelopment": {}, "sellingGeneralAdministrative": 329961, "nonRecurring": {}, "otherOperatingExpenses": 1439104, "totalOperatingExpenses": 213426575, "operatingIncome": 387084, "totalOtherIncomeExpenseNet": 131910, "ebit": 0, "interestExpense": {}, "incomeBeforeTax": 518994, "incomeTaxExpense": 147798, "minorityInterest": {}, "netIncomeFromContinuingOps": 371196, "discontinuedOperations": {}, "extraordinaryItems": {}, "effectOfAccountingCharges": {}, "otherItems": {}, "netIncome": 371196, "netIncomeApplicableToCommonShares": 371196}, {"maxAge": 1, "endDate": "2017-03-31", "totalRevenue": 34799578, "costOfRevenue": 28934995, "grossProfit": 5864583, "researchDevelopment": {}, "sellingGeneralAdministrative": 439444, "nonRecurring": {}, "otherOperatingExpenses": -260981, "totalOperatingExpenses": 29338136, "operatingIncome": 5461442, "totalOtherIncomeExpenseNet": -5391082, "ebit": 0, "interestExpense": {}, "incomeBeforeTax": 70360, "incomeTaxExpense": 34766, "minorityInterest": {}, "netIncomeFromContinuingOps": 35594, "discontinuedOperations": {}, "extraordinaryItems": {}, "effectOfAccountingCharges": {}, "otherItems": {}, "netIncome": 35594, "netIncomeApplicableToCommonShares": 35594}], "maxAge": 86400}, "fundOwnership": {"ownershipList": [], "maxAge": 1}, "summaryDetail": {"maxAge": 1, "priceHint": 4, "previousClose": 0.69, "open": 0.69, "dayLow": 0.69, "dayHigh": 0.69, "regularMarketPreviousClose": 0.69, "regularMarketOpen": 0.69, "regularMarketDayLow": 0.69, "regularMarketDayHigh": 0.69, "volume": 330, "regularMarketVolume": 330, "averageVolume": 8305, "averageVolume10days": 5348, "averageDailyVolume10Day": 5348, "bid": 0.69, "ask": 0.72, "bidSize": 0, "askSize": 0, "marketCap": 34486200, "fiftyTwoWeekLow": 0.51, "fiftyTwoWeekHigh": 1.2, "fiftyDayAverage": 0.62757576, "twoHundredDayAverage": 0.7653676, "currency": "INR", "fromCurrency": null, "lastMarket": null, "algorithm": null, "tradeable": false}, "incomeStatementHistoryQuarterly": {"incomeStatementHistory": [{"maxAge": 1, "endDate": "2020-06-30", "totalRevenue": 640233000, "costOfRevenue": 640362000, "grossProfit": -129000, "researchDevelopment": {}, "sellingGeneralAdministrative": 75000, "nonRecurring": {}, "otherOperatingExpenses": 299000, "totalOperatingExpenses": 640736000, "operatingIncome": -503000, "totalOtherIncomeExpenseNet": 0, "ebit": 0, "interestExpense": {}, "incomeBeforeTax": -503000, "incomeTaxExpense": 0, "minorityInterest": {}, "netIncomeFromContinuingOps": -503000, "discontinuedOperations": {}, "extraordinaryItems": {}, "effectOfAccountingCharges": {}, "otherItems": {}, "netIncome": -503000, "netIncomeApplicableToCommonShares": -503000}, {"maxAge": 1, "endDate": "2020-03-31", "totalRevenue": 148443712, "costOfRevenue": 149042928, "grossProfit": -599216, "researchDevelopment": {}, "sellingGeneralAdministrative": 103468, "nonRecurring": {}, "otherOperatingExpenses": -641000, "totalOperatingExpenses": 148543936, "operatingIncome": -100224, "totalOtherIncomeExpenseNet": 60023, "ebit": 0, "interestExpense": {}, "incomeBeforeTax": -40201, "incomeTaxExpense": 76301, "minorityInterest": {}, "netIncomeFromContinuingOps": -116502, "discontinuedOperations": {}, "extraordinaryItems": {}, "effectOfAccountingCharges": {}, "otherItems": {}, "netIncome": -116502, "netIncomeApplicableToCommonShares": -116502}, {"maxAge": 1, "endDate": "2019-12-31", "totalRevenue": 47235000, "costOfRevenue": 46717000, "grossProfit": 518000, "researchDevelopment": {}, "sellingGeneralAdministrative": 60000, "nonRecurring": {}, "otherOperatingExpenses": 94000, "totalOperatingExpenses": 46888000, "operatingIncome": 347000, "totalOtherIncomeExpenseNet": -1000, "ebit": 0, "interestExpense": {}, "incomeBeforeTax": 346000, "incomeTaxExpense": 90000, "minorityInterest": {}, "netIncomeFromContinuingOps": 256000, "discontinuedOperations": {}, "extraordinaryItems": {}, "effectOfAccountingCharges": {}, "otherItems": {}, "netIncome": 256000, "netIncomeApplicableToCommonShares": 256000}, {"maxAge": 1, "endDate": "2019-09-30", "totalRevenue": 99564000, "costOfRevenue": 99654000, "grossProfit": -90000, "researchDevelopment": {}, "sellingGeneralAdministrative": 82000, "nonRecurring": {}, "otherOperatingExpenses": 100000, "totalOperatingExpenses": 99871000, "operatingIncome": -307000, "totalOtherIncomeExpenseNet": -1000, "ebit": 0, "interestExpense": {}, "incomeBeforeTax": -308000, "incomeTaxExpense": 0, "minorityInterest": {}, "netIncomeFromContinuingOps": -308000, "discontinuedOperations": {}, "extraordinaryItems": {}, "effectOfAccountingCharges": {}, "otherItems": {}, "netIncome": -308000, "netIncomeApplicableToCommonShares": -308000}], "maxAge": 86400}, "cashflowStatementHistoryQuarterly": {"cashflowStatements": [{"maxAge": 1, "endDate": "2020-06-30", "netIncome": -503000, "changeToLiabilities": 0}, {"maxAge": 1, "endDate": "2020-03-31", "netIncome": -116502, "changeToLiabilities": 0}, {"maxAge": 1, "endDate": "2019-12-31", "netIncome": 256000, "changeToLiabilities": 0}, {"maxAge": 1, "endDate": "2019-09-30", "netIncome": -308000, "changeToLiabilities": 0}], "maxAge": 86400}, "insiderHolders": {"holders": [], "maxAge": 1}, "calendarEvents": {"maxAge": 1, "earnings": {"earningsDate": ["2020-09-14 05:30:S"]}}, "upgradeDowngradeHistory": {"history": [], "maxAge": 86400}, "price": {"maxAge": 1, "regularMarketChangePercent": 0.0, "regularMarketChange": 0.0, "regularMarketTime": "2021-04-30 15:15:00", "priceHint": 4, "regularMarketPrice": 0.69, "regularMarketDayHigh": 0.69, "regularMarketDayLow": 0.69, "regularMarketVolume": 330, "averageDailyVolume10Day": 5348, "averageDailyVolume3Month": 8305, "regularMarketPreviousClose": 0.69, "regularMarketSource": "FREE_REALTIME", "regularMarketOpen": 0.69, "exchange": "BSE", "exchangeName": "BSE", "exchangeDataDelayedBy": 0, "marketState": "CLOSED", "quoteType": "EQUITY", "symbol": "ALFL.BO", "underlyingSymbol": null, "shortName": "Abhinav Leasing & Finance Limi", "longName": "Abhinav Leasing and Finance Limited", "currency": "INR", "quoteSourceName": "Delayed Quote", "currencySymbol": "\u20b9", "fromCurrency": null, "lastMarket": null, "marketCap": 34486200}, "balanceSheetHistory": {"balanceSheetStatements": [{"maxAge": 1, "endDate": "2020-03-31", "cash": 5410755, "netReceivables": 59346341, "inventory": 20451949, "otherCurrentAssets": 230508, "totalCurrentAssets": 85439553, "longTermInvestments": 5646326, "propertyPlantEquipment": 297685, "otherAssets": 2446468, "totalAssets": 93830032, "accountsPayable": 37518045, "otherCurrentLiab": 304133, "otherLiab": 210051, "totalCurrentLiabilities": 38088161, "totalLiab": 38298212, "commonStock": 49980000, "retainedEarnings": 5120566, "treasuryStock": 431254, "otherStockholderEquity": 431254, "totalStockholderEquity": 55531820, "netTangibleAssets": 55531820}, {"maxAge": 1, "endDate": "2019-03-31", "cash": 2373684, "netReceivables": 14655461, "inventory": 100870805, "otherCurrentAssets": 791863, "totalCurrentAssets": 118691813, "longTermInvestments": 6026326, "propertyPlantEquipment": 367224, "otherAssets": 481292, "totalAssets": 125566655, "accountsPayable": 68321982, "otherCurrentLiab": 1204745, "otherLiab": 193236, "totalCurrentLiabilities": 69949398, "totalLiab": 70142634, "commonStock": 49980000, "retainedEarnings": 5043267, "treasuryStock": 400754, "otherStockholderEquity": 400754, "totalStockholderEquity": 55424021, "netTangibleAssets": 55424021}, {"maxAge": 1, "endDate": "2018-03-31", "cash": 885955, "netReceivables": 17082298, "inventory": 57935037, "otherCurrentAssets": 739485, "totalCurrentAssets": 76642775, "longTermInvestments": 6309200, "propertyPlantEquipment": 461231, "otherAssets": 481292, "totalAssets": 83894498, "accountsPayable": 27012244, "otherCurrentLiab": 897595, "otherLiab": 8587, "totalCurrentLiabilities": 28080644, "totalLiab": 28089231, "commonStock": 49980000, "retainedEarnings": 5690392, "treasuryStock": 134875, "otherStockholderEquity": 134875, "totalStockholderEquity": 55805267, "netTangibleAssets": 55805267}, {"maxAge": 1, "endDate": "2017-03-31", "cash": 139209, "netReceivables": 31405506, "inventory": 16268245, "otherCurrentAssets": 1318536, "totalCurrentAssets": 49131496, "longTermInvestments": 18077200, "propertyPlantEquipment": 588140, "totalAssets": 67796836, "accountsPayable": 521282, "otherCurrentLiab": 1859051, "otherLiab": -5571, "totalCurrentLiabilities": 12400336, "totalLiab": 12394765, "commonStock": 49980000, "retainedEarnings": 5021317, "treasuryStock": 400754, "otherStockholderEquity": 400754, "totalStockholderEquity": 55402071, "netTangibleAssets": 55402071}], "maxAge": 86400}, "financialData": {"maxAge": 86400, "currentPrice": 0.69, "recommendationKey": "none", "grossProfits": 561784, "financialCurrency": "INR"}}}