{"ALFREDHE.BO": {"cashflowStatementHistory": {"cashflowStatements": [{"maxAge": 1, "endDate": "2020-03-31", "netIncome": 9156000, "depreciation": 2511000, "changeToNetincome": -7704000, "changeToAccountReceivables": 5189000, "changeToLiabilities": 7422000, "changeToInventory": -10217000, "changeToOperatingActivities": -93000, "totalCashFromOperatingActivities": 6283000, "capitalExpenditures": -51565000, "investments": 101389000, "totalCashflowsFromInvestingActivities": 49824000, "dividendsPaid": -1929000, "netBorrowings": -4065000, "otherCashflowsFromFinancingActivities": -1460000, "totalCashFromFinancingActivities": -7454000, "changeInCash": 48654000}, {"maxAge": 1, "endDate": "2019-03-31", "netIncome": 23639000, "depreciation": 1668000, "changeToNetincome": -9610000, "changeToAccountReceivables": 3397000, "changeToLiabilities": 2331000, "changeToInventory": -2562000, "changeToOperatingActivities": 232000, "totalCashFromOperatingActivities": 19213000, "capitalExpenditures": -18183000, "investments": 5898000, "totalCashflowsFromInvestingActivities": -12285000, "dividendsPaid": -1929000, "netBorrowings": 1193000, "otherCashflowsFromFinancingActivities": -1938000, "totalCashFromFinancingActivities": -2674000, "changeInCash": 4254000}, {"maxAge": 1, "endDate": "2018-03-31", "netIncome": -7698822, "depreciation": 2369184, "changeToNetincome": 6956467, "changeToAccountReceivables": 16046928, "changeToLiabilities": -6511752, "changeToInventory": 1613367, "changeToOperatingActivities": -10878031, "totalCashFromOperatingActivities": 1897341, "capitalExpenditures": -21958574, "investments": 32556683, "totalCashflowsFromInvestingActivities": 10598109, "dividendsPaid": -1542858, "netBorrowings": -11817085, "otherCashflowsFromFinancingActivities": -2660272, "totalCashFromFinancingActivities": -16020215, "changeInCash": -3524765}, {"maxAge": 1, "endDate": "2017-03-31", "netIncome": 144734853, "depreciation": 2170110, "changeToNetincome": -193998811, "changeToAccountReceivables": 3095031, "changeToLiabilities": 0, "changeToInventory": 609830, "changeToOperatingActivities": 5632569, "totalCashFromOperatingActivities": -37756418, "capitalExpenditures": -18923101, "investments": -139456618, "totalCashflowsFromInvestingActivities": 42338810, "dividendsPaid": -1514996, "netBorrowings": 4898501, "otherCashflowsFromFinancingActivities": -2759500, "totalCashFromFinancingActivities": 624005, "changeInCash": 5206397}], "maxAge": 86400}, "institutionOwnership": {"maxAge": 1, "ownershipList": []}, "balanceSheetHistoryQuarterly": {"balanceSheetStatements": [{"maxAge": 1, "endDate": "2020-06-30", "totalStockholderEquity": 779906000, "netTangibleAssets": 779906000}, {"maxAge": 1, "endDate": "2020-03-31", "cash": 56762000, "shortTermInvestments": 1637000, "netReceivables": 3750000, "inventory": 48735000, "otherCurrentAssets": 20918000, "totalCurrentAssets": 572956000, "longTermInvestments": 55713000, "propertyPlantEquipment": 226301000, "otherAssets": 33272000, "totalAssets": 888242000, "accountsPayable": 31108000, "otherCurrentLiab": 5069000, "otherLiab": 56811000, "totalCurrentLiabilities": 47360000, "totalLiab": 108336000, "commonStock": 7714000, "retainedEarnings": 586988000, "treasuryStock": 185204000, "otherStockholderEquity": 185204000, "totalStockholderEquity": 779906000, "netTangibleAssets": 779906000}, {"maxAge": 1, "endDate": "2019-12-31", "totalStockholderEquity": 811567000, "netTangibleAssets": 811567000}, {"maxAge": 1, "endDate": "2019-09-30", "cash": 7307000, "netReceivables": 3272000, "inventory": 46336000, "totalCurrentAssets": 56915000, "longTermInvestments": 653832000, "propertyPlantEquipment": 202668000, "otherAssets": 15811000, "totalAssets": 929226000, "accountsPayable": 18461000, "otherCurrentLiab": 166000, "longTermDebt": 5373000, "otherLiab": 87266000, "totalCurrentLiabilities": 18627000, "totalLiab": 117659000, "commonStock": 7714000, "treasuryStock": 803853000, "otherStockholderEquity": 803853000, "totalStockholderEquity": 811567000, "netTangibleAssets": 811567000}], "maxAge": 86400}, "indexTrend": {"maxAge": 1, "symbol": "SP5", "peRatio": 19.7411, "pegRatio": 1.34172, "estimates": [{"period": "0q", "growth": 0.549}, {"period": "+1q", "growth": 0.431}, {"period": "0y", "growth": 0.305}, {"period": "+1y", "growth": 0.109}, {"period": "+5y", "growth": 0.120859005}, {"period": "-5y"}]}, "insiderTransactions": {"transactions": [{"maxAge": 1, "shares": 8750, "filerUrl": "", "transactionText": "", "filerName": "Lodha (Harsh Vardhan)", "filerRelation": "Non-Independent Non-Executive Director", "moneyText": "", "startDate": "2019-02-22", "ownership": "D"}], "maxAge": 1}, "quoteType": {"exchange": "BSE", "quoteType": "EQUITY", "symbol": "ALFREDHE.BO", "underlyingSymbol": "ALFREDHE.BO", "shortName": "ALFRED HERBERT (INDIA) LTD.", "longName": "Alfred Herbert (India) Limited", "firstTradeDateEpochUtc": "2003-09-30 09:15:00", "timeZoneFullName": "Asia/Kolkata", "timeZoneShortName": "IST", "uuid": "e924b473-9075-3389-b0c4-1058077a806a", "messageBoardId": null, "gmtOffSetMilliseconds": 19800000, "maxAge": 1}, "incomeStatementHistory": {"incomeStatementHistory": [{"maxAge": 1, "endDate": "2020-03-31", "totalRevenue": 126409000, "costOfRevenue": 63663000, "grossProfit": 62746000, "researchDevelopment": {}, "sellingGeneralAdministrative": 25650000, "nonRecurring": {}, "otherOperatingExpenses": 21004000, "totalOperatingExpenses": 112847000, "operatingIncome": 13562000, "totalOtherIncomeExpenseNet": -1459000, "ebit": 13562000, "interestExpense": -1683000, "incomeBeforeTax": 12103000, "incomeTaxExpense": 2947000, "minorityInterest": {}, "netIncomeFromContinuingOps": 9156000, "discontinuedOperations": {}, "extraordinaryItems": {}, "effectOfAccountingCharges": {}, "otherItems": {}, "netIncome": 9156000, "netIncomeApplicableToCommonShares": 9156000}, {"maxAge": 1, "endDate": "2019-03-31", "totalRevenue": 139466000, "costOfRevenue": 59699000, "grossProfit": 79767000, "researchDevelopment": {}, "sellingGeneralAdministrative": 29285000, "nonRecurring": {}, "otherOperatingExpenses": 19343000, "totalOperatingExpenses": 110113000, "operatingIncome": 29353000, "totalOtherIncomeExpenseNet": -2924000, "ebit": 29353000, "interestExpense": -1595000, "incomeBeforeTax": 26429000, "incomeTaxExpense": 2790000, "minorityInterest": {}, "netIncomeFromContinuingOps": 23639000, "discontinuedOperations": {}, "extraordinaryItems": {}, "effectOfAccountingCharges": {}, "otherItems": {}, "netIncome": 23639000, "netIncomeApplicableToCommonShares": 23639000}, {"maxAge": 1, "endDate": "2018-03-31", "totalRevenue": 145080277, "costOfRevenue": 86254942, "grossProfit": 58825335, "researchDevelopment": {}, "sellingGeneralAdministrative": 31382787, "nonRecurring": {}, "otherOperatingExpenses": 32439514, "totalOperatingExpenses": 152446427, "operatingIncome": -7366150, "totalOtherIncomeExpenseNet": -2216106, "ebit": -7366150, "interestExpense": -2346182, "incomeBeforeTax": -9582256, "incomeTaxExpense": -1883434, "minorityInterest": {}, "netIncomeFromContinuingOps": -7698822, "discontinuedOperations": {}, "extraordinaryItems": {}, "effectOfAccountingCharges": {}, "otherItems": {}, "netIncome": -7698822, "netIncomeApplicableToCommonShares": -7698822}, {"maxAge": 1, "endDate": "2017-03-31", "totalRevenue": 115707591, "costOfRevenue": 67233468, "grossProfit": 48474123, "researchDevelopment": {}, "sellingGeneralAdministrative": 34203686, "nonRecurring": {}, "otherOperatingExpenses": 25367718, "totalOperatingExpenses": 128974982, "operatingIncome": -13267391, "totalOtherIncomeExpenseNet": 203728168, "ebit": -13267391, "interestExpense": -3011230, "incomeBeforeTax": 190460777, "incomeTaxExpense": 45725924, "minorityInterest": {}, "netIncomeFromContinuingOps": 144734853, "discontinuedOperations": {}, "extraordinaryItems": {}, "effectOfAccountingCharges": {}, "otherItems": {}, "netIncome": 144734853, "netIncomeApplicableToCommonShares": 144734853}], "maxAge": 86400}, "fundOwnership": {"maxAge": 1, "ownershipList": []}, "summaryDetail": {"maxAge": 1, "priceHint": 2, "previousClose": 613.9, "open": 605.55, "dayLow": 579.0, "dayHigh": 609.0, "regularMarketPreviousClose": 613.9, "regularMarketOpen": 605.55, "regularMarketDayLow": 579.0, "regularMarketDayHigh": 609.0, "trailingPE": 16.220774, "volume": 128, "regularMarketVolume": 128, "averageVolume": 80, "averageVolume10days": 67, "averageDailyVolume10Day": 67, "bid": 581.05, "ask": 607.95, "bidSize": 0, "askSize": 0, "marketCap": 456493120, "fiftyTwoWeekLow": 490.0, "fiftyTwoWeekHigh": 624.0, "fiftyDayAverage": 554.89, "twoHundredDayAverage": 549.54675, "trailingAnnualDividendRate": 2.5, "trailingAnnualDividendYield": 0.0040723244, "currency": "INR", "fromCurrency": null, "toCurrency": null, "lastMarket": null, "algorithm": null, "tradeable": false}, "incomeStatementHistoryQuarterly": {"incomeStatementHistory": [{"maxAge": 1, "endDate": "2020-06-30", "totalRevenue": 26540000, "costOfRevenue": 11169000, "grossProfit": 15371000, "researchDevelopment": {}, "sellingGeneralAdministrative": 4466000, "nonRecurring": {}, "otherOperatingExpenses": 5484000, "totalOperatingExpenses": 21768000, "operatingIncome": 4772000, "totalOtherIncomeExpenseNet": -400000, "ebit": 4772000, "interestExpense": -400000, "incomeBeforeTax": 4372000, "incomeTaxExpense": 2417000, "minorityInterest": {}, "netIncomeFromContinuingOps": 1955000, "discontinuedOperations": {}, "extraordinaryItems": {}, "effectOfAccountingCharges": {}, "otherItems": {}, "netIncome": 1955000, "netIncomeApplicableToCommonShares": 1955000}, {"maxAge": 1, "endDate": "2020-03-31", "totalRevenue": 33103000, "costOfRevenue": 14028000, "grossProfit": 19075000, "researchDevelopment": {}, "sellingGeneralAdministrative": 5852000, "nonRecurring": {}, "otherOperatingExpenses": 11185000, "totalOperatingExpenses": 31022000, "operatingIncome": 2081000, "totalOtherIncomeExpenseNet": -280000, "ebit": 2081000, "interestExpense": -504000, "incomeBeforeTax": 1801000, "incomeTaxExpense": 1239000, "minorityInterest": {}, "netIncomeFromContinuingOps": 562000, "discontinuedOperations": {}, "extraordinaryItems": {}, "effectOfAccountingCharges": {}, "otherItems": {}, "netIncome": 562000, "netIncomeApplicableToCommonShares": 562000}, {"maxAge": 1, "endDate": "2019-12-31", "totalRevenue": 33465000, "costOfRevenue": 18657000, "grossProfit": 14808000, "researchDevelopment": {}, "sellingGeneralAdministrative": 5231000, "nonRecurring": {}, "otherOperatingExpenses": -2400000, "totalOperatingExpenses": 22335000, "operatingIncome": 11130000, "totalOtherIncomeExpenseNet": -431000, "ebit": 11130000, "interestExpense": -431000, "incomeBeforeTax": 10699000, "incomeTaxExpense": 1780000, "minorityInterest": {}, "netIncomeFromContinuingOps": 8919000, "discontinuedOperations": {}, "extraordinaryItems": {}, "effectOfAccountingCharges": {}, "otherItems": {}, "netIncome": 8919000, "netIncomeApplicableToCommonShares": 8919000}, {"maxAge": 1, "endDate": "2019-09-30", "totalRevenue": 50041000, "costOfRevenue": 27296000, "grossProfit": 22745000, "researchDevelopment": {}, "sellingGeneralAdministrative": 7351000, "nonRecurring": {}, "otherOperatingExpenses": 4646000, "totalOperatingExpenses": 40201000, "operatingIncome": 9840000, "totalOtherIncomeExpenseNet": -441000, "ebit": 9840000, "interestExpense": -441000, "incomeBeforeTax": 9399000, "incomeTaxExpense": -7322000, "minorityInterest": {}, "netIncomeFromContinuingOps": 16721000, "discontinuedOperations": {}, "extraordinaryItems": {}, "effectOfAccountingCharges": {}, "otherItems": {}, "netIncome": 16721000, "netIncomeApplicableToCommonShares": 16721000}], "maxAge": 86400}, "cashflowStatementHistoryQuarterly": {"cashflowStatements": [{"maxAge": 1, "endDate": "2020-06-30", "netIncome": 1955000, "changeToLiabilities": 0}, {"maxAge": 1, "endDate": "2020-03-31", "netIncome": 562000, "changeToLiabilities": 0}, {"maxAge": 1, "endDate": "2019-12-31", "netIncome": 8919000, "changeToLiabilities": 0}, {"maxAge": 1, "endDate": "2019-09-30", "netIncome": 16721000, "changeToLiabilities": 0}], "maxAge": 86400}, "insiderHolders": {"holders": [{"maxAge": 1, "name": "Lodha (Harsh Vardhan)", "relation": "Non-Independent Non-Executive Director", "url": "", "transactionDescription": "Acquisition", "latestTransDate": "2019-02-22", "positionDirect": 43590, "positionDirectDate": "2019-02-22"}], "maxAge": 1}, "calendarEvents": {"maxAge": 1, "earnings": {"earningsDate": []}}, "price": {"maxAge": 1, "regularMarketChangePercent": -0.036080834, "regularMarketChange": -22.150024, "regularMarketTime": "2021-04-30 15:28:03", "priceHint": 2, "regularMarketPrice": 591.75, "regularMarketDayHigh": 609.0, "regularMarketDayLow": 579.0, "regularMarketVolume": 128, "averageDailyVolume10Day": 67, "averageDailyVolume3Month": 80, "regularMarketPreviousClose": 613.9, "regularMarketSource": "FREE_REALTIME", "regularMarketOpen": 605.55, "exchange": "BSE", "exchangeName": "BSE", "exchangeDataDelayedBy": 0, "marketState": "CLOSED", "quoteType": "EQUITY", "symbol": "ALFREDHE.BO", "underlyingSymbol": null, "shortName": "ALFRED HERBERT (INDIA) LTD.", "longName": "Alfred Herbert (India) Limited", "currency": "INR", "quoteSourceName": "Delayed Quote", "currencySymbol": "\u20b9", "fromCurrency": null, "toCurrency": null, "lastMarket": null, "marketCap": 456493120}, "balanceSheetHistory": {"balanceSheetStatements": [{"maxAge": 1, "endDate": "2020-03-31", "cash": 56762000, "shortTermInvestments": 1637000, "netReceivables": 3750000, "inventory": 48735000, "otherCurrentAssets": 20918000, "totalCurrentAssets": 572956000, "longTermInvestments": 55713000, "propertyPlantEquipment": 226301000, "otherAssets": 33272000, "totalAssets": 888242000, "accountsPayable": 31108000, "otherCurrentLiab": 5069000, "otherLiab": 56811000, "totalCurrentLiabilities": 47360000, "totalLiab": 108336000, "commonStock": 7714000, "retainedEarnings": 586988000, "treasuryStock": 185204000, "otherStockholderEquity": 185204000, "totalStockholderEquity": 779906000, "netTangibleAssets": 779906000}, {"maxAge": 1, "endDate": "2019-03-31", "cash": 8108000, "netReceivables": 9396000, "inventory": 38519000, "otherCurrentAssets": 19610000, "totalCurrentAssets": 709022000, "longTermInvestments": 55496000, "propertyPlantEquipment": 175319000, "intangibleAssets": 19000, "otherAssets": 28426000, "totalAssets": 968282000, "accountsPayable": 21920000, "shortLongTermDebt": 1237000, "otherCurrentLiab": 2124000, "otherLiab": 123027000, "totalCurrentLiabilities": 39639000, "totalLiab": 162666000, "commonStock": 7714000, "retainedEarnings": 480027000, "treasuryStock": 317875000, "otherStockholderEquity": 317875000, "totalStockholderEquity": 805616000, "netTangibleAssets": 805597000}, {"maxAge": 1, "endDate": "2018-03-31", "cash": 5706109, "shortTermInvestments": 159478176, "netReceivables": 8033903, "inventory": 35956510, "otherCurrentAssets": 29648551, "totalCurrentAssets": 238823249, "longTermInvestments": 108898741, "propertyPlantEquipment": 186608414, "intangibleAssets": 137253, "otherAssets": 2824387, "totalAssets": 537292044, "accountsPayable": 24173405, "shortLongTermDebt": 2120004, "otherCurrentLiab": 37956400, "longTermDebt": 1236660, "otherLiab": 7015938, "totalCurrentLiabilities": 71609972, "totalLiab": 79862570, "commonStock": 7714290, "retainedEarnings": 444618117, "treasuryStock": 5097067, "otherStockholderEquity": 5097067, "totalStockholderEquity": 457429474, "netTangibleAssets": 457292221}, {"maxAge": 1, "endDate": "2017-03-31", "cash": 9230874, "shortTermInvestments": 191806674, "netReceivables": 24105680, "inventory": 37569877, "otherCurrentAssets": 69231315, "totalCurrentAssets": 331951819, "longTermInvestments": 108899542, "propertyPlantEquipment": 166900487, "intangibleAssets": 255790, "otherAssets": 3819414, "totalAssets": 611827052, "accountsPayable": 30685157, "shortLongTermDebt": 1992412, "otherCurrentLiab": 81991975, "longTermDebt": 3484453, "otherLiab": 9145274, "totalCurrentLiabilities": 132212081, "totalLiab": 144841808, "commonStock": 7714290, "retainedEarnings": 454173887, "treasuryStock": 5097067, "otherStockholderEquity": 5097067, "totalStockholderEquity": 466985244, "netTangibleAssets": 466729454}], "maxAge": 86400}, "financialData": {"maxAge": 86400, "currentPrice": 591.75, "recommendationKey": "none", "grossProfits": 62746000, "financialCurrency": "INR"}}}