{"ALICON.BO": {"recommendationTrend": {"trend": [{"period": "0m", "strongBuy": 0, "buy": 0, "hold": 0, "sell": 0, "strongSell": 0}, {"period": "-1m", "strongBuy": 0, "buy": 0, "hold": 0, "sell": 0, "strongSell": 0}, {"period": "-2m", "strongBuy": 0, "buy": 0, "hold": 0, "sell": 0, "strongSell": 0}, {"period": "-3m", "strongBuy": 0, "buy": 0, "hold": 0, "sell": 0, "strongSell": 0}], "maxAge": 86400}, "cashflowStatementHistory": {"cashflowStatements": [{"maxAge": 1, "endDate": "2020-03-31", "netIncome": 170334000, "depreciation": 422062000, "changeToNetincome": 277671000, "changeToAccountReceivables": 58164000, "changeToLiabilities": -330192000, "changeToInventory": 137059000, "changeToOperatingActivities": -173726000, "totalCashFromOperatingActivities": 570777000, "capitalExpenditures": -677645000, "otherCashflowsFromInvestingActivities": 19398000, "totalCashflowsFromInvestingActivities": -678446000, "dividendsPaid": -85596000, "netBorrowings": 550693000, "otherCashflowsFromFinancingActivities": -401971000, "totalCashFromFinancingActivities": 63802000, "changeInCash": -43867000, "issuanceOfStock": 676000}, {"maxAge": 1, "endDate": "2019-03-31", "netIncome": 529522000, "depreciation": 371743000, "changeToNetincome": 380274000, "changeToAccountReceivables": 22358000, "changeToLiabilities": 4228000, "changeToInventory": -299885000, "changeToOperatingActivities": -1434000, "totalCashFromOperatingActivities": 1015916000, "capitalExpenditures": -976048000, "otherCashflowsFromInvestingActivities": 17536000, "totalCashflowsFromInvestingActivities": -962544000, "dividendsPaid": -84085000, "netBorrowings": 381761000, "otherCashflowsFromFinancingActivities": -366036000, "totalCashFromFinancingActivities": -66429000, "effectOfExchangeRate": 88000, "changeInCash": -12969000, "issuanceOfStock": 1931000}, {"maxAge": 1, "endDate": "2018-03-31", "netIncome": 386788000, "depreciation": 315078000, "changeToNetincome": 552008000, "changeToAccountReceivables": -1194833000, "changeToLiabilities": 562864000, "changeToInventory": -248190000, "changeToOperatingActivities": 27323000, "totalCashFromOperatingActivities": 408063000, "capitalExpenditures": -581354000, "otherCashflowsFromInvestingActivities": -22538000, "totalCashflowsFromInvestingActivities": -627591000, "dividendsPaid": -79882000, "netBorrowings": 166232000, "otherCashflowsFromFinancingActivities": -308234000, "totalCashFromFinancingActivities": 221541000, "effectOfExchangeRate": 502000, "changeInCash": 2515000, "issuanceOfStock": 443425000}, {"maxAge": 1, "endDate": "2017-03-31", "netIncome": 246804000, "depreciation": 271113000, "changeToNetincome": 378934000, "changeToAccountReceivables": -324984000, "changeToLiabilities": 75544000, "changeToInventory": -141995000, "changeToOperatingActivities": -155391000, "totalCashFromOperatingActivities": 351890000, "capitalExpenditures": -586665000, "otherCashflowsFromInvestingActivities": -19112000, "totalCashflowsFromInvestingActivities": -601094000, "dividendsPaid": -45961000, "netBorrowings": 540097000, "otherCashflowsFromFinancingActivities": -263860000, "totalCashFromFinancingActivities": 230276000, "effectOfExchangeRate": -14000, "changeInCash": -18942000, "issuanceOfStock": 443425000}], "maxAge": 86400}, "institutionOwnership": {"maxAge": 1, "ownershipList": []}, "balanceSheetHistoryQuarterly": {"balanceSheetStatements": [{"maxAge": 1, "endDate": "2020-06-30", "totalStockholderEquity": 3149334000, "netTangibleAssets": 3114306000}, {"maxAge": 1, "endDate": "2020-03-31", "cash": 37730000, "netReceivables": 3388712000, "inventory": 1059669000, "otherCurrentAssets": 333990000, "totalCurrentAssets": 4843334000, "longTermInvestments": 58000, "propertyPlantEquipment": 3875438000, "intangibleAssets": 35814000, "otherAssets": 259487000, "totalAssets": 9014131000, "accountsPayable": 1518550000, "shortLongTermDebt": 208537000, "otherCurrentLiab": 159687000, "longTermDebt": 1221758000, "otherLiab": 339682000, "totalCurrentLiabilities": 4246444000, "totalLiab": 5864798000, "commonStock": 68877000, "retainedEarnings": 2021366000, "treasuryStock": 165021000, "capitalSurplus": 894069000, "otherStockholderEquity": 165021000, "totalStockholderEquity": 3149333000, "netTangibleAssets": 3113519000}, {"maxAge": 1, "endDate": "2019-12-31", "totalStockholderEquity": 3132222000, "netTangibleAssets": 3091712000}, {"maxAge": 1, "endDate": "2019-09-30", "cash": 147879000, "netReceivables": 3562214000, "inventory": 1029445000, "otherCurrentAssets": 197196000, "totalCurrentAssets": 4936734000, "longTermInvestments": 60000, "propertyPlantEquipment": 3682978000, "intangibleAssets": 40510000, "otherAssets": 231112000, "totalAssets": 8891394000, "accountsPayable": 1565471000, "otherCurrentLiab": 866064000, "longTermDebt": 860461000, "otherLiab": 317319000, "totalCurrentLiabilities": 4581392000, "totalLiab": 5759172000, "commonStock": 68876000, "treasuryStock": 3063346000, "otherStockholderEquity": 3063346000, "totalStockholderEquity": 3132222000, "netTangibleAssets": 3091712000}], "maxAge": 86400}, "earningsHistory": {"history": [{"maxAge": 1, "epsActual": {}, "epsEstimate": {}, "epsDifference": {}, "surprisePercent": {}, "quarter": {}, "period": "-4q"}, {"maxAge": 1, "epsActual": {}, "epsEstimate": {}, "epsDifference": {}, "surprisePercent": {}, "quarter": {}, "period": "-3q"}, {"maxAge": 1, "epsActual": 7.15, "epsEstimate": 6.5, "epsDifference": 0.65, "surprisePercent": 0.1, "quarter": "2017-03-31", "period": "-2q"}, {"maxAge": 1, "epsActual": 7.82, "epsEstimate": 5.96, "epsDifference": 1.86, "surprisePercent": 0.312, "quarter": "2017-12-31", "period": "-1q"}], "maxAge": 86400}, "indexTrend": {"maxAge": 1, "symbol": "SP5", "peRatio": 19.7411, "pegRatio": 1.34172, "estimates": [{"period": "0q", "growth": 0.549}, {"period": "+1q", "growth": 0.431}, {"period": "0y", "growth": 0.305}, {"period": "+1y", "growth": 0.109}, {"period": "+5y", "growth": 0.120865}, {"period": "-5y"}]}, "industryTrend": {"maxAge": 1, "symbol": null, "estimates": []}, "insiderTransactions": {"transactions": [{"maxAge": 1, "shares": 15824, "filerUrl": "", "transactionText": "", "filerName": "Gupta (Vimal)", "filerRelation": "UNREPORTED", "moneyText": "", "startDate": "2020-03-20", "ownership": "D"}, {"maxAge": 1, "shares": 4633, "filerUrl": "", "transactionText": "", "filerName": "Rai (Shailendrajit Charanjit)", "filerRelation": "Managing Director", "moneyText": "", "startDate": "2020-03-17", "ownership": "D"}], "maxAge": 1}, "quoteType": {"exchange": "BSE", "quoteType": "EQUITY", "symbol": "ALICON.BO", "underlyingSymbol": "ALICON.BO", "shortName": "ALICON CASTALLOY LIMITED", "longName": "Alicon Castalloy Limited", "firstTradeDateEpochUtc": "2002-07-01 09:15:00", "timeZoneFullName": "Asia/Kolkata", "timeZoneShortName": "IST", "uuid": "3bfd0981-227d-3287-a496-6e9c0efb0e75", "messageBoardId": null, "gmtOffSetMilliseconds": 19800000, "maxAge": 1}, "incomeStatementHistory": {"incomeStatementHistory": [{"maxAge": 1, "endDate": "2020-03-31", "totalRevenue": 9571932000, "costOfRevenue": 4938129000, "grossProfit": 4633803000, "researchDevelopment": {}, "sellingGeneralAdministrative": 1545927000, "nonRecurring": {}, "otherOperatingExpenses": 2003852000, "totalOperatingExpenses": 8928182000, "operatingIncome": 643750000, "totalOtherIncomeExpenseNet": -390576000, "ebit": 643750000, "interestExpense": -380735000, "incomeBeforeTax": 253174000, "incomeTaxExpense": 82840000, "minorityInterest": {}, "netIncomeFromContinuingOps": 170334000, "discontinuedOperations": {}, "extraordinaryItems": {}, "effectOfAccountingCharges": {}, "otherItems": {}, "netIncome": 170334000, "netIncomeApplicableToCommonShares": 170334000}, {"maxAge": 1, "endDate": "2019-03-31", "totalRevenue": 11888966000, "costOfRevenue": 6097716000, "grossProfit": 5791250000, "researchDevelopment": {}, "sellingGeneralAdministrative": 1761526000, "nonRecurring": {}, "otherOperatingExpenses": 2542906000, "totalOperatingExpenses": 10783001000, "operatingIncome": 1105965000, "totalOtherIncomeExpenseNet": -344071000, "ebit": 1105965000, "interestExpense": -327913000, "incomeBeforeTax": 761894000, "incomeTaxExpense": 232372000, "minorityInterest": {}, "netIncomeFromContinuingOps": 529522000, "discontinuedOperations": {}, "extraordinaryItems": {}, "effectOfAccountingCharges": {}, "otherItems": {}, "netIncome": 529522000, "netIncomeApplicableToCommonShares": 529522000}, {"maxAge": 1, "endDate": "2018-03-31", "totalRevenue": 10193199000, "costOfRevenue": 5085664000, "grossProfit": 5107535000, "researchDevelopment": {}, "sellingGeneralAdministrative": 1620505000, "nonRecurring": {}, "otherOperatingExpenses": 2332757000, "totalOperatingExpenses": 9361028000, "operatingIncome": 832171000, "totalOtherIncomeExpenseNet": -276517000, "ebit": 832171000, "interestExpense": -282234000, "incomeBeforeTax": 555654000, "incomeTaxExpense": 168866000, "minorityInterest": {}, "netIncomeFromContinuingOps": 386788000, "discontinuedOperations": {}, "extraordinaryItems": {}, "effectOfAccountingCharges": {}, "otherItems": {}, "netIncome": 386788000, "netIncomeApplicableToCommonShares": 386788000}, {"maxAge": 1, "endDate": "2017-03-31", "totalRevenue": 7735075000, "costOfRevenue": 3898104000, "grossProfit": 3836971000, "researchDevelopment": {}, "sellingGeneralAdministrative": 1233759000, "nonRecurring": {}, "otherOperatingExpenses": 1719641000, "totalOperatingExpenses": 7124482000, "operatingIncome": 610593000, "totalOtherIncomeExpenseNet": -255860000, "ebit": 610593000, "interestExpense": -247322000, "incomeBeforeTax": 354733000, "incomeTaxExpense": 107929000, "minorityInterest": {}, "netIncomeFromContinuingOps": 246804000, "discontinuedOperations": {}, "extraordinaryItems": {}, "effectOfAccountingCharges": {}, "otherItems": {}, "netIncome": 246804000, "netIncomeApplicableToCommonShares": 246804000}], "maxAge": 86400}, "fundOwnership": {"maxAge": 1, "ownershipList": []}, "summaryDetail": {"maxAge": 1, "priceHint": 2, "previousClose": 474.55, "open": 475.0, "dayLow": 451.0, "dayHigh": 482.0, "regularMarketPreviousClose": 474.55, "regularMarketOpen": 475.0, "regularMarketDayLow": 451.0, "regularMarketDayHigh": 482.0, "forwardPE": 11.573034, "volume": 2201, "regularMarketVolume": 2201, "averageVolume": 2570, "averageVolume10days": 915, "averageDailyVolume10Day": 915, "bid": 463.5, "ask": 465.0, "bidSize": 0, "askSize": 0, "marketCap": 6447331328, "fiftyTwoWeekLow": 169.5, "fiftyTwoWeekHigh": 482.0, "fiftyDayAverage": 408.18857, "twoHundredDayAverage": 350.20547, "trailingAnnualDividendRate": 5.0, "trailingAnnualDividendYield": 0.010536298, "currency": "INR", "fromCurrency": null, "toCurrency": null, "lastMarket": null, "algorithm": null, "tradeable": false}, "sectorTrend": {"maxAge": 1, "symbol": null, "estimates": []}, "incomeStatementHistoryQuarterly": {"incomeStatementHistory": [{"maxAge": 1, "endDate": "2020-06-30", "totalRevenue": 536582000, "costOfRevenue": 257350000, "grossProfit": 279232000, "researchDevelopment": {}, "sellingGeneralAdministrative": 297529000, "nonRecurring": {}, "otherOperatingExpenses": 215848000, "totalOperatingExpenses": 894959000, "operatingIncome": -358377000, "totalOtherIncomeExpenseNet": -88898000, "ebit": -358377000, "interestExpense": -88898000, "incomeBeforeTax": -447275000, "incomeTaxExpense": -7366000, "minorityInterest": {}, "netIncomeFromContinuingOps": -439909000, "discontinuedOperations": {}, "extraordinaryItems": {}, "effectOfAccountingCharges": {}, "otherItems": {}, "netIncome": -439909000, "netIncomeApplicableToCommonShares": -439909000}, {"maxAge": 1, "endDate": "2020-03-31", "totalRevenue": 1955448000, "costOfRevenue": 1033042000, "grossProfit": 922406000, "researchDevelopment": {}, "sellingGeneralAdministrative": 490549000, "nonRecurring": {}, "otherOperatingExpenses": 306518000, "totalOperatingExpenses": 1943854000, "operatingIncome": 11594000, "totalOtherIncomeExpenseNet": -90480000, "ebit": 11594000, "interestExpense": -80639000, "incomeBeforeTax": -78886000, "incomeTaxExpense": -20502000, "minorityInterest": {}, "netIncomeFromContinuingOps": -58384000, "discontinuedOperations": {}, "extraordinaryItems": {}, "effectOfAccountingCharges": {}, "otherItems": {}, "netIncome": -58384000, "netIncomeApplicableToCommonShares": -58384000}, {"maxAge": 1, "endDate": "2019-12-31", "totalRevenue": 2277493000, "costOfRevenue": 1126138000, "grossProfit": 1151355000, "researchDevelopment": {}, "sellingGeneralAdministrative": 332263000, "nonRecurring": {}, "otherOperatingExpenses": 492281000, "totalOperatingExpenses": 2059886000, "operatingIncome": 217607000, "totalOtherIncomeExpenseNet": -96131000, "ebit": 217607000, "interestExpense": -96130000, "incomeBeforeTax": 121476000, "incomeTaxExpense": 37126000, "minorityInterest": {}, "netIncomeFromContinuingOps": 84350000, "discontinuedOperations": {}, "extraordinaryItems": {}, "effectOfAccountingCharges": {}, "otherItems": {}, "netIncome": 84350000, "netIncomeApplicableToCommonShares": 84350000}, {"maxAge": 1, "endDate": "2019-09-30", "totalRevenue": 2668563000, "costOfRevenue": 1396844000, "grossProfit": 1271719000, "researchDevelopment": {}, "sellingGeneralAdministrative": 350170000, "nonRecurring": {}, "otherOperatingExpenses": 568050000, "totalOperatingExpenses": 2429890000, "operatingIncome": 238673000, "totalOtherIncomeExpenseNet": -105639000, "ebit": 238673000, "interestExpense": -105639000, "incomeBeforeTax": 133034000, "incomeTaxExpense": 39456000, "minorityInterest": {}, "netIncomeFromContinuingOps": 93578000, "discontinuedOperations": {}, "extraordinaryItems": {}, "effectOfAccountingCharges": {}, "otherItems": {}, "netIncome": 93578000, "netIncomeApplicableToCommonShares": 93578000}], "maxAge": 86400}, "cashflowStatementHistoryQuarterly": {"cashflowStatements": [{"maxAge": 1, "endDate": "2020-06-30", "netIncome": -439909000, "changeToLiabilities": 0}, {"maxAge": 1, "endDate": "2020-03-31", "netIncome": -58384000, "changeToLiabilities": 0}, {"maxAge": 1, "endDate": "2019-12-31", "netIncome": 84350000, "changeToLiabilities": 0}, {"maxAge": 1, "endDate": "2019-09-30", "netIncome": 93578000, "changeToLiabilities": 0}], "maxAge": 86400}, "insiderHolders": {"holders": [{"maxAge": 1, "name": "Gupta (Vimal)", "relation": "UNREPORTED", "url": "", "transactionDescription": "Sale", "latestTransDate": "2020-03-20", "positionDirect": 206726, "positionDirectDate": "2020-03-20"}, {"maxAge": 1, "name": "Rai (Shailendrajit Charanjit)", "relation": "Managing Director", "url": "", "transactionDescription": "Acquisition", "latestTransDate": "2020-03-17", "positionDirect": 838944, "positionDirectDate": "2020-03-17"}], "maxAge": 1}, "earnings": {"maxAge": 86400, "earningsChart": {"quarterly": [{"date": "1Q2017", "actual": 7.15, "estimate": 6.5}, {"date": "4Q2017", "actual": 7.82, "estimate": 5.96}], "currentQuarterEstimateDate": "1Q", "currentQuarterEstimateYear": 2018, "earningsDate": ["2020-07-27 05:30:S"]}, "financialsChart": {"yearly": [{"date": 2017, "revenue": 7735075000, "earnings": 246804000}, {"date": 2018, "revenue": 10193199000, "earnings": 386788000}, {"date": 2019, "revenue": 11888966000, "earnings": 529522000}, {"date": 2020, "revenue": 9571932000, "earnings": 170334000}], "quarterly": [{"date": "3Q2019", "revenue": 2668563000, "earnings": 93578000}, {"date": "4Q2019", "revenue": 2277493000, "earnings": 84350000}, {"date": "1Q2020", "revenue": 1955448000, "earnings": -58384000}, {"date": "2Q2020", "revenue": 536582000, "earnings": -439909000}]}, "financialCurrency": "INR"}, "calendarEvents": {"maxAge": 1, "earnings": {"earningsDate": ["2020-07-27 05:30:S"], "revenueAverage": 2977920000}}, "price": {"maxAge": 1, "regularMarketChangePercent": -0.023285193, "regularMarketChange": -11.049988, "regularMarketTime": "2021-04-30 15:41:41", "priceHint": 2, "regularMarketPrice": 463.5, "regularMarketDayHigh": 482.0, "regularMarketDayLow": 451.0, "regularMarketVolume": 2201, "averageDailyVolume10Day": 915, "averageDailyVolume3Month": 2570, "regularMarketPreviousClose": 474.55, "regularMarketSource": "FREE_REALTIME", "regularMarketOpen": 475.0, "exchange": "BSE", "exchangeName": "BSE", "exchangeDataDelayedBy": 0, "marketState": "CLOSED", "quoteType": "EQUITY", "symbol": "ALICON.BO", "underlyingSymbol": null, "shortName": "ALICON CASTALLOY LIMITED", "longName": "Alicon Castalloy Limited", "currency": "INR", "quoteSourceName": "Delayed Quote", "currencySymbol": "\u20b9", "fromCurrency": null, "toCurrency": null, "lastMarket": null, "marketCap": 6447331328}, "balanceSheetHistory": {"balanceSheetStatements": [{"maxAge": 1, "endDate": "2020-03-31", "cash": 37730000, "netReceivables": 3388712000, "inventory": 1059669000, "otherCurrentAssets": 333990000, "totalCurrentAssets": 4843334000, "longTermInvestments": 58000, "propertyPlantEquipment": 3875438000, "intangibleAssets": 35814000, "otherAssets": 259487000, "totalAssets": 9014131000, "accountsPayable": 1518550000, "shortLongTermDebt": 208537000, "otherCurrentLiab": 159687000, "longTermDebt": 1221758000, "otherLiab": 339682000, "totalCurrentLiabilities": 4246444000, "totalLiab": 5864798000, "commonStock": 68877000, "retainedEarnings": 2021366000, "treasuryStock": 165021000, "capitalSurplus": 894069000, "otherStockholderEquity": 165021000, "totalStockholderEquity": 3149333000, "netTangibleAssets": 3113519000}, {"maxAge": 1, "endDate": "2019-03-31", "cash": 81597000, "netReceivables": 3401183000, "inventory": 1196728000, "otherCurrentAssets": 237333000, "totalCurrentAssets": 4934939000, "longTermInvestments": 63000, "propertyPlantEquipment": 3512088000, "intangibleAssets": 44156000, "otherAssets": 251011000, "totalAssets": 8742257000, "accountsPayable": 1846875000, "shortLongTermDebt": 295497000, "otherCurrentLiab": 235963000, "longTermDebt": 700955000, "otherLiab": 294327000, "totalCurrentLiabilities": 4664335000, "totalLiab": 5659617000, "commonStock": 68201000, "retainedEarnings": 1961630000, "treasuryStock": 224508000, "capitalSurplus": 828301000, "otherStockholderEquity": 224508000, "totalStockholderEquity": 3082640000, "netTangibleAssets": 3038484000}, {"maxAge": 1, "endDate": "2018-03-31", "cash": 94566000, "shortTermInvestments": 4497000, "netReceivables": 3237022000, "inventory": 896843000, "otherCurrentAssets": 205035000, "totalCurrentAssets": 4445378000, "longTermInvestments": 62000, "propertyPlantEquipment": 2908178000, "intangibleAssets": 47927000, "otherAssets": 409638000, "totalAssets": 7811183000, "accountsPayable": 1842647000, "shortLongTermDebt": 259553000, "otherCurrentLiab": 314459000, "longTermDebt": 686230000, "otherLiab": 282337000, "totalCurrentLiabilities": 4318528000, "totalLiab": 5287095000, "commonStock": 66828000, "retainedEarnings": 1539458000, "treasuryStock": 224613000, "capitalSurplus": 693189000, "otherStockholderEquity": 224613000, "totalStockholderEquity": 2524088000, "netTangibleAssets": 2476161000}, {"maxAge": 1, "endDate": "2017-03-31", "cash": 92051000, "shortTermInvestments": 3786000, "netReceivables": 1946306000, "inventory": 648651000, "otherCurrentAssets": 203817000, "totalCurrentAssets": 2899821000, "longTermInvestments": 80000, "propertyPlantEquipment": 2641433000, "intangibleAssets": 30809000, "otherAssets": 277056000, "totalAssets": 5849199000, "accountsPayable": 1270619000, "shortLongTermDebt": 219367000, "otherCurrentLiab": 128135000, "longTermDebt": 712543000, "otherLiab": 243183000, "totalCurrentLiabilities": 3281713000, "totalLiab": 4237439000, "commonStock": 61281000, "retainedEarnings": 1243787000, "treasuryStock": 106492000, "capitalSurplus": 200200000, "otherStockholderEquity": 106492000, "totalStockholderEquity": 1611760000, "netTangibleAssets": 1580951000}], "maxAge": 86400}, "earningsTrend": {"trend": [{"maxAge": 1, "period": "0q", "endDate": "2018-03-31", "growth": {}, "earningsEstimate": {"avg": 0.0, "low": 0.0, "high": 0.0, "yearAgoEps": {}, "numberOfAnalysts": 0, "growth": {}}, "revenueEstimate": {"avg": 2977920000, "low": 0, "high": 0, "numberOfAnalysts": 0, "yearAgoRevenue": 2031520000, "growth": 0.466}, "epsTrend": {"current": 0.0, "7daysAgo": 0.0, "30daysAgo": 0.0, "60daysAgo": 0.0, "90daysAgo": 0.0}, "epsRevisions": {"upLast7days": 0, "upLast30days": 0, "downLast30days": 0, "downLast90days": {}}}, {"maxAge": 1, "period": "+1q", "endDate": "2018-06-30", "growth": {}, "earningsEstimate": {"avg": 0.0, "low": 0.0, "high": 0.0, "yearAgoEps": {}, "numberOfAnalysts": 0, "growth": {}}, "revenueEstimate": {"avg": 2994960000, "low": 0, "high": 0, "numberOfAnalysts": 0, "yearAgoRevenue": 2240610000, "growth": 0.337}, "epsTrend": {"current": 0.0, "7daysAgo": 0.0, "30daysAgo": 0.0, "60daysAgo": 0.0, "90daysAgo": 0.0}, "epsRevisions": {"upLast7days": 0, "upLast30days": 0, "downLast30days": 0, "downLast90days": {}}}, {"maxAge": 1, "period": "0y", "endDate": "2018-03-31", "growth": {}, "earningsEstimate": {"avg": 0.0, "low": 0.0, "high": 0.0, "yearAgoEps": {}, "numberOfAnalysts": 0, "growth": {}}, "revenueEstimate": {"avg": 10134900000, "low": 9864260000, "high": 9864260000, "numberOfAnalysts": 1, "yearAgoRevenue": 7644220000, "growth": 0.32599998}, "epsTrend": {"current": 0.0, "7daysAgo": 27.19, "30daysAgo": 27.19, "60daysAgo": 27.19, "90daysAgo": 27.19}, "epsRevisions": {"upLast7days": 0, "upLast30days": 0, "downLast30days": 0, "downLast90days": {}}}, {"maxAge": 1, "period": "+1y", "endDate": "2019-03-31", "growth": {}, "earningsEstimate": {"avg": 0.0, "low": 0.0, "high": 0.0, "yearAgoEps": {}, "numberOfAnalysts": 0, "growth": {}}, "revenueEstimate": {"avg": 11934800000, "low": 11934800000, "high": 11934800000, "numberOfAnalysts": 1, "yearAgoRevenue": 10134900000, "growth": 0.17799999}, "epsTrend": {"current": 0.0, "7daysAgo": 40.05, "30daysAgo": 40.05, "60daysAgo": 40.05, "90daysAgo": 40.05}, "epsRevisions": {"upLast7days": 0, "upLast30days": 1, "downLast30days": 0, "downLast90days": {}}}, {"maxAge": 1, "period": "+5y", "endDate": null, "growth": {}, "earningsEstimate": {"avg": {}, "low": {}, "high": {}, "yearAgoEps": {}, "numberOfAnalysts": {}, "growth": {}}, "revenueEstimate": {"avg": {}, "low": {}, "high": {}, "numberOfAnalysts": {}, "yearAgoRevenue": {}, "growth": {}}, "epsTrend": {"current": {}, "7daysAgo": {}, "30daysAgo": {}, "60daysAgo": {}, "90daysAgo": {}}, "epsRevisions": {"upLast7days": {}, "upLast30days": {}, "downLast30days": {}, "downLast90days": {}}}, {"maxAge": 1, "period": "-5y", "endDate": null, "growth": {}, "earningsEstimate": {"avg": {}, "low": {}, "high": {}, "yearAgoEps": {}, "numberOfAnalysts": {}, "growth": {}}, "revenueEstimate": {"avg": {}, "low": {}, "high": {}, "numberOfAnalysts": {}, "yearAgoRevenue": {}, "growth": {}}, "epsTrend": {"current": {}, "7daysAgo": {}, "30daysAgo": {}, "60daysAgo": {}, "90daysAgo": {}}, "epsRevisions": {"upLast7days": {}, "upLast30days": {}, "downLast30days": {}, "downLast90days": {}}}], "maxAge": 1}, "financialData": {"maxAge": 86400, "currentPrice": 463.5, "targetHighPrice": 395.0, "targetLowPrice": 395.0, "targetMeanPrice": 395.0, "targetMedianPrice": 395.0, "recommendationKey": "none", "numberOfAnalystOpinions": 1, "grossProfits": 4633803000, "financialCurrency": "INR"}}}