{"ALKYLAMINE.BO": {"recommendationTrend": {"trend": [{"period": "0m", "strongBuy": 0, "buy": 0, "hold": 0, "sell": 0, "strongSell": 0}, {"period": "-1m", "strongBuy": 0, "buy": 0, "hold": 0, "sell": 0, "strongSell": 0}, {"period": "-2m", "strongBuy": 0, "buy": 0, "hold": 0, "sell": 0, "strongSell": 0}, {"period": "-3m", "strongBuy": 0, "buy": 0, "hold": 0, "sell": 0, "strongSell": 0}], "maxAge": 86400}, "cashflowStatementHistory": {"cashflowStatements": [{"maxAge": 1, "endDate": "2020-03-31", "netIncome": 2013233000, "depreciation": 269098000, "changeToNetincome": -201970000, "changeToAccountReceivables": -148993000, "changeToLiabilities": -532152000, "changeToInventory": 220275000, "changeToOperatingActivities": 258795000, "totalCashFromOperatingActivities": 1878286000, "capitalExpenditures": -772846000, "investments": 341765000, "otherCashflowsFromInvestingActivities": 21641000, "totalCashflowsFromInvestingActivities": -407898000, "dividendsPaid": -367135000, "netBorrowings": -790268000, "otherCashflowsFromFinancingActivities": -193989000, "totalCashFromFinancingActivities": -1351392000, "changeInCash": 118996000}, {"maxAge": 1, "endDate": "2019-03-31", "netIncome": 861039000, "depreciation": 233368000, "changeToNetincome": 283559000, "changeToAccountReceivables": -348554000, "changeToLiabilities": 568108000, "changeToInventory": -205118000, "changeToOperatingActivities": 49684000, "totalCashFromOperatingActivities": 1442086000, "capitalExpenditures": -690430000, "investments": 341765000, "otherCashflowsFromInvestingActivities": 21150000, "totalCashflowsFromInvestingActivities": -667881000, "dividendsPaid": -142776000, "netBorrowings": -267683000, "otherCashflowsFromFinancingActivities": -192699000, "totalCashFromFinancingActivities": -603158000, "changeInCash": 171048000}, {"maxAge": 1, "endDate": "2018-03-31", "netIncome": 660002000, "depreciation": 154496000, "changeToNetincome": 175129000, "changeToAccountReceivables": -268959000, "changeToLiabilities": -137528000, "changeToInventory": 259754000, "changeToOperatingActivities": 173074000, "totalCashFromOperatingActivities": 1015968000, "capitalExpenditures": -1356425000, "investments": 16199000, "otherCashflowsFromInvestingActivities": 12231000, "totalCashflowsFromInvestingActivities": -1321789000, "dividendsPaid": -101982000, "netBorrowings": 547186000, "otherCashflowsFromFinancingActivities": -120491000, "totalCashFromFinancingActivities": 324713000, "changeInCash": 18892000}, {"maxAge": 1, "endDate": "2017-03-31", "netIncome": 518185000, "depreciation": 128570000, "changeToNetincome": 91942000, "changeToAccountReceivables": -82477000, "changeToLiabilities": 371744000, "changeToInventory": -482534000, "changeToOperatingActivities": 89327000, "totalCashFromOperatingActivities": 634757000, "capitalExpenditures": -659879000, "investments": -8594000, "otherCashflowsFromInvestingActivities": 4848000, "totalCashflowsFromInvestingActivities": -648668000, "dividendsPaid": -101982000, "netBorrowings": 38852000, "otherCashflowsFromFinancingActivities": -54871000, "totalCashFromFinancingActivities": -16019000, "changeInCash": -29930000}], "maxAge": 86400}, "institutionOwnership": {"maxAge": 1, "ownershipList": []}, "balanceSheetHistoryQuarterly": {"balanceSheetStatements": [{"maxAge": 1, "endDate": "2020-06-30", "totalStockholderEquity": 5365966000, "netTangibleAssets": 5350262000}, {"maxAge": 1, "endDate": "2020-03-31", "cash": 312386000, "shortTermInvestments": 100000, "netReceivables": 1650082000, "inventory": 836654000, "otherCurrentAssets": 142238000, "totalCurrentAssets": 2941460000, "propertyPlantEquipment": 4667891000, "intangibleAssets": 15704000, "otherAssets": 208787000, "totalAssets": 7833842000, "accountsPayable": 707749000, "shortLongTermDebt": 379314000, "otherCurrentLiab": 327936000, "longTermDebt": 479348000, "otherLiab": 444185000, "totalCurrentLiabilities": 1538126000, "totalLiab": 2467876000, "commonStock": 101982000, "retainedEarnings": 5125878000, "treasuryStock": 9009000, "capitalSurplus": 129097000, "otherStockholderEquity": 9009000, "totalStockholderEquity": 5365966000, "netTangibleAssets": 5350262000}, {"maxAge": 1, "endDate": "2019-12-31", "totalStockholderEquity": 4522489000, "netTangibleAssets": 4506724000}, {"maxAge": 1, "endDate": "2019-09-30", "cash": 172821000, "shortTermInvestments": 43131000, "netReceivables": 1429386000, "inventory": 1037721000, "otherCurrentAssets": 163485000, "totalCurrentAssets": 2846544000, "longTermInvestments": 206939000, "propertyPlantEquipment": 4463524000, "intangibleAssets": 15765000, "otherAssets": 124353000, "totalAssets": 7657125000, "accountsPayable": 1091581000, "otherCurrentLiab": 722233000, "longTermDebt": 600330000, "otherLiab": 413719000, "totalCurrentLiabilities": 2120587000, "totalLiab": 3134636000, "commonStock": 101982000, "treasuryStock": 4420507000, "otherStockholderEquity": 4420507000, "totalStockholderEquity": 4522489000, "netTangibleAssets": 4506724000}], "maxAge": 86400}, "earningsHistory": {"history": [{"maxAge": 1, "epsActual": {}, "epsEstimate": {}, "epsDifference": {}, "surprisePercent": {}, "quarter": {}, "period": "-4q"}, {"maxAge": 1, "epsActual": {}, "epsEstimate": {}, "epsDifference": {}, "surprisePercent": {}, "quarter": {}, "period": "-3q"}, {"maxAge": 1, "epsActual": {}, "epsEstimate": {}, "epsDifference": {}, "surprisePercent": {}, "quarter": {}, "period": "-2q"}, {"maxAge": 1, "epsActual": {}, "epsEstimate": {}, "epsDifference": {}, "surprisePercent": {}, "quarter": {}, "period": "-1q"}], "maxAge": 86400}, "indexTrend": {"maxAge": 1, "symbol": "SP5", "peRatio": 19.7411, "pegRatio": 1.34172, "estimates": [{"period": "0q", "growth": 0.549}, {"period": "+1q", "growth": 0.431}, {"period": "0y", "growth": 0.305}, {"period": "+1y", "growth": 0.109}, {"period": "+5y", "growth": 0.120865}, {"period": "-5y"}]}, "industryTrend": {"maxAge": 1, "symbol": null, "estimates": []}, "insiderTransactions": {"transactions": [{"maxAge": 1, "shares": 700, "value": 30625, "filerUrl": "", "transactionText": "Sale at price 43.75 per share.", "filerName": "Katdare (Sameer Sharad)", "filerRelation": "UNREPORTED", "moneyText": "", "startDate": "2020-09-30", "ownership": "D"}, {"maxAge": 1, "shares": 1000, "value": 43560, "filerUrl": "", "transactionText": "Sale at price 43.56 per share.", "filerName": "S (Saimani)", "filerRelation": "UNREPORTED", "moneyText": "", "startDate": "2020-09-30", "ownership": "D"}, {"maxAge": 1, "shares": 8000, "value": 363120, "filerUrl": "", "transactionText": "Sale at price 45.39 per share.", "filerName": "Pateli (Ashutosh)", "filerRelation": "UNREPORTED", "moneyText": "", "startDate": "2020-08-24", "ownership": "D"}, {"maxAge": 1, "shares": 800, "value": 36554, "filerUrl": "", "transactionText": "Sale at price 45.69 per share.", "filerName": "Patel (Meera Ashutosh)", "filerRelation": "UNREPORTED", "moneyText": "", "startDate": "2020-08-24", "ownership": "D"}, {"maxAge": 1, "shares": 4937, "value": 190305, "filerUrl": "", "transactionText": "Sale at price 38.55 per share.", "filerName": "Pateli (Ashutosh)", "filerRelation": "UNREPORTED", "moneyText": "", "startDate": "2020-08-19", "ownership": "D"}, {"maxAge": 1, "shares": 1000, "value": 28025, "filerUrl": "", "transactionText": "Sale at price 28.03 per share.", "filerName": "Rajagopalan (K. P.)", "filerRelation": "General Manager", "moneyText": "", "startDate": "2020-06-30", "ownership": "D"}, {"maxAge": 1, "shares": 1869, "filerUrl": "", "transactionText": "", "filerName": "Pateli (Ashutosh)", "filerRelation": "UNREPORTED", "moneyText": "", "startDate": "2020-06-26", "ownership": "D"}, {"maxAge": 1, "shares": 2000, "filerUrl": "", "transactionText": "", "filerName": "Rajagopalan (K. P.)", "filerRelation": "General Manager", "moneyText": "", "startDate": "2019-12-27", "ownership": "D"}, {"maxAge": 1, "shares": 4000, "filerUrl": "", "transactionText": "", "filerName": "Rajagopalan (K. P.)", "filerRelation": "General Manager", "moneyText": "", "startDate": "2019-12-24", "ownership": "D"}], "maxAge": 1}, "quoteType": {"exchange": "BSE", "quoteType": "EQUITY", "symbol": "ALKYLAMINE.BO", "underlyingSymbol": "ALKYLAMINE.BO", "shortName": "ALKYL AMINES CHEMICALS LTD.", "longName": "Alkyl Amines Chemicals Limited", "firstTradeDateEpochUtc": "1991-01-02 09:15:00", "timeZoneFullName": "Asia/Kolkata", "timeZoneShortName": "IST", "uuid": "d1bfa8b8-c6e4-3773-9150-5bb1a5200dc1", "messageBoardId": null, "gmtOffSetMilliseconds": 19800000, "maxAge": 1}, "incomeStatementHistory": {"incomeStatementHistory": [{"maxAge": 1, "endDate": "2020-03-31", "totalRevenue": 9928776000, "costOfRevenue": 4956082000, "grossProfit": 4972694000, "researchDevelopment": {}, "sellingGeneralAdministrative": 701105000, "nonRecurring": {}, "otherOperatingExpenses": 1688480000, "totalOperatingExpenses": 7614765000, "operatingIncome": 2314011000, "totalOtherIncomeExpenseNet": 143503000, "ebit": 2314011000, "interestExpense": -88655000, "incomeBeforeTax": 2457514000, "incomeTaxExpense": 444281000, "minorityInterest": {}, "netIncomeFromContinuingOps": 2013233000, "discontinuedOperations": {}, "extraordinaryItems": {}, "effectOfAccountingCharges": {}, "otherItems": {}, "netIncome": 2013233000, "netIncomeApplicableToCommonShares": 2013233000}, {"maxAge": 1, "endDate": "2019-03-31", "totalRevenue": 8464009000, "costOfRevenue": 4730566000, "grossProfit": 3733443000, "researchDevelopment": {}, "sellingGeneralAdministrative": 532484000, "nonRecurring": {}, "otherOperatingExpenses": 1549318000, "totalOperatingExpenses": 7048675000, "operatingIncome": 1415334000, "totalOtherIncomeExpenseNet": -89791000, "ebit": 1415334000, "interestExpense": -132859000, "incomeBeforeTax": 1325543000, "incomeTaxExpense": 464504000, "minorityInterest": {}, "netIncomeFromContinuingOps": 861039000, "discontinuedOperations": {}, "extraordinaryItems": {}, "effectOfAccountingCharges": {}, "otherItems": {}, "netIncome": 861039000, "netIncomeApplicableToCommonShares": 861039000}, {"maxAge": 1, "endDate": "2018-03-31", "totalRevenue": 6161735000, "costOfRevenue": 3425557000, "grossProfit": 2736178000, "researchDevelopment": {}, "sellingGeneralAdministrative": 423350000, "nonRecurring": {}, "otherOperatingExpenses": 1126367000, "totalOperatingExpenses": 5133212000, "operatingIncome": 1028523000, "totalOtherIncomeExpenseNet": -53675000, "ebit": 1028523000, "interestExpense": -72943000, "incomeBeforeTax": 974848000, "incomeTaxExpense": 314846000, "minorityInterest": {}, "netIncomeFromContinuingOps": 660002000, "discontinuedOperations": {}, "extraordinaryItems": {}, "effectOfAccountingCharges": {}, "otherItems": {}, "netIncome": 660002000, "netIncomeApplicableToCommonShares": 660002000}, {"maxAge": 1, "endDate": "2017-03-31", "totalRevenue": 5006387000, "costOfRevenue": 2705123000, "grossProfit": 2301264000, "researchDevelopment": {}, "sellingGeneralAdministrative": 374429000, "nonRecurring": {}, "otherOperatingExpenses": 971254000, "totalOperatingExpenses": 4193718000, "operatingIncome": 812669000, "totalOtherIncomeExpenseNet": -58745000, "ebit": 812669000, "interestExpense": -66303000, "incomeBeforeTax": 753924000, "incomeTaxExpense": 235739000, "minorityInterest": {}, "netIncomeFromContinuingOps": 518185000, "discontinuedOperations": {}, "extraordinaryItems": {}, "effectOfAccountingCharges": {}, "otherItems": {}, "netIncome": 518185000, "netIncomeApplicableToCommonShares": 518185000}], "maxAge": 86400}, "fundOwnership": {"maxAge": 1, "ownershipList": [{"maxAge": 1, "reportDate": "2020-07-31", "organization": "DFA Emerging Markets Small Cap Series", "pctHeld": 0.0013, "position": 25698, "value": 57799941}, {"maxAge": 1, "reportDate": "2020-07-31", "organization": "DFA Emerging Markets Core Equity Portfolio", "pctHeld": 0.00029999999, "position": 6717, "value": 15107876}, {"maxAge": 1, "reportDate": "2020-07-31", "organization": "DFA Investment Dimensions-Emerging Markets Social Core Equity", "pctHeld": 0.0001, "position": 1210, "value": 2721532}]}, "summaryDetail": {"maxAge": 1, "priceHint": 2, "previousClose": 8148.55, "open": 8198.0, "dayLow": 7913.45, "dayHigh": 8637.45, "regularMarketPreviousClose": 8148.55, "regularMarketOpen": 8198.0, "regularMarketDayLow": 7913.45, "regularMarketDayHigh": 8637.45, "trailingPE": 79.10216, "volume": 12877, "regularMarketVolume": 12877, "averageVolume": 8349, "averageVolume10days": 4816, "averageDailyVolume10Day": 4816, "bid": 8457.05, "ask": 8473.0, "bidSize": 0, "askSize": 0, "marketCap": 172894126080, "fiftyTwoWeekLow": 1030.0, "fiftyTwoWeekHigh": 8637.45, "fiftyDayAverage": 4956.526, "twoHundredDayAverage": 3747.6025, "trailingAnnualDividendRate": 20.0, "trailingAnnualDividendYield": 0.0024544245, "currency": "INR", "fromCurrency": null, "toCurrency": null, "lastMarket": null, "algorithm": null, "tradeable": false}, "sectorTrend": {"maxAge": 1, "symbol": null, "estimates": []}, "incomeStatementHistoryQuarterly": {"incomeStatementHistory": [{"maxAge": 1, "endDate": "2020-06-30", "totalRevenue": 2451521000, "costOfRevenue": 1081326000, "grossProfit": 1370195000, "researchDevelopment": {}, "sellingGeneralAdministrative": 199169000, "nonRecurring": {}, "otherOperatingExpenses": 397211000, "totalOperatingExpenses": 1747902000, "operatingIncome": 703619000, "totalOtherIncomeExpenseNet": -7429000, "ebit": 703619000, "interestExpense": -19235000, "incomeBeforeTax": 696190000, "incomeTaxExpense": 168377000, "minorityInterest": {}, "netIncomeFromContinuingOps": 527813000, "discontinuedOperations": {}, "extraordinaryItems": {}, "effectOfAccountingCharges": {}, "otherItems": {}, "netIncome": 527813000, "netIncomeApplicableToCommonShares": 527813000}, {"maxAge": 1, "endDate": "2020-03-31", "totalRevenue": 2347652000, "costOfRevenue": 1190156000, "grossProfit": 1157496000, "researchDevelopment": {}, "sellingGeneralAdministrative": 174264000, "nonRecurring": {}, "otherOperatingExpenses": 294496000, "totalOperatingExpenses": 1730940000, "operatingIncome": 616712000, "totalOtherIncomeExpenseNet": -4588000, "ebit": 616712000, "interestExpense": -5048000, "incomeBeforeTax": 612124000, "incomeTaxExpense": 118982000, "minorityInterest": {}, "netIncomeFromContinuingOps": 493142000, "discontinuedOperations": {}, "extraordinaryItems": {}, "effectOfAccountingCharges": {}, "otherItems": {}, "netIncome": 493142000, "netIncomeApplicableToCommonShares": 493142000}, {"maxAge": 1, "endDate": "2019-12-31", "totalRevenue": 2569111000, "costOfRevenue": 1146189000, "grossProfit": 1422922000, "researchDevelopment": {}, "sellingGeneralAdministrative": 190379000, "nonRecurring": {}, "otherOperatingExpenses": 506797000, "totalOperatingExpenses": 1911391000, "operatingIncome": 657720000, "totalOtherIncomeExpenseNet": 162010000, "ebit": 657720000, "interestExpense": -21345000, "incomeBeforeTax": 819730000, "incomeTaxExpense": 215598000, "minorityInterest": {}, "netIncomeFromContinuingOps": 604132000, "discontinuedOperations": {}, "extraordinaryItems": {}, "effectOfAccountingCharges": {}, "otherItems": {}, "netIncome": 604132000, "netIncomeApplicableToCommonShares": 604132000}, {"maxAge": 1, "endDate": "2019-09-30", "totalRevenue": 2349708000, "costOfRevenue": 1148635000, "grossProfit": 1201073000, "researchDevelopment": {}, "sellingGeneralAdministrative": 169567000, "nonRecurring": {}, "otherOperatingExpenses": 454424000, "totalOperatingExpenses": 1837680000, "operatingIncome": 512028000, "totalOtherIncomeExpenseNet": -6640000, "ebit": 512028000, "interestExpense": -25930000, "incomeBeforeTax": 505388000, "incomeTaxExpense": -43915000, "minorityInterest": {}, "netIncomeFromContinuingOps": 549303000, "discontinuedOperations": {}, "extraordinaryItems": {}, "effectOfAccountingCharges": {}, "otherItems": {}, "netIncome": 549303000, "netIncomeApplicableToCommonShares": 549303000}], "maxAge": 86400}, "cashflowStatementHistoryQuarterly": {"cashflowStatements": [{"maxAge": 1, "endDate": "2020-06-30", "netIncome": 527813000, "changeToLiabilities": 0}, {"maxAge": 1, "endDate": "2020-03-31", "netIncome": 493142000, "changeToLiabilities": 0}, {"maxAge": 1, "endDate": "2019-12-31", "netIncome": 604132000, "changeToLiabilities": 0}, {"maxAge": 1, "endDate": "2019-09-30", "netIncome": 549303000, "changeToLiabilities": 0}], "maxAge": 86400}, "insiderHolders": {"holders": [{"maxAge": 1, "name": "Katdare (Sameer Sharad)", "relation": "UNREPORTED", "url": "", "transactionDescription": "Sale", "latestTransDate": "2020-09-30", "positionDirect": 2000, "positionDirectDate": "2020-09-30"}, {"maxAge": 1, "name": "Patel (Meera Ashutosh)", "relation": "UNREPORTED", "url": "", "transactionDescription": "Sale", "latestTransDate": "2020-08-24", "positionDirect": 6000, "positionDirectDate": "2020-08-24"}, {"maxAge": 1, "name": "Pateli (Ashutosh)", "relation": "UNREPORTED", "url": "", "transactionDescription": "Sale", "latestTransDate": "2020-08-24", "positionDirect": 23500, "positionDirectDate": "2020-08-24"}, {"maxAge": 1, "name": "Rajagopalan (K. P.)", "relation": "General Manager", "url": "", "transactionDescription": "Sale", "latestTransDate": "2020-06-30", "positionDirect": 5686, "positionDirectDate": "2020-06-30"}, {"maxAge": 1, "name": "S (Saimani)", "relation": "UNREPORTED", "url": "", "transactionDescription": "Sale", "latestTransDate": "2020-09-30", "positionDirect": 100, "positionDirectDate": "2020-09-30"}], "maxAge": 1}, "earnings": {"maxAge": 86400, "earningsChart": {"quarterly": [], "earningsDate": []}, "financialsChart": {"yearly": [{"date": 2017, "revenue": 5006387000, "earnings": 518185000}, {"date": 2018, "revenue": 6161735000, "earnings": 660002000}, {"date": 2019, "revenue": 8464009000, "earnings": 861039000}, {"date": 2020, "revenue": 9928776000, "earnings": 2013233000}], "quarterly": [{"date": "3Q2019", "revenue": 2349708000, "earnings": 549303000}, {"date": "4Q2019", "revenue": 2569111000, "earnings": 604132000}, {"date": "1Q2020", "revenue": 2347652000, "earnings": 493142000}, {"date": "2Q2020", "revenue": 2451521000, "earnings": 527813000}]}, "financialCurrency": "INR"}, "calendarEvents": {"maxAge": 1, "earnings": {"earningsDate": []}}, "price": {"maxAge": 1, "regularMarketChangePercent": 0.039577596, "regularMarketChange": 322.5, "regularMarketTime": "2021-04-30 15:29:58", "priceHint": 2, "regularMarketPrice": 8471.05, "regularMarketDayHigh": 8637.45, "regularMarketDayLow": 7913.45, "regularMarketVolume": 12877, "averageDailyVolume10Day": 4816, "averageDailyVolume3Month": 8349, "regularMarketPreviousClose": 8148.55, "regularMarketSource": "FREE_REALTIME", "regularMarketOpen": 8198.0, "exchange": "BSE", "exchangeName": "BSE", "exchangeDataDelayedBy": 0, "marketState": "CLOSED", "quoteType": "EQUITY", "symbol": "ALKYLAMINE.BO", "underlyingSymbol": null, "shortName": "ALKYL AMINES CHEMICALS LTD.", "longName": "Alkyl Amines Chemicals Limited", "currency": "INR", "quoteSourceName": "Delayed Quote", "currencySymbol": "\u20b9", "fromCurrency": null, "toCurrency": null, "lastMarket": null, "marketCap": 172894126080}, "balanceSheetHistory": {"balanceSheetStatements": [{"maxAge": 1, "endDate": "2020-03-31", "cash": 312386000, "shortTermInvestments": 100000, "netReceivables": 1650082000, "inventory": 836654000, "otherCurrentAssets": 142238000, "totalCurrentAssets": 2941460000, "propertyPlantEquipment": 4667891000, "intangibleAssets": 15704000, "otherAssets": 208787000, "totalAssets": 7833842000, "accountsPayable": 707749000, "shortLongTermDebt": 379314000, "otherCurrentLiab": 327936000, "longTermDebt": 479348000, "otherLiab": 444185000, "totalCurrentLiabilities": 1538126000, "totalLiab": 2467876000, "commonStock": 101982000, "retainedEarnings": 5125878000, "treasuryStock": 9009000, "capitalSurplus": 129097000, "otherStockholderEquity": 9009000, "totalStockholderEquity": 5365966000, "netTangibleAssets": 5350262000}, {"maxAge": 1, "endDate": "2019-03-31", "cash": 193391000, "shortTermInvestments": 50000, "netReceivables": 1740305000, "inventory": 1056929000, "otherCurrentAssets": 129691000, "totalCurrentAssets": 3120366000, "longTermInvestments": 155251000, "propertyPlantEquipment": 4186676000, "intangibleAssets": 9116000, "otherAssets": 154651000, "totalAssets": 7626060000, "accountsPayable": 1239902000, "shortLongTermDebt": 357307000, "otherCurrentLiab": 239130000, "longTermDebt": 790474000, "otherLiab": 567199000, "totalCurrentLiabilities": 2477616000, "totalLiab": 3835289000, "commonStock": 101982000, "retainedEarnings": 3495516000, "treasuryStock": 64176000, "capitalSurplus": 129097000, "otherStockholderEquity": 64176000, "totalStockholderEquity": 3790771000, "netTangibleAssets": 3781655000}, {"maxAge": 1, "endDate": "2018-03-31", "cash": 22342000, "shortTermInvestments": 50000, "netReceivables": 1436729000, "inventory": 851811000, "otherCurrentAssets": 72746000, "totalCurrentAssets": 2383678000, "longTermInvestments": 133092000, "propertyPlantEquipment": 3727135000, "intangibleAssets": 8578000, "otherAssets": 236685000, "totalAssets": 6489168000, "accountsPayable": 671794000, "shortLongTermDebt": 302928000, "otherCurrentLiab": 270389000, "longTermDebt": 1082047000, "otherLiab": 521492000, "totalCurrentLiabilities": 1795413000, "totalLiab": 3398952000, "commonStock": 101982000, "retainedEarnings": 2888945000, "treasuryStock": -29808000, "capitalSurplus": 129097000, "otherStockholderEquity": -29808000, "totalStockholderEquity": 3090216000, "netTangibleAssets": 3081638000}, {"maxAge": 1, "endDate": "2017-03-31", "cash": 21949000, "netReceivables": 1035973000, "inventory": 1114099000, "otherCurrentAssets": 78084000, "totalCurrentAssets": 2250105000, "longTermInvestments": 116860000, "propertyPlantEquipment": 2536419000, "intangibleAssets": 12039000, "otherAssets": 309057000, "totalAssets": 5224480000, "accountsPayable": 809322000, "shortLongTermDebt": 197374000, "otherCurrentLiab": 170084000, "longTermDebt": 662257000, "otherLiab": 398494000, "totalCurrentLiabilities": 1605624000, "totalLiab": 2666375000, "commonStock": 101982000, "retainedEarnings": 2350909000, "treasuryStock": -23883000, "capitalSurplus": 129097000, "otherStockholderEquity": -23883000, "totalStockholderEquity": 2558105000, "netTangibleAssets": 2546066000}], "maxAge": 86400}, "earningsTrend": {"trend": [{"maxAge": 1, "period": "0q", "endDate": null, "growth": {}, "earningsEstimate": {"avg": 0.0, "low": 0.0, "high": 0.0, "yearAgoEps": {}, "numberOfAnalysts": 0, "growth": {}}, "revenueEstimate": {"avg": 0, "low": 0, "high": 0, "numberOfAnalysts": 0, "yearAgoRevenue": {}, "growth": {}}, "epsTrend": {"current": 0.0, "7daysAgo": 0.0, "30daysAgo": 0.0, "60daysAgo": 0.0, "90daysAgo": 0.0}, "epsRevisions": {"upLast7days": 0, "upLast30days": 0, "downLast30days": 0, "downLast90days": {}}}, {"maxAge": 1, "period": "+1q", "endDate": null, "growth": {}, "earningsEstimate": {"avg": 0.0, "low": 0.0, "high": 0.0, "yearAgoEps": {}, "numberOfAnalysts": 0, "growth": {}}, "revenueEstimate": {"avg": 0, "low": 0, "high": 0, "numberOfAnalysts": 0, "yearAgoRevenue": {}, "growth": {}}, "epsTrend": {"current": 0.0, "7daysAgo": 0.0, "30daysAgo": 0.0, "60daysAgo": 0.0, "90daysAgo": 0.0}, "epsRevisions": {"upLast7days": 0, "upLast30days": 0, "downLast30days": 0, "downLast90days": {}}}, {"maxAge": 1, "period": "0y", "endDate": null, "growth": {}, "earningsEstimate": {"avg": 0.0, "low": 0.0, "high": 0.0, "yearAgoEps": {}, "numberOfAnalysts": 0, "growth": {}}, "revenueEstimate": {"avg": 0, "low": 0, "high": 0, "numberOfAnalysts": 0, "yearAgoRevenue": {}, "growth": {}}, "epsTrend": {"current": 0.0, "7daysAgo": 0.0, "30daysAgo": 0.0, "60daysAgo": 0.0, "90daysAgo": 0.0}, "epsRevisions": {"upLast7days": 0, "upLast30days": 0, "downLast30days": 0, "downLast90days": {}}}, {"maxAge": 1, "period": "+1y", "endDate": null, "growth": {}, "earningsEstimate": {"avg": 0.0, "low": 0.0, "high": 0.0, "yearAgoEps": {}, "numberOfAnalysts": 0, "growth": {}}, "revenueEstimate": {"avg": 0, "low": 0, "high": 0, "numberOfAnalysts": 0, "yearAgoRevenue": {}, "growth": {}}, "epsTrend": {"current": 0.0, "7daysAgo": 0.0, "30daysAgo": 0.0, "60daysAgo": 0.0, "90daysAgo": 0.0}, "epsRevisions": {"upLast7days": 0, "upLast30days": 0, "downLast30days": 0, "downLast90days": {}}}, {"maxAge": 1, "period": "+5y", "endDate": null, "growth": {}, "earningsEstimate": {"avg": {}, "low": {}, "high": {}, "yearAgoEps": {}, "numberOfAnalysts": {}, "growth": {}}, "revenueEstimate": {"avg": {}, "low": {}, "high": {}, "numberOfAnalysts": {}, "yearAgoRevenue": {}, "growth": {}}, "epsTrend": {"current": {}, "7daysAgo": {}, "30daysAgo": {}, "60daysAgo": {}, "90daysAgo": {}}, "epsRevisions": {"upLast7days": {}, "upLast30days": {}, "downLast30days": {}, "downLast90days": {}}}, {"maxAge": 1, "period": "-5y", "endDate": null, "growth": {}, "earningsEstimate": {"avg": {}, "low": {}, "high": {}, "yearAgoEps": {}, "numberOfAnalysts": {}, "growth": {}}, "revenueEstimate": {"avg": {}, "low": {}, "high": {}, "numberOfAnalysts": {}, "yearAgoRevenue": {}, "growth": {}}, "epsTrend": {"current": {}, "7daysAgo": {}, "30daysAgo": {}, "60daysAgo": {}, "90daysAgo": {}}, "epsRevisions": {"upLast7days": {}, "upLast30days": {}, "downLast30days": {}, "downLast90days": {}}}], "maxAge": 1}, "financialData": {"maxAge": 86400, "currentPrice": 8471.05, "targetHighPrice": 1127.0, "targetLowPrice": 766.0, "targetMeanPrice": 946.5, "targetMedianPrice": 946.5, "recommendationKey": "none", "numberOfAnalystOpinions": 2, "grossProfits": 4972694000, "financialCurrency": "INR"}}}