{"ALLCARGO.NS": {"assetProfile": {"address1": "Avashya House", "address2": "6th Floor CST Road Kalina, Santacruz (East)", "city": "Mumbai", "zip": "400098", "country": "India", "phone": "91 22 6679 8100", "fax": "91 22 6679 8195", "website": "http://www.allcargologistics.com", "industry": "Integrated Freight & Logistics", "sector": "Industrials", "longBusinessSummary": "Allcargo Logistics Limited provides integrated logistics solutions in India, the United States, the Far East, Europe, and internationally. The company operates in four segments: Multimodal Transport Operations, Container Freight Stations, Project and Engineering Solutions, and Logistics Park. The Multimodal Transport Operations segment is involved in non-vessel owning common carrier operations related to less than container load (LCL) consolidation and full container load forwarding activities. The Container Freight Stations segment offers import/export cargo stuffing, de-stuffing, custom clearance, and other related ancillary services to importers and exporters. The Project and Engineering Solutions segment provides integrated end-to-end project, engineering, and logistic services through a fleet of special equipment, as well as project engineering solutions across various sectors. The Logistics Park segment offers warehousing and industrial real-estate solutions. The company was formerly known as Allcargo Global Logistics Limited and changed its name to Allcargo Logistics Limited in July 2011. Allcargo Logistics Limited was founded in 1993 and is headquartered in Mumbai, India.", "fullTimeEmployees": 1025, "companyOfficers": [{"maxAge": 1, "name": "Dr. Shashi Kiran Janardhan Shetty", "age": 63, "title": "Founder, Chairman & MD", "yearBorn": 1957, "fiscalYear": 2020, "totalPay": 53409000, "exercisedValue": 0, "unexercisedValue": 0}, {"maxAge": 1, "name": "Mr. Deepal  Shah", "title": "Chief Financial Officer", "fiscalYear": 2020, "totalPay": 17604000, "exercisedValue": 0, "unexercisedValue": 0}, {"maxAge": 1, "name": "Captain Sandeep R. Anand", "title": "Chief Marketing Officer", "fiscalYear": 2020, "totalPay": 12059000, "exercisedValue": 0, "unexercisedValue": 0}, {"maxAge": 1, "name": "Mr. Adarsh Sudhakar Hegde", "age": 56, "title": "Joint MD & Exec. Director", "yearBorn": 1964, "fiscalYear": 2020, "totalPay": 46604000, "exercisedValue": 0, "unexercisedValue": 0}, {"maxAge": 1, "name": "Mr. Devanand Parshottam M. Mojidra", "title": "Company Sec.", "fiscalYear": 2020, "totalPay": 2159000, "exercisedValue": 0, "unexercisedValue": 0}, {"maxAge": 1, "name": "Mr. R. Suresh Kumar", "title": "Chief Exec. Officer", "exercisedValue": 0, "unexercisedValue": 0}, {"maxAge": 1, "name": "Mr. Jatin J. Chokshi", "age": 60, "title": "Chief Investment Officer", "yearBorn": 1960, "fiscalYear": 2019, "exercisedValue": 0, "unexercisedValue": 0}, {"maxAge": 1, "name": "Mr. Peter  De Heel", "title": "Chief Technology Officer of ECU Worldwide", "exercisedValue": 0, "unexercisedValue": 0}, {"maxAge": 1, "name": "Mr. Ashish  Mathur", "title": "Group Chief Information Officer", "exercisedValue": 0, "unexercisedValue": 0}, {"maxAge": 1, "name": "Ms. Bhavika  Shah", "title": "Compliance Officer", "exercisedValue": 0, "unexercisedValue": 0}], "compensationAsOfEpochDate": "2020-12-31 05:30:00", "maxAge": 86400}, "recommendationTrend": {"trend": [{"period": "0m", "strongBuy": 0, "buy": 0, "hold": 0, "sell": 0, "strongSell": 0}, {"period": "-1m", "strongBuy": 0, "buy": 0, "hold": 0, "sell": 0, "strongSell": 0}, {"period": "-2m", "strongBuy": 0, "buy": 0, "hold": 0, "sell": 0, "strongSell": 0}, {"period": "-3m", "strongBuy": 0, "buy": 0, "hold": 0, "sell": 0, "strongSell": 0}], "maxAge": 86400}, "cashflowStatementHistory": {"cashflowStatements": [{"maxAge": 1, "endDate": "2020-03-31", "netIncome": 2230000000, "depreciation": 2054200000, "changeToNetincome": 423000000, "changeToAccountReceivables": -1840300000, "changeToLiabilities": 711100000, "changeToOperatingActivities": -1214000000, "totalCashFromOperatingActivities": 2625900000, "capitalExpenditures": -6917000000, "investments": -1888800000, "otherCashflowsFromInvestingActivities": -2546700000, "totalCashflowsFromInvestingActivities": -8861500000, "dividendsPaid": -888000000, "netBorrowings": 9621500000, "otherCashflowsFromFinancingActivities": -782200000, "totalCashFromFinancingActivities": 7951300000, "effectOfExchangeRate": 101500000, "changeInCash": 597600000}, {"maxAge": 1, "endDate": "2019-03-31", "netIncome": 2419600000, "depreciation": 1371700000, "changeToNetincome": -46600000, "changeToAccountReceivables": -1315200000, "changeToLiabilities": 5322100000, "changeToOperatingActivities": -4694800000, "totalCashFromOperatingActivities": 3244400000, "capitalExpenditures": -3638000000, "investments": 518900000, "otherCashflowsFromInvestingActivities": 113300000, "totalCashflowsFromInvestingActivities": -2890800000, "dividendsPaid": -982163600, "netBorrowings": 1159200000, "otherCashflowsFromFinancingActivities": -554700000, "totalCashFromFinancingActivities": -746200000, "effectOfExchangeRate": -54300000, "changeInCash": -447000000}, {"maxAge": 1, "endDate": "2018-03-31", "netIncome": 1713500000, "depreciation": 1443300000, "changeToNetincome": 255100000, "changeToAccountReceivables": -265200000, "changeToLiabilities": -239600000, "changeToOperatingActivities": 28000000, "totalCashFromOperatingActivities": 3082400000, "capitalExpenditures": -489100000, "investments": -191200000, "otherCashflowsFromInvestingActivities": 57900000, "totalCashflowsFromInvestingActivities": -483200000, "dividendsPaid": -491400000, "netBorrowings": -1489900000, "otherCashflowsFromFinancingActivities": -242100000, "totalCashFromFinancingActivities": -2223400000, "effectOfExchangeRate": 267300000, "changeInCash": 676300000}, {"maxAge": 1, "endDate": "2017-03-31", "netIncome": 2318200000, "depreciation": 1594700000, "changeToNetincome": 82400000, "changeToAccountReceivables": -1733700000, "changeToLiabilities": 1183300000, "changeToOperatingActivities": 73300000, "totalCashFromOperatingActivities": 3585200000, "capitalExpenditures": -1387400000, "investments": -1358300000, "otherCashflowsFromInvestingActivities": 153700000, "totalCashflowsFromInvestingActivities": -2673700000, "dividendsPaid": -491400000, "netBorrowings": 900700000, "otherCashflowsFromFinancingActivities": -484300000, "totalCashFromFinancingActivities": -840300000, "effectOfExchangeRate": -103000000, "changeInCash": -106500000, "repurchaseOfStock": -1256700000}], "maxAge": 86400}, "indexTrend": {"maxAge": 1, "symbol": "SP5", "peRatio": 19.7411, "pegRatio": 1.34172, "estimates": [{"period": "0q", "growth": 0.549}, {"period": "+1q", "growth": 0.431}, {"period": "0y", "growth": 0.305}, {"period": "+1y", "growth": 0.109}, {"period": "+5y", "growth": 0.120865}, {"period": "-5y"}]}, "defaultKeyStatistics": {"maxAge": 1, "priceHint": 2, "enterpriseValue": 43311763456, "forwardPE": 10.730241, "profitMargins": 0.01898, "floatShares": 49918358, "sharesOutstanding": 245696000, "heldPercentInsiders": 0.72800004, "heldPercentInstitutions": 0.14726, "beta": 1.209227, "category": null, "bookValue": 91.95, "priceToBook": 1.3583469, "fundFamily": null, "legalType": null, "lastFiscalYearEnd": "2020-03-31 05:30:00", "nextFiscalYearEnd": "2022-03-31 05:30:00", "mostRecentQuarter": "2020-12-31 05:30:00", "earningsQuarterlyGrowth": -0.68, "netIncomeToCommon": 1712099968, "trailingEps": 6.966, "forwardEps": 11.64, "pegRatio": -1.45, "lastSplitFactor": "2:1", "lastSplitDate": "2015-12-30 05:30:00", "enterpriseToRevenue": 0.48, "enterpriseToEbitda": 10.327, "52WeekChange": 0.7407665, "SandP52WeekChange": 0.48148263, "lastDividendValue": 2.0, "lastDividendDate": 1616371200}, "industryTrend": {"maxAge": 1, "symbol": null, "estimates": []}, "quoteType": {"exchange": "NSI", "quoteType": "EQUITY", "symbol": "ALLCARGO.NS", "underlyingSymbol": "ALLCARGO.NS", "shortName": "ALLCARGO LOGISTICS", "longName": "Allcargo Logistics Limited", "firstTradeDateEpochUtc": "2006-06-23 09:15:00", "timeZoneFullName": "Asia/Kolkata", "timeZoneShortName": "IST", "uuid": "220e5b6c-7e43-3f15-89d5-d6abce6abec3", "messageBoardId": "finmb_25037130", "gmtOffSetMilliseconds": 19800000, "maxAge": 1}, "incomeStatementHistory": {"incomeStatementHistory": [{"maxAge": 1, "endDate": "2020-03-31", "totalRevenue": 73462400000, "costOfRevenue": 64928300000, "grossProfit": 8534100000, "researchDevelopment": {}, "sellingGeneralAdministrative": 596900000, "nonRecurring": {}, "otherOperatingExpenses": 2814200000, "totalOperatingExpenses": 70689200000, "operatingIncome": 2773200000, "totalOtherIncomeExpenseNet": 281200000, "ebit": 2773200000, "interestExpense": -684600000, "incomeBeforeTax": 3054400000, "incomeTaxExpense": 711000000, "minorityInterest": 266100000, "netIncomeFromContinuingOps": 2343400000, "discontinuedOperations": {}, "extraordinaryItems": {}, "effectOfAccountingCharges": {}, "otherItems": {}, "netIncome": 2230000000, "netIncomeApplicableToCommonShares": 2230000000}, {"maxAge": 1, "endDate": "2019-03-31", "totalRevenue": 68948600000, "costOfRevenue": 60711100000, "grossProfit": 8237500000, "researchDevelopment": {}, "sellingGeneralAdministrative": 1214200000, "nonRecurring": {}, "otherOperatingExpenses": 2401900000, "totalOperatingExpenses": 66004200000, "operatingIncome": 2944400000, "totalOtherIncomeExpenseNet": 76400000, "ebit": 2944400000, "interestExpense": -295200000, "incomeBeforeTax": 3020800000, "incomeTaxExpense": 542400000, "minorityInterest": 207000000, "netIncomeFromContinuingOps": 2478400000, "discontinuedOperations": {}, "extraordinaryItems": {}, "effectOfAccountingCharges": {}, "otherItems": {}, "netIncome": 2419600000, "netIncomeApplicableToCommonShares": 2419600000}, {"maxAge": 1, "endDate": "2018-03-31", "totalRevenue": 60491900000, "costOfRevenue": 52647700000, "grossProfit": 7844200000, "researchDevelopment": {}, "sellingGeneralAdministrative": 1195800000, "nonRecurring": {}, "otherOperatingExpenses": 2796300000, "totalOperatingExpenses": 58214300000, "operatingIncome": 2277600000, "totalOtherIncomeExpenseNet": -25400000, "ebit": 2277600000, "interestExpense": -299100000, "incomeBeforeTax": 2252200000, "incomeTaxExpense": 512600000, "minorityInterest": 171700000, "netIncomeFromContinuingOps": 1739600000, "discontinuedOperations": {}, "extraordinaryItems": {}, "effectOfAccountingCharges": {}, "otherItems": {}, "netIncome": 1713500000, "netIncomeApplicableToCommonShares": 1713500000}, {"maxAge": 1, "endDate": "2017-03-31", "totalRevenue": 55833600000, "costOfRevenue": 47482300000, "grossProfit": 8351300000, "researchDevelopment": {}, "sellingGeneralAdministrative": 1190800000, "nonRecurring": {}, "otherOperatingExpenses": 2451900000, "totalOperatingExpenses": 52811800000, "operatingIncome": 3021800000, "totalOtherIncomeExpenseNet": 132400000, "ebit": 3021800000, "interestExpense": -306500000, "incomeBeforeTax": 3154200000, "incomeTaxExpense": 776300000, "minorityInterest": 207200000, "netIncomeFromContinuingOps": 2377900000, "discontinuedOperations": {}, "extraordinaryItems": {}, "effectOfAccountingCharges": {}, "otherItems": {}, "netIncome": 2318200000, "netIncomeApplicableToCommonShares": 2318200000}], "maxAge": 86400}, "fundOwnership": {"maxAge": 1, "ownershipList": [{"maxAge": 1, "reportDate": "2021-01-31", "organization": "DFA Emerging Markets Core Equity Portfolio", "pctHeld": 0.0023999999, "position": 601442, "value": 78548325}, {"maxAge": 1, "reportDate": "2021-01-31", "organization": "DFA Investment Dimensions-DFA Emerging Mkts Value", "pctHeld": 0.002, "position": 498591, "value": 65115984}, {"maxAge": 1, "reportDate": "2021-01-31", "organization": "DFA Emerging Markets Small Cap Series", "pctHeld": 0.0011999999, "position": 303509, "value": 39638275}, {"maxAge": 1, "reportDate": "2021-01-31", "organization": "DFA Investment Dimensions-Emerging Markets Social Core Equity", "pctHeld": 0.0001, "position": 33994, "value": 4439616}, {"maxAge": 1, "reportDate": "2021-01-31", "organization": "DFA Investment Dimensions-World Ex U.S. Core Equity Port", "pctHeld": 0.0001, "position": 31372, "value": 4097183}, {"maxAge": 1, "reportDate": "2021-01-31", "organization": "DFA T.A. World Ex U.S. Core Equity Portfolio", "pctHeld": 0.0001, "position": 29538, "value": 3857662}, {"maxAge": 1, "reportDate": "2020-12-31", "organization": "Segall Bryant & Hamill Emerging Markets Fd", "pctHeld": 0.0001, "position": 21702, "value": 2902642}]}, "summaryDetail": {"maxAge": 1, "priceHint": 2, "previousClose": 123.7, "open": 123.7, "dayLow": 123.45, "dayHigh": 126.85, "regularMarketPreviousClose": 123.7, "regularMarketOpen": 123.7, "regularMarketDayLow": 123.45, "regularMarketDayHigh": 126.85, "dividendRate": 2.0, "dividendYield": 0.0162, "exDividendDate": "2021-03-22 05:30:00", "payoutRatio": 0.4304, "beta": 1.209227, "trailingPE": 17.929945, "forwardPE": 10.730241, "volume": 360032, "regularMarketVolume": 360032, "averageVolume": 308270, "averageVolume10days": 139373, "averageDailyVolume10Day": 139373, "bid": 0.0, "ask": 0.0, "bidSize": 0, "askSize": 0, "marketCap": 30662574080, "fiftyTwoWeekLow": 64.5, "fiftyTwoWeekHigh": 155.0, "priceToSalesTrailing12Months": 0.33994964, "fiftyDayAverage": 126.416176, "twoHundredDayAverage": 128.12903, "trailingAnnualDividendRate": 2.0, "trailingAnnualDividendYield": 0.01616815, "currency": "INR", "fromCurrency": null, "toCurrency": null, "lastMarket": null, "algorithm": null, "tradeable": false}, "insiderHolders": {"holders": [{"maxAge": 1, "name": "Anand (Sandeep)", "relation": "UNREPORTED", "url": "", "transactionDescription": "Sale", "latestTransDate": "2020-11-25", "positionDirect": 0, "positionDirectDate": "2020-11-25"}, {"maxAge": 1, "name": "Chokshi (Jatin J)", "relation": "Chief Financial Officer", "url": "", "transactionDescription": "Acquisition", "latestTransDate": "2018-10-04", "positionDirect": 290590, "positionDirectDate": "2018-10-04"}, {"maxAge": 1, "name": "Hareram (T S)", "relation": "UNREPORTED", "url": "", "transactionDescription": "Gift", "latestTransDate": "2017-12-19", "positionDirect": 8818, "positionDirectDate": "2017-12-19"}, {"maxAge": 1, "name": "Hegde (Priya Adarsh)", "relation": "UNREPORTED", "url": "", "transactionDescription": "Acquisition", "latestTransDate": "2018-10-05", "positionDirect": 150000, "positionDirectDate": "2018-10-05"}, {"maxAge": 1, "name": "Lal (Dinesh Kumar)", "relation": "UNREPORTED", "url": "", "transactionDescription": "Acquisition", "latestTransDate": "2018-10-24", "positionDirect": 30665, "positionDirectDate": "2018-10-24"}, {"maxAge": 1, "name": "Setha (Rashi)", "relation": "UNREPORTED", "url": "", "transactionDescription": "Sale", "latestTransDate": "2020-11-18", "positionDirect": 0, "positionDirectDate": "2020-11-18"}, {"maxAge": 1, "name": "Shetty (Shashi Kiran)", "relation": "Chairman of the Board", "url": "", "transactionDescription": "Gift", "latestTransDate": "2020-02-20", "positionDirect": 152519341, "positionDirectDate": "2020-02-20"}, {"maxAge": 1, "name": "Suryanarayan (S)", "relation": "UNREPORTED", "url": "", "transactionDescription": "Acquisition", "latestTransDate": "2018-10-05", "positionDirect": 209500, "positionDirectDate": "2018-10-05"}, {"maxAge": 1, "name": "Vani (H)", "relation": "UNREPORTED", "url": "", "transactionDescription": "Gift", "latestTransDate": "2017-12-19", "positionDirect": 8765, "positionDirectDate": "2017-12-19"}, {"maxAge": 1, "name": "chadha (Sandeep)", "relation": "UNREPORTED", "url": "", "transactionDescription": "Acquisition", "latestTransDate": "2018-10-05", "positionDirect": 75600, "positionDirectDate": "2018-10-05"}], "maxAge": 1}, "calendarEvents": {"maxAge": 1, "earnings": {"earningsDate": [], "earningsAverage": 2.1, "earningsLow": 2.1, "earningsHigh": 2.1, "revenueAverage": 15606000000, "revenueLow": 15606000000, "revenueHigh": 15606000000}, "exDividendDate": "2021-03-22 05:30:00"}, "price": {"maxAge": 1, "regularMarketChangePercent": 0.009700927, "regularMarketChange": 1.2000046, "regularMarketTime": "2021-04-30 15:29:58", "priceHint": 2, "regularMarketPrice": 124.9, "regularMarketDayHigh": 126.85, "regularMarketDayLow": 123.45, "regularMarketVolume": 360032, "averageDailyVolume10Day": 139373, "averageDailyVolume3Month": 308270, "regularMarketPreviousClose": 123.7, "regularMarketSource": "FREE_REALTIME", "regularMarketOpen": 123.7, "exchange": "NSI", "exchangeName": "NSE", "exchangeDataDelayedBy": 15, "marketState": "CLOSED", "quoteType": "EQUITY", "symbol": "ALLCARGO.NS", "underlyingSymbol": null, "shortName": "ALLCARGO LOGISTICS", "longName": "Allcargo Logistics Limited", "currency": "INR", "quoteSourceName": "Delayed Quote", "currencySymbol": "\u20b9", "fromCurrency": null, "toCurrency": null, "lastMarket": null, "marketCap": 30662574080}, "balanceSheetHistory": {"balanceSheetStatements": [{"maxAge": 1, "endDate": "2020-03-31", "cash": 2492800000, "shortTermInvestments": 795600000, "netReceivables": 15589100000, "inventory": 77600000, "otherCurrentAssets": 3074500000, "totalCurrentAssets": 22873300000, "longTermInvestments": 5027100000, "propertyPlantEquipment": 16814400000, "goodWill": 3364600000, "intangibleAssets": 1867300000, "otherAssets": 3190100000, "deferredLongTermAssetCharges": 1219700000, "totalAssets": 53136800000, "accountsPayable": 7983100000, "shortLongTermDebt": 1617400000, "otherCurrentLiab": 3997000000, "longTermDebt": 7966700000, "otherLiab": 478400000, "deferredLongTermLiab": 2100000, "minorityInterest": 266100000, "totalCurrentLiabilities": 21531200000, "totalLiab": 31413700000, "commonStock": 491400000, "retainedEarnings": 17098700000, "treasuryStock": 576200000, "capitalSurplus": 3290700000, "otherStockholderEquity": 576200000, "totalStockholderEquity": 21457000000, "netTangibleAssets": 16225100000}, {"maxAge": 1, "endDate": "2019-03-31", "cash": 1895200000, "shortTermInvestments": 1032400000, "netReceivables": 11853900000, "inventory": 88800000, "otherCurrentAssets": 1009000000, "totalCurrentAssets": 16729500000, "longTermInvestments": 2142700000, "propertyPlantEquipment": 13013500000, "goodWill": 2850100000, "intangibleAssets": 1311200000, "otherAssets": 3111300000, "deferredLongTermAssetCharges": 1097000000, "totalAssets": 39158300000, "accountsPayable": 6990500000, "shortLongTermDebt": 1012000000, "otherCurrentLiab": 3180800000, "longTermDebt": 3781200000, "otherLiab": 374900000, "deferredLongTermLiab": 82400000, "minorityInterest": 207000000, "totalCurrentLiabilities": 14807400000, "totalLiab": 18963500000, "commonStock": 491400000, "retainedEarnings": 15973000000, "treasuryStock": 232700000, "capitalSurplus": 3290700000, "otherStockholderEquity": 232700000, "totalStockholderEquity": 19987800000, "netTangibleAssets": 15826500000}, {"maxAge": 1, "endDate": "2018-03-31", "cash": 2342200000, "shortTermInvestments": 97600000, "netReceivables": 9669300000, "inventory": 95800000, "otherCurrentAssets": 278200000, "totalCurrentAssets": 14107500000, "longTermInvestments": 2143700000, "propertyPlantEquipment": 10974900000, "goodWill": 2880000000, "intangibleAssets": 1393400000, "otherAssets": 2592600000, "deferredLongTermAssetCharges": 974000000, "totalAssets": 34092100000, "accountsPayable": 6850800000, "shortLongTermDebt": 918800000, "otherCurrentLiab": 748100000, "longTermDebt": 2700600000, "otherLiab": 126400000, "deferredLongTermLiab": 88000000, "minorityInterest": 171700000, "totalCurrentLiabilities": 11449600000, "totalLiab": 14276600000, "commonStock": 491400000, "retainedEarnings": 15496600000, "treasuryStock": 359500000, "capitalSurplus": 3296300000, "otherStockholderEquity": 359500000, "totalStockholderEquity": 19643800000, "netTangibleAssets": 15370400000}, {"maxAge": 1, "endDate": "2017-03-31", "cash": 1691700000, "shortTermInvestments": 75800000, "netReceivables": 8731100000, "inventory": 101400000, "otherCurrentAssets": 440500000, "totalCurrentAssets": 12328200000, "longTermInvestments": 2057800000, "propertyPlantEquipment": 11873000000, "goodWill": 2603600000, "intangibleAssets": 1205100000, "otherAssets": 2470800000, "deferredLongTermAssetCharges": 737700000, "totalAssets": 32538500000, "accountsPayable": 6165000000, "shortLongTermDebt": 748000000, "otherCurrentLiab": 636000000, "longTermDebt": 3386000000, "otherLiab": 86300000, "deferredLongTermLiab": 92200000, "minorityInterest": 207200000, "totalCurrentLiabilities": 10935700000, "totalLiab": 14409100000, "commonStock": 491400000, "retainedEarnings": 14326600000, "treasuryStock": -192100000, "capitalSurplus": 3296300000, "otherStockholderEquity": -192100000, "totalStockholderEquity": 17922200000, "netTangibleAssets": 14113500000}], "maxAge": 86400}, "earningsTrend": {"trend": [{"maxAge": 1, "period": "0q", "endDate": "2018-06-30", "growth": -0.157, "earningsEstimate": {"avg": 2.1, "low": 2.1, "high": 2.1, "yearAgoEps": 2.49, "numberOfAnalysts": 1, "growth": -0.157}, "revenueEstimate": {"avg": 15606000000, "low": 15606000000, "high": 15606000000, "numberOfAnalysts": 1, "yearAgoRevenue": 14834300000, "growth": 0.051999997}, "epsTrend": {"current": 2.1, "7daysAgo": 0.0, "30daysAgo": 0.0, "60daysAgo": 0.0, "90daysAgo": 0.0}, "epsRevisions": {"upLast7days": 0, "upLast30days": 0, "downLast30days": 0, "downLast90days": {}}}, {"maxAge": 1, "period": "+1q", "endDate": "2018-09-30", "growth": {}, "earningsEstimate": {"avg": 0.0, "low": 0.0, "high": 0.0, "yearAgoEps": 2.6, "numberOfAnalysts": 0, "growth": {}}, "revenueEstimate": {"avg": 0, "low": 0, "high": 0, "numberOfAnalysts": 0, "yearAgoRevenue": {}, "growth": {}}, "epsTrend": {"current": 0.0, "7daysAgo": 0.0, "30daysAgo": 0.0, "60daysAgo": 0.0, "90daysAgo": 0.0}, "epsRevisions": {"upLast7days": 0, "upLast30days": 0, "downLast30days": 0, "downLast90days": {}}}, {"maxAge": 1, "period": "0y", "endDate": "2019-03-31", "growth": 0.313, "earningsEstimate": {"avg": 9.48, "low": 7.6, "high": 11.7, "yearAgoEps": 7.22, "numberOfAnalysts": 8, "growth": 0.313}, "revenueEstimate": {"avg": 67033200000, "low": 64676000000, "high": 69401000000, "numberOfAnalysts": 8, "yearAgoRevenue": 60469100000, "growth": 0.109}, "epsTrend": {"current": 9.48, "7daysAgo": 9.48, "30daysAgo": 9.9, "60daysAgo": 10.88, "90daysAgo": 10.88}, "epsRevisions": {"upLast7days": 0, "upLast30days": 0, "downLast30days": 0, "downLast90days": {}}}, {"maxAge": 1, "period": "+1y", "endDate": "2020-03-31", "growth": 0.22799999, "earningsEstimate": {"avg": 11.64, "low": 8.0, "high": 13.7, "yearAgoEps": 9.48, "numberOfAnalysts": 8, "growth": 0.22799999}, "revenueEstimate": {"avg": 73537900000, "low": 68710000000, "high": 77752000000, "numberOfAnalysts": 8, "yearAgoRevenue": 67033200000, "growth": 0.096999995}, "epsTrend": {"current": 11.64, "7daysAgo": 11.64, "30daysAgo": 11.71, "60daysAgo": 12.58, "90daysAgo": 12.58}, "epsRevisions": {"upLast7days": 0, "upLast30days": 0, "downLast30days": 0, "downLast90days": {}}}, {"maxAge": 1, "period": "+5y", "endDate": null, "growth": -0.083000004, "earningsEstimate": {"avg": {}, "low": {}, "high": {}, "yearAgoEps": {}, "numberOfAnalysts": {}, "growth": {}}, "revenueEstimate": {"avg": {}, "low": {}, "high": {}, "numberOfAnalysts": {}, "yearAgoRevenue": {}, "growth": {}}, "epsTrend": {"current": {}, "7daysAgo": {}, "30daysAgo": {}, "60daysAgo": {}, "90daysAgo": {}}, "epsRevisions": {"upLast7days": {}, "upLast30days": {}, "downLast30days": {}, "downLast90days": {}}}, {"maxAge": 1, "period": "-5y", "endDate": null, "growth": -0.27122, "earningsEstimate": {"avg": {}, "low": {}, "high": {}, "yearAgoEps": {}, "numberOfAnalysts": {}, "growth": {}}, "revenueEstimate": {"avg": {}, "low": {}, "high": {}, "numberOfAnalysts": {}, "yearAgoRevenue": {}, "growth": {}}, "epsTrend": {"current": {}, "7daysAgo": {}, "30daysAgo": {}, "60daysAgo": {}, "90daysAgo": {}}, "epsRevisions": {"upLast7days": {}, "upLast30days": {}, "downLast30days": {}, "downLast90days": {}}}], "maxAge": 1}, "institutionOwnership": {"maxAge": 1, "ownershipList": []}, "majorHoldersBreakdown": {"maxAge": 1, "insidersPercentHeld": 0.72800004, "institutionsPercentHeld": 0.14726, "institutionsFloatPercentHeld": 0.54142, "institutionsCount": 8}, "balanceSheetHistoryQuarterly": {"balanceSheetStatements": [{"maxAge": 1, "endDate": "2020-12-31", "totalStockholderEquity": 22592900000, "netTangibleAssets": 12203300000}, {"maxAge": 1, "endDate": "2020-09-30", "cash": 5663700000, "shortTermInvestments": 423900000, "netReceivables": 14390100000, "inventory": 114100000, "otherCurrentAssets": 5282300000, "totalCurrentAssets": 25874100000, "longTermInvestments": 3068800000, "propertyPlantEquipment": 23754300000, "goodWill": 5198400000, "intangibleAssets": 5191200000, "otherAssets": 4673200000, "deferredLongTermAssetCharges": 1730600000, "totalAssets": 67760000000, "accountsPayable": 9322800000, "otherCurrentLiab": 12223700000, "longTermDebt": 9252500000, "otherLiab": 2668400000, "minorityInterest": 4504100000, "totalCurrentLiabilities": 27574700000, "totalLiab": 40663000000, "commonStock": 491400000, "treasuryStock": 22101500000, "otherStockholderEquity": 22101500000, "totalStockholderEquity": 22592900000, "netTangibleAssets": 12203300000}, {"maxAge": 1, "endDate": "2020-06-30", "totalStockholderEquity": 21457000000, "netTangibleAssets": 16225100000}, {"maxAge": 1, "endDate": "2020-03-31", "cash": 2492800000, "shortTermInvestments": 795600000, "netReceivables": 15589100000, "inventory": 77600000, "otherCurrentAssets": 3074500000, "totalCurrentAssets": 22873300000, "longTermInvestments": 5027100000, "propertyPlantEquipment": 16814400000, "goodWill": 3364600000, "intangibleAssets": 1867300000, "otherAssets": 3190100000, "deferredLongTermAssetCharges": 1219700000, "totalAssets": 53136800000, "accountsPayable": 7983100000, "shortLongTermDebt": 1617400000, "otherCurrentLiab": 3997000000, "longTermDebt": 7966700000, "otherLiab": 478400000, "deferredLongTermLiab": 2100000, "minorityInterest": 266100000, "totalCurrentLiabilities": 21531200000, "totalLiab": 31413700000, "commonStock": 491400000, "retainedEarnings": 17098700000, "treasuryStock": 576200000, "capitalSurplus": 3290700000, "otherStockholderEquity": 576200000, "totalStockholderEquity": 21457000000, "netTangibleAssets": 16225100000}], "maxAge": 86400}, "earningsHistory": {"history": [{"maxAge": 1, "epsActual": 2.49, "epsEstimate": 2.3, "epsDifference": 0.19, "surprisePercent": 0.083000004, "quarter": "2017-06-30", "period": "-4q"}, {"maxAge": 1, "epsActual": 2.6, "epsEstimate": 2.41, "epsDifference": 0.19, "surprisePercent": 0.079, "quarter": "2017-09-30", "period": "-3q"}, {"maxAge": 1, "epsActual": 1.41, "epsEstimate": 2.5, "epsDifference": -1.09, "surprisePercent": -0.436, "quarter": "2017-12-31", "period": "-2q"}, {"maxAge": 1, "epsActual": 0.72, "epsEstimate": 2.15, "epsDifference": -1.43, "surprisePercent": -0.665, "quarter": "2018-03-31", "period": "-1q"}], "maxAge": 86400}, "summaryProfile": {"address1": "Avashya House", "address2": "6th Floor CST Road Kalina, Santacruz (East)", "city": "Mumbai", "zip": "400098", "country": "India", "phone": "91 22 6679 8100", "fax": "91 22 6679 8195", "website": "http://www.allcargologistics.com", "industry": "Integrated Freight & Logistics", "sector": "Industrials", "longBusinessSummary": "Allcargo Logistics Limited provides integrated logistics solutions in India, the United States, the Far East, Europe, and internationally. The company operates in four segments: Multimodal Transport Operations, Container Freight Stations, Project and Engineering Solutions, and Logistics Park. The Multimodal Transport Operations segment is involved in non-vessel owning common carrier operations related to less than container load (LCL) consolidation and full container load forwarding activities. The Container Freight Stations segment offers import/export cargo stuffing, de-stuffing, custom clearance, and other related ancillary services to importers and exporters. The Project and Engineering Solutions segment provides integrated end-to-end project, engineering, and logistic services through a fleet of special equipment, as well as project engineering solutions across various sectors. The Logistics Park segment offers warehousing and industrial real-estate solutions. The company was formerly known as Allcargo Global Logistics Limited and changed its name to Allcargo Logistics Limited in July 2011. Allcargo Logistics Limited was founded in 1993 and is headquartered in Mumbai, India.", "fullTimeEmployees": 1025, "companyOfficers": [], "maxAge": 86400}, "netSharePurchaseActivity": {"maxAge": 1, "period": "6m", "buyInfoCount": 0, "buyInfoShares": 0, "sellInfoCount": 0, "netInfoCount": 0, "netInfoShares": 0, "netPercentInsiderShares": 0.0, "totalInsiderShares": 179317904}, "insiderTransactions": {"transactions": [{"maxAge": 1, "shares": 20000, "value": 33894, "filerUrl": "", "transactionText": "Sale at price 1.69 per share.", "filerName": "Anand (Sandeep)", "filerRelation": "UNREPORTED", "moneyText": "", "startDate": "2020-11-25", "ownership": "D"}, {"maxAge": 1, "shares": 8000, "value": 13740, "filerUrl": "", "transactionText": "Sale at price 1.72 per share.", "filerName": "Setha (Rashi)", "filerRelation": "UNREPORTED", "moneyText": "", "startDate": "2020-11-18", "ownership": "D"}, {"maxAge": 1, "shares": 1183116, "filerUrl": "", "transactionText": "", "filerName": "Shetty (Shashi Kiran)", "filerRelation": "Chairman of the Board", "moneyText": "", "startDate": "2020-02-20", "ownership": "D"}, {"maxAge": 1, "shares": 13000, "filerUrl": "", "transactionText": "", "filerName": "Lal (Dinesh Kumar)", "filerRelation": "UNREPORTED", "moneyText": "", "startDate": "2018-10-24", "ownership": "D"}, {"maxAge": 1, "shares": 35000, "filerUrl": "", "transactionText": "", "filerName": "chadha (Sandeep)", "filerRelation": "UNREPORTED", "moneyText": "", "startDate": "2018-10-05", "ownership": "D"}, {"maxAge": 1, "shares": 159500, "filerUrl": "", "transactionText": "", "filerName": "Suryanarayan (S)", "filerRelation": "UNREPORTED", "moneyText": "", "startDate": "2018-10-05", "ownership": "D"}, {"maxAge": 1, "shares": 150000, "filerUrl": "", "transactionText": "", "filerName": "Hegde (Priya Adarsh)", "filerRelation": "UNREPORTED", "moneyText": "", "startDate": "2018-10-05", "ownership": "D"}, {"maxAge": 1, "shares": 160000, "filerUrl": "", "transactionText": "", "filerName": "Chokshi (Jatin J)", "filerRelation": "Chief Financial Officer", "moneyText": "", "startDate": "2018-10-04", "ownership": "D"}, {"maxAge": 1, "shares": 20000, "filerUrl": "", "transactionText": "", "filerName": "Anand (Sandeep)", "filerRelation": "UNREPORTED", "moneyText": "", "startDate": "2018-10-03", "ownership": "D"}, {"maxAge": 1, "shares": 20000, "filerUrl": "", "transactionText": "", "filerName": "chadha (Sandeep)", "filerRelation": "Partner", "moneyText": "", "startDate": "2018-09-27", "ownership": "D"}, {"maxAge": 1, "shares": 2048058, "filerUrl": "", "transactionText": "", "filerName": "Shetty (Shashi Kiran)", "filerRelation": "Executive Chairman", "moneyText": "", "startDate": "2018-07-03", "ownership": "D"}, {"maxAge": 1, "shares": 144198384, "filerUrl": "", "transactionText": "", "filerName": "Shetty (Shashi Kiran)", "filerRelation": "Executive Chairman", "moneyText": "", "startDate": "2018-06-29", "ownership": "D"}, {"maxAge": 1, "shares": 20600, "filerUrl": "", "transactionText": "", "filerName": "chadha (Sandeep)", "filerRelation": "Partner", "moneyText": "", "startDate": "2018-06-28", "ownership": "D"}, {"maxAge": 1, "shares": 2517, "filerUrl": "", "transactionText": "", "filerName": "Vani (H)", "filerRelation": "UNREPORTED", "moneyText": "", "startDate": "2017-12-19", "ownership": "D"}, {"maxAge": 1, "shares": 2512, "filerUrl": "", "transactionText": "", "filerName": "Hareram (T S)", "filerRelation": "UNREPORTED", "moneyText": "", "startDate": "2017-12-19", "ownership": "D"}, {"maxAge": 1, "shares": 12861, "filerUrl": "", "transactionText": "", "filerName": "Mukhopadhyay (Subrata)", "filerRelation": "UNREPORTED", "moneyText": "", "startDate": "2017-03-21", "ownership": "D"}, {"maxAge": 1, "shares": 8229, "filerUrl": "", "transactionText": "", "filerName": "Hareram (T S)", "filerRelation": "UNREPORTED", "moneyText": "", "startDate": "2017-01-25", "ownership": "D"}, {"maxAge": 1, "shares": 8205, "filerUrl": "", "transactionText": "", "filerName": "Vani (H)", "filerRelation": "UNREPORTED", "moneyText": "", "startDate": "2017-01-25", "ownership": "D"}, {"maxAge": 1, "shares": 170235, "filerUrl": "", "transactionText": "", "filerName": "Shetty (Shashi Kiran)", "filerRelation": "Executive Chairman", "moneyText": "", "startDate": "2017-01-11", "ownership": "D"}, {"maxAge": 1, "shares": 3077, "filerUrl": "", "transactionText": "", "filerName": "Hareram (T S)", "filerRelation": "UNREPORTED", "moneyText": "", "startDate": "2015-10-09", "ownership": "D"}, {"maxAge": 1, "shares": 3077, "filerUrl": "", "transactionText": "", "filerName": "Vani (H)", "filerRelation": "UNREPORTED", "moneyText": "", "startDate": "2015-10-09", "ownership": "D"}, {"maxAge": 1, "shares": 87647, "filerUrl": "", "transactionText": "", "filerName": "Gupta (Satish)", "filerRelation": "Director (Non-Executive)", "moneyText": "", "startDate": "2012-12-24", "ownership": "D"}, {"maxAge": 1, "shares": 5109, "filerUrl": "", "transactionText": "", "filerName": "Gupta (Satish)", "filerRelation": "Director (Non-Executive)", "moneyText": "", "startDate": "2011-01-17", "ownership": "D"}, {"maxAge": 1, "shares": 4891, "filerUrl": "", "transactionText": "", "filerName": "Gupta (Satish)", "filerRelation": "Director (Non-Executive)", "moneyText": "", "startDate": "2011-01-14", "ownership": "D"}, {"maxAge": 1, "shares": 9572, "filerUrl": "", "transactionText": "", "filerName": "Gupta (Satish)", "filerRelation": "Director (Non-Executive)", "moneyText": "", "startDate": "2011-01-13", "ownership": "D"}, {"maxAge": 1, "shares": 193, "filerUrl": "", "transactionText": "", "filerName": "Gupta (Satish)", "filerRelation": "Director (Non-Executive)", "moneyText": "", "startDate": "2011-01-12", "ownership": "D"}, {"maxAge": 1, "shares": 10000, "filerUrl": "", "transactionText": "", "filerName": "Gupta (Satish)", "filerRelation": "Director (Non-Executive)", "moneyText": "", "startDate": "2011-01-11", "ownership": "D"}, {"maxAge": 1, "shares": 10000, "filerUrl": "", "transactionText": "", "filerName": "Gupta (Satish)", "filerRelation": "Director (Non-Executive)", "moneyText": "", "startDate": "2011-01-10", "ownership": "D"}, {"maxAge": 1, "shares": 10000, "filerUrl": "", "transactionText": "", "filerName": "Gupta (Satish)", "filerRelation": "Director (Non-Executive)", "moneyText": "", "startDate": "2011-01-07", "ownership": "D"}, {"maxAge": 1, "shares": 10000, "filerUrl": "", "transactionText": "", "filerName": "Gupta (Satish)", "filerRelation": "Director (Non-Executive)", "moneyText": "", "startDate": "2011-01-06", "ownership": "D"}], "maxAge": 1}, "sectorTrend": {"maxAge": 1, "symbol": null, "estimates": []}, "incomeStatementHistoryQuarterly": {"incomeStatementHistory": [{"maxAge": 1, "endDate": "2020-12-31", "totalRevenue": 27346800000, "costOfRevenue": 24544800000, "grossProfit": 2802000000, "researchDevelopment": {}, "sellingGeneralAdministrative": {}, "nonRecurring": {}, "otherOperatingExpenses": 1326100000, "totalOperatingExpenses": 26618400000, "operatingIncome": 728400000, "totalOtherIncomeExpenseNet": -327500000, "ebit": 728400000, "interestExpense": -290400000, "incomeBeforeTax": 400900000, "incomeTaxExpense": 386800000, "minorityInterest": {}, "netIncomeFromContinuingOps": 14100000, "discontinuedOperations": {}, "extraordinaryItems": {}, "effectOfAccountingCharges": {}, "otherItems": {}, "netIncome": 140400000, "netIncomeApplicableToCommonShares": 140400000}, {"maxAge": 1, "endDate": "2020-09-30", "totalRevenue": 23365600000, "costOfRevenue": 20660200000, "grossProfit": 2705400000, "researchDevelopment": {}, "sellingGeneralAdministrative": {}, "nonRecurring": {}, "otherOperatingExpenses": 1084600000, "totalOperatingExpenses": 22475900000, "operatingIncome": 889700000, "totalOtherIncomeExpenseNet": -184500000, "ebit": 889700000, "interestExpense": -361000000, "incomeBeforeTax": 705200000, "incomeTaxExpense": 125300000, "minorityInterest": 4504100000, "netIncomeFromContinuingOps": 579900000, "discontinuedOperations": {}, "extraordinaryItems": {}, "effectOfAccountingCharges": {}, "otherItems": {}, "netIncome": 572500000, "netIncomeApplicableToCommonShares": 572500000}, {"maxAge": 1, "endDate": "2020-06-30", "totalRevenue": 20775500000, "costOfRevenue": 18283200000, "grossProfit": 2492300000, "researchDevelopment": {}, "sellingGeneralAdministrative": {}, "nonRecurring": {}, "otherOperatingExpenses": 1181500000, "totalOperatingExpenses": 20192000000, "operatingIncome": 583500000, "totalOtherIncomeExpenseNet": -253800000, "ebit": 583500000, "interestExpense": -385000000, "incomeBeforeTax": 329700000, "incomeTaxExpense": 31500000, "minorityInterest": 4504100000, "netIncomeFromContinuingOps": 298200000, "discontinuedOperations": {}, "extraordinaryItems": {}, "effectOfAccountingCharges": {}, "otherItems": {}, "netIncome": 479300000, "netIncomeApplicableToCommonShares": 479300000}, {"maxAge": 1, "endDate": "2020-03-31", "totalRevenue": 18709500000, "costOfRevenue": 16757200000, "grossProfit": 1952300000, "researchDevelopment": {}, "sellingGeneralAdministrative": 596900000, "nonRecurring": {}, "otherOperatingExpenses": 203700000, "totalOperatingExpenses": 18193100000, "operatingIncome": 516400000, "totalOtherIncomeExpenseNet": 135800000, "ebit": 516400000, "interestExpense": -293300000, "incomeBeforeTax": 652200000, "incomeTaxExpense": 112000000, "minorityInterest": 266100000, "netIncomeFromContinuingOps": 540200000, "discontinuedOperations": {}, "extraordinaryItems": {}, "effectOfAccountingCharges": {}, "otherItems": {}, "netIncome": 520100000, "netIncomeApplicableToCommonShares": 520100000}], "maxAge": 86400}, "cashflowStatementHistoryQuarterly": {"cashflowStatements": [{"maxAge": 1, "endDate": "2020-12-31", "netIncome": 140400000, "changeToLiabilities": 0}, {"maxAge": 1, "endDate": "2020-09-30", "netIncome": 572500000, "changeToLiabilities": 0}, {"maxAge": 1, "endDate": "2020-06-30", "netIncome": 479300000, "changeToLiabilities": 0}, {"maxAge": 1, "endDate": "2020-03-31", "netIncome": 520100000, "changeToLiabilities": 0}], "maxAge": 86400}, "earnings": {"maxAge": 86400, "earningsChart": {"quarterly": [{"date": "2Q2017", "actual": 2.49, "estimate": 2.3}, {"date": "3Q2017", "actual": 2.6, "estimate": 2.41}, {"date": "4Q2017", "actual": 1.41, "estimate": 2.5}, {"date": "1Q2018", "actual": 0.72, "estimate": 2.15}], "currentQuarterEstimate": 2.1, "currentQuarterEstimateDate": "2Q", "currentQuarterEstimateYear": 2018, "earningsDate": []}, "financialsChart": {"yearly": [{"date": 2017, "revenue": 55833600000, "earnings": 2318200000}, {"date": 2018, "revenue": 60491900000, "earnings": 1713500000}, {"date": 2019, "revenue": 68948600000, "earnings": 2419600000}, {"date": 2020, "revenue": 73462400000, "earnings": 2230000000}], "quarterly": [{"date": "1Q2020", "revenue": 18709500000, "earnings": 520100000}, {"date": "2Q2020", "revenue": 20775500000, "earnings": 479300000}, {"date": "3Q2020", "revenue": 23365600000, "earnings": 572500000}, {"date": "4Q2020", "revenue": 27346800000, "earnings": 140400000}]}, "financialCurrency": "INR"}, "financialData": {"maxAge": 86400, "currentPrice": 124.9, "targetHighPrice": 217.0, "targetLowPrice": 135.0, "targetMeanPrice": 179.38, "targetMedianPrice": 179.5, "recommendationMean": 1.4, "recommendationKey": "strong_buy", "numberOfAnalystOpinions": 8, "totalCash": 6087600128, "totalCashPerShare": 24.715, "ebitda": 4193900032, "totalDebt": 14426000384, "totalRevenue": 90197401600, "debtToEquity": 53.238, "revenuePerShare": 367.001, "grossProfits": 8534100000, "earningsGrowth": -0.682, "revenueGrowth": 0.53, "grossMargins": 0.11033, "ebitdaMargins": 0.0465, "operatingMargins": 0.03013, "profitMargins": 0.01898, "financialCurrency": "INR"}}}