{"ALLCARGO.BO": {"recommendationTrend": {"trend": [{"period": "0m", "strongBuy": 0, "buy": 0, "hold": 0, "sell": 0, "strongSell": 0}, {"period": "-1m", "strongBuy": 0, "buy": 0, "hold": 0, "sell": 0, "strongSell": 0}, {"period": "-2m", "strongBuy": 0, "buy": 0, "hold": 0, "sell": 0, "strongSell": 0}, {"period": "-3m", "strongBuy": 0, "buy": 0, "hold": 0, "sell": 0, "strongSell": 0}], "maxAge": 86400}, "cashflowStatementHistory": {"cashflowStatements": [{"maxAge": 1, "endDate": "2020-03-31", "netIncome": 2230000000, "depreciation": 2054200000, "changeToNetincome": 423000000, "changeToAccountReceivables": -1840300000, "changeToLiabilities": 711100000, "changeToOperatingActivities": -1214000000, "totalCashFromOperatingActivities": 2625900000, "capitalExpenditures": -6917000000, "investments": -1888800000, "otherCashflowsFromInvestingActivities": -2546700000, "totalCashflowsFromInvestingActivities": -8861500000, "dividendsPaid": -888000000, "netBorrowings": 9621500000, "otherCashflowsFromFinancingActivities": -782200000, "totalCashFromFinancingActivities": 7951300000, "effectOfExchangeRate": 101500000, "changeInCash": 597600000}, {"maxAge": 1, "endDate": "2019-03-31", "netIncome": 2419600000, "depreciation": 1371700000, "changeToNetincome": -46600000, "changeToAccountReceivables": -1315200000, "changeToLiabilities": 5322100000, "changeToOperatingActivities": -4694800000, "totalCashFromOperatingActivities": 3244400000, "capitalExpenditures": -3638000000, "investments": 518900000, "otherCashflowsFromInvestingActivities": 113300000, "totalCashflowsFromInvestingActivities": -2890800000, "dividendsPaid": -982163600, "netBorrowings": 1159200000, "otherCashflowsFromFinancingActivities": -554700000, "totalCashFromFinancingActivities": -746200000, "effectOfExchangeRate": -54300000, "changeInCash": -447000000}, {"maxAge": 1, "endDate": "2018-03-31", "netIncome": 1713500000, "depreciation": 1443300000, "changeToNetincome": 255100000, "changeToAccountReceivables": -265200000, "changeToLiabilities": -239600000, "changeToOperatingActivities": 28000000, "totalCashFromOperatingActivities": 3082400000, "capitalExpenditures": -489100000, "investments": -191200000, "otherCashflowsFromInvestingActivities": 57900000, "totalCashflowsFromInvestingActivities": -483200000, "dividendsPaid": -491400000, "netBorrowings": -1489900000, "otherCashflowsFromFinancingActivities": -242100000, "totalCashFromFinancingActivities": -2223400000, "effectOfExchangeRate": 267300000, "changeInCash": 676300000}, {"maxAge": 1, "endDate": "2017-03-31", "netIncome": 2318200000, "depreciation": 1594700000, "changeToNetincome": 82400000, "changeToAccountReceivables": -1733700000, "changeToLiabilities": 1183300000, "changeToOperatingActivities": 73300000, "totalCashFromOperatingActivities": 3585200000, "capitalExpenditures": -1387400000, "investments": -1358300000, "otherCashflowsFromInvestingActivities": 153700000, "totalCashflowsFromInvestingActivities": -2673700000, "dividendsPaid": -491400000, "netBorrowings": 900700000, "otherCashflowsFromFinancingActivities": -484300000, "totalCashFromFinancingActivities": -840300000, "effectOfExchangeRate": -103000000, "changeInCash": -106500000, "repurchaseOfStock": -1256700000}], "maxAge": 86400}, "institutionOwnership": {"maxAge": 1, "ownershipList": []}, "balanceSheetHistoryQuarterly": {"balanceSheetStatements": [{"maxAge": 1, "endDate": "2020-06-30", "totalStockholderEquity": 21457000000, "netTangibleAssets": 16225100000}, {"maxAge": 1, "endDate": "2020-03-31", "cash": 2492800000, "shortTermInvestments": 795600000, "netReceivables": 15589100000, "inventory": 77600000, "otherCurrentAssets": 3074500000, "totalCurrentAssets": 22873300000, "longTermInvestments": 5027100000, "propertyPlantEquipment": 16814400000, "goodWill": 3364600000, "intangibleAssets": 1867300000, "otherAssets": 3190100000, "deferredLongTermAssetCharges": 1219700000, "totalAssets": 53136800000, "accountsPayable": 7983100000, "shortLongTermDebt": 1617400000, "otherCurrentLiab": 3997000000, "longTermDebt": 7966700000, "otherLiab": 478400000, "deferredLongTermLiab": 2100000, "minorityInterest": 266100000, "totalCurrentLiabilities": 21531200000, "totalLiab": 31413700000, "commonStock": 491400000, "retainedEarnings": 17098700000, "treasuryStock": 576200000, "capitalSurplus": 3290700000, "otherStockholderEquity": 576200000, "totalStockholderEquity": 21457000000, "netTangibleAssets": 16225100000}, {"maxAge": 1, "endDate": "2019-12-31", "totalStockholderEquity": 21222800000, "netTangibleAssets": 16505400000}, {"maxAge": 1, "endDate": "2019-09-30", "cash": 3264300000, "shortTermInvestments": 3616300000, "netReceivables": 11613200000, "inventory": 91300000, "otherCurrentAssets": 1164000000, "totalCurrentAssets": 19749100000, "longTermInvestments": 2276800000, "propertyPlantEquipment": 16430600000, "goodWill": 3020800000, "intangibleAssets": 1696600000, "otherAssets": 3329800000, "deferredLongTermAssetCharges": 1095300000, "totalAssets": 46503700000, "accountsPayable": 7982900000, "otherCurrentLiab": 5972100000, "longTermDebt": 6427200000, "otherLiab": 1820500000, "minorityInterest": 217400000, "totalCurrentLiabilities": 16815800000, "totalLiab": 25063500000, "commonStock": 491400000, "treasuryStock": 20731400000, "otherStockholderEquity": 20731400000, "totalStockholderEquity": 21222800000, "netTangibleAssets": 16505400000}], "maxAge": 86400}, "earningsHistory": {"history": [{"maxAge": 1, "epsActual": 1.41, "epsEstimate": 2.5, "epsDifference": -1.09, "surprisePercent": -0.436, "quarter": "2017-12-31", "period": "-4q"}, {"maxAge": 1, "epsActual": 0.72, "epsEstimate": 2.15, "epsDifference": -1.43, "surprisePercent": -0.665, "quarter": "2018-03-31", "period": "-3q"}, {"maxAge": 1, "epsActual": 2.16, "epsEstimate": 2.13, "epsDifference": 0.03, "surprisePercent": 0.0139999995, "quarter": "2018-06-30", "period": "-2q"}, {"maxAge": 1, "epsActual": 2.52, "epsEstimate": 2.05, "epsDifference": 0.47, "surprisePercent": 0.229, "quarter": "2018-09-30", "period": "-1q"}], "maxAge": 86400}, "indexTrend": {"maxAge": 1, "symbol": "SP5", "peRatio": 19.7411, "pegRatio": 1.34172, "estimates": [{"period": "0q", "growth": 0.549}, {"period": "+1q", "growth": 0.431}, {"period": "0y", "growth": 0.305}, {"period": "+1y", "growth": 0.109}, {"period": "+5y", "growth": 0.120865}, {"period": "-5y"}]}, "industryTrend": {"maxAge": 1, "symbol": null, "estimates": []}, "insiderTransactions": {"transactions": [{"maxAge": 1, "shares": 1183116, "filerUrl": "", "transactionText": "", "filerName": "Shetty (Shashi Kiran)", "filerRelation": "Chairman of the Board", "moneyText": "", "startDate": "2020-02-20", "ownership": "D"}, {"maxAge": 1, "shares": 13000, "filerUrl": "", "transactionText": "", "filerName": "Lal (Dinesh Kumar)", "filerRelation": "UNREPORTED", "moneyText": "", "startDate": "2018-10-24", "ownership": "D"}], "maxAge": 1}, "quoteType": {"exchange": "BSE", "quoteType": "EQUITY", "symbol": "ALLCARGO.BO", "underlyingSymbol": "ALLCARGO.BO", "shortName": "ALLCARGO LOGISTICS LTD.", "longName": "Allcargo Logistics Limited", "firstTradeDateEpochUtc": "2006-06-23 09:15:00", "timeZoneFullName": "Asia/Kolkata", "timeZoneShortName": "IST", "uuid": "86f55e2b-50c2-3fca-b030-2746dc22ca82", "messageBoardId": null, "gmtOffSetMilliseconds": 19800000, "maxAge": 1}, "incomeStatementHistory": {"incomeStatementHistory": [{"maxAge": 1, "endDate": "2020-03-31", "totalRevenue": 73462400000, "costOfRevenue": 64928300000, "grossProfit": 8534100000, "researchDevelopment": {}, "sellingGeneralAdministrative": 596900000, "nonRecurring": {}, "otherOperatingExpenses": 2814200000, "totalOperatingExpenses": 70689200000, "operatingIncome": 2773200000, "totalOtherIncomeExpenseNet": 281200000, "ebit": 2773200000, "interestExpense": -684600000, "incomeBeforeTax": 3054400000, "incomeTaxExpense": 711000000, "minorityInterest": 266100000, "netIncomeFromContinuingOps": 2343400000, "discontinuedOperations": {}, "extraordinaryItems": {}, "effectOfAccountingCharges": {}, "otherItems": {}, "netIncome": 2230000000, "netIncomeApplicableToCommonShares": 2230000000}, {"maxAge": 1, "endDate": "2019-03-31", "totalRevenue": 68948600000, "costOfRevenue": 60711100000, "grossProfit": 8237500000, "researchDevelopment": {}, "sellingGeneralAdministrative": 1214200000, "nonRecurring": {}, "otherOperatingExpenses": 2401900000, "totalOperatingExpenses": 66004200000, "operatingIncome": 2944400000, "totalOtherIncomeExpenseNet": 76400000, "ebit": 2944400000, "interestExpense": -295200000, "incomeBeforeTax": 3020800000, "incomeTaxExpense": 542400000, "minorityInterest": 207000000, "netIncomeFromContinuingOps": 2478400000, "discontinuedOperations": {}, "extraordinaryItems": {}, "effectOfAccountingCharges": {}, "otherItems": {}, "netIncome": 2419600000, "netIncomeApplicableToCommonShares": 2419600000}, {"maxAge": 1, "endDate": "2018-03-31", "totalRevenue": 60491900000, "costOfRevenue": 52647700000, "grossProfit": 7844200000, "researchDevelopment": {}, "sellingGeneralAdministrative": 1195800000, "nonRecurring": {}, "otherOperatingExpenses": 2796300000, "totalOperatingExpenses": 58214300000, "operatingIncome": 2277600000, "totalOtherIncomeExpenseNet": -25400000, "ebit": 2277600000, "interestExpense": -299100000, "incomeBeforeTax": 2252200000, "incomeTaxExpense": 512600000, "minorityInterest": 171700000, "netIncomeFromContinuingOps": 1739600000, "discontinuedOperations": {}, "extraordinaryItems": {}, "effectOfAccountingCharges": {}, "otherItems": {}, "netIncome": 1713500000, "netIncomeApplicableToCommonShares": 1713500000}, {"maxAge": 1, "endDate": "2017-03-31", "totalRevenue": 55833600000, "costOfRevenue": 47482300000, "grossProfit": 8351300000, "researchDevelopment": {}, "sellingGeneralAdministrative": 1190800000, "nonRecurring": {}, "otherOperatingExpenses": 2451900000, "totalOperatingExpenses": 52811800000, "operatingIncome": 3021800000, "totalOtherIncomeExpenseNet": 132400000, "ebit": 3021800000, "interestExpense": -306500000, "incomeBeforeTax": 3154200000, "incomeTaxExpense": 776300000, "minorityInterest": 207200000, "netIncomeFromContinuingOps": 2377900000, "discontinuedOperations": {}, "extraordinaryItems": {}, "effectOfAccountingCharges": {}, "otherItems": {}, "netIncome": 2318200000, "netIncomeApplicableToCommonShares": 2318200000}], "maxAge": 86400}, "fundOwnership": {"maxAge": 1, "ownershipList": []}, "summaryDetail": {"maxAge": 1, "priceHint": 2, "previousClose": 123.6, "open": 124.0, "dayLow": 123.5, "dayHigh": 126.75, "regularMarketPreviousClose": 123.6, "regularMarketOpen": 124.0, "regularMarketDayLow": 123.5, "regularMarketDayHigh": 126.75, "trailingPE": 14.786568, "forwardPE": 11.943648, "volume": 12579, "regularMarketVolume": 12579, "averageVolume": 80182, "averageVolume10days": 25906, "averageDailyVolume10Day": 25906, "bid": 123.5, "ask": 126.0, "bidSize": 0, "askSize": 0, "marketCap": 30724286464, "fiftyTwoWeekLow": 51.5, "fiftyTwoWeekHigh": 155.15, "fiftyDayAverage": 132.07143, "twoHundredDayAverage": 124.23066, "trailingAnnualDividendRate": 3.0, "trailingAnnualDividendYield": 0.024271846, "currency": "INR", "fromCurrency": null, "toCurrency": null, "lastMarket": null, "algorithm": null, "tradeable": false}, "sectorTrend": {"maxAge": 1, "symbol": null, "estimates": []}, "incomeStatementHistoryQuarterly": {"incomeStatementHistory": [{"maxAge": 1, "endDate": "2020-06-30", "totalRevenue": 20775500000, "costOfRevenue": 18283200000, "grossProfit": 2492300000, "researchDevelopment": {}, "sellingGeneralAdministrative": {}, "nonRecurring": {}, "otherOperatingExpenses": 1181500000, "totalOperatingExpenses": 20192000000, "operatingIncome": 583500000, "totalOtherIncomeExpenseNet": -253800000, "ebit": 583500000, "interestExpense": -385000000, "incomeBeforeTax": 329700000, "incomeTaxExpense": 31500000, "minorityInterest": {}, "netIncomeFromContinuingOps": 298200000, "discontinuedOperations": {}, "extraordinaryItems": {}, "effectOfAccountingCharges": {}, "otherItems": {}, "netIncome": 479300000, "netIncomeApplicableToCommonShares": 479300000}, {"maxAge": 1, "endDate": "2020-03-31", "totalRevenue": 18709500000, "costOfRevenue": 16757200000, "grossProfit": 1952300000, "researchDevelopment": {}, "sellingGeneralAdministrative": 596900000, "nonRecurring": {}, "otherOperatingExpenses": 203700000, "totalOperatingExpenses": 18193100000, "operatingIncome": 516400000, "totalOtherIncomeExpenseNet": 135800000, "ebit": 516400000, "interestExpense": -293300000, "incomeBeforeTax": 652200000, "incomeTaxExpense": 112000000, "minorityInterest": 266100000, "netIncomeFromContinuingOps": 540200000, "discontinuedOperations": {}, "extraordinaryItems": {}, "effectOfAccountingCharges": {}, "otherItems": {}, "netIncome": 520100000, "netIncomeApplicableToCommonShares": 520100000}, {"maxAge": 1, "endDate": "2019-12-31", "totalRevenue": 17868300000, "costOfRevenue": 15723200000, "grossProfit": 2145100000, "researchDevelopment": {}, "sellingGeneralAdministrative": 596900000, "nonRecurring": {}, "otherOperatingExpenses": 880200000, "totalOperatingExpenses": 17232800000, "operatingIncome": 635500000, "totalOtherIncomeExpenseNet": 169100000, "ebit": 635500000, "interestExpense": -159100000, "incomeBeforeTax": 804600000, "incomeTaxExpense": 314600000, "minorityInterest": 266100000, "netIncomeFromContinuingOps": 490000000, "discontinuedOperations": {}, "extraordinaryItems": {}, "effectOfAccountingCharges": {}, "otherItems": {}, "netIncome": 439200000, "netIncomeApplicableToCommonShares": 439200000}, {"maxAge": 1, "endDate": "2019-09-30", "totalRevenue": 18731600000, "costOfRevenue": 16538600000, "grossProfit": 2193000000, "researchDevelopment": {}, "sellingGeneralAdministrative": 596900000, "nonRecurring": {}, "otherOperatingExpenses": 892600000, "totalOperatingExpenses": 17969700000, "operatingIncome": 761900000, "totalOtherIncomeExpenseNet": 15600000, "ebit": 761900000, "interestExpense": -115100000, "incomeBeforeTax": 777500000, "incomeTaxExpense": 109100000, "minorityInterest": 217400000, "netIncomeFromContinuingOps": 668400000, "discontinuedOperations": {}, "extraordinaryItems": {}, "effectOfAccountingCharges": {}, "otherItems": {}, "netIncome": 640200000, "netIncomeApplicableToCommonShares": 640200000}], "maxAge": 86400}, "cashflowStatementHistoryQuarterly": {"cashflowStatements": [{"maxAge": 1, "endDate": "2020-06-30", "netIncome": 479300000, "changeToLiabilities": 0}, {"maxAge": 1, "endDate": "2020-03-31", "netIncome": 520100000, "changeToLiabilities": 0}, {"maxAge": 1, "endDate": "2019-12-31", "netIncome": 439200000, "changeToLiabilities": 0}, {"maxAge": 1, "endDate": "2019-09-30", "netIncome": 640200000, "changeToLiabilities": 0}], "maxAge": 86400}, "insiderHolders": {"holders": [{"maxAge": 1, "name": "Lal (Dinesh Kumar)", "relation": "UNREPORTED", "url": "", "transactionDescription": "Acquisition", "latestTransDate": "2018-10-24", "positionDirect": 30665, "positionDirectDate": "2018-10-24"}, {"maxAge": 1, "name": "Shetty (Shashi Kiran)", "relation": "Chairman of the Board", "url": "", "transactionDescription": "Gift", "latestTransDate": "2020-02-20", "positionDirect": 152519341, "positionDirectDate": "2020-02-20"}], "maxAge": 1}, "earnings": {"maxAge": 86400, "earningsChart": {"quarterly": [{"date": "4Q2017", "actual": 1.41, "estimate": 2.5}, {"date": "1Q2018", "actual": 0.72, "estimate": 2.15}, {"date": "2Q2018", "actual": 2.16, "estimate": 2.13}, {"date": "3Q2018", "actual": 2.52, "estimate": 2.05}], "currentQuarterEstimateDate": "4Q", "currentQuarterEstimateYear": 2018, "earningsDate": []}, "financialsChart": {"yearly": [{"date": 2017, "revenue": 55833600000, "earnings": 2318200000}, {"date": 2018, "revenue": 60491900000, "earnings": 1713500000}, {"date": 2019, "revenue": 68948600000, "earnings": 2419600000}, {"date": 2020, "revenue": 73462400000, "earnings": 2230000000}], "quarterly": [{"date": "3Q2019", "revenue": 18731600000, "earnings": 640200000}, {"date": "4Q2019", "revenue": 17868300000, "earnings": 439200000}, {"date": "1Q2020", "revenue": 18709500000, "earnings": 520100000}, {"date": "2Q2020", "revenue": 20775500000, "earnings": 479300000}]}, "financialCurrency": "INR"}, "calendarEvents": {"maxAge": 1, "earnings": {"earningsDate": [], "revenueAverage": 16902000000, "revenueLow": 16902000000, "revenueHigh": 16902000000}}, "price": {"maxAge": 1, "regularMarketChangePercent": 0.011731429, "regularMarketChange": 1.4500046, "regularMarketTime": "2021-04-30 15:29:51", "priceHint": 2, "regularMarketPrice": 125.05, "regularMarketDayHigh": 126.75, "regularMarketDayLow": 123.5, "regularMarketVolume": 12579, "averageDailyVolume10Day": 25906, "averageDailyVolume3Month": 80182, "regularMarketPreviousClose": 123.6, "regularMarketSource": "FREE_REALTIME", "regularMarketOpen": 124.0, "exchange": "BSE", "exchangeName": "BSE", "exchangeDataDelayedBy": 0, "marketState": "CLOSED", "quoteType": "EQUITY", "symbol": "ALLCARGO.BO", "underlyingSymbol": null, "shortName": "ALLCARGO LOGISTICS LTD.", "longName": "Allcargo Logistics Limited", "currency": "INR", "quoteSourceName": "Delayed Quote", "currencySymbol": "\u20b9", "fromCurrency": null, "toCurrency": null, "lastMarket": null, "marketCap": 30724286464}, "balanceSheetHistory": {"balanceSheetStatements": [{"maxAge": 1, "endDate": "2020-03-31", "cash": 2492800000, "shortTermInvestments": 795600000, "netReceivables": 15589100000, "inventory": 77600000, "otherCurrentAssets": 3074500000, "totalCurrentAssets": 22873300000, "longTermInvestments": 5027100000, "propertyPlantEquipment": 16814400000, "goodWill": 3364600000, "intangibleAssets": 1867300000, "otherAssets": 3190100000, "deferredLongTermAssetCharges": 1219700000, "totalAssets": 53136800000, "accountsPayable": 7983100000, "shortLongTermDebt": 1617400000, "otherCurrentLiab": 3997000000, "longTermDebt": 7966700000, "otherLiab": 478400000, "deferredLongTermLiab": 2100000, "minorityInterest": 266100000, "totalCurrentLiabilities": 21531200000, "totalLiab": 31413700000, "commonStock": 491400000, "retainedEarnings": 17098700000, "treasuryStock": 576200000, "capitalSurplus": 3290700000, "otherStockholderEquity": 576200000, "totalStockholderEquity": 21457000000, "netTangibleAssets": 16225100000}, {"maxAge": 1, "endDate": "2019-03-31", "cash": 1895200000, "shortTermInvestments": 1032400000, "netReceivables": 11853900000, "inventory": 88800000, "otherCurrentAssets": 1009000000, "totalCurrentAssets": 16729500000, "longTermInvestments": 2142700000, "propertyPlantEquipment": 13013500000, "goodWill": 2850100000, "intangibleAssets": 1311200000, "otherAssets": 3111300000, "deferredLongTermAssetCharges": 1097000000, "totalAssets": 39158300000, "accountsPayable": 6990500000, "shortLongTermDebt": 1012000000, "otherCurrentLiab": 3180800000, "longTermDebt": 3781200000, "otherLiab": 374900000, "deferredLongTermLiab": 82400000, "minorityInterest": 207000000, "totalCurrentLiabilities": 14807400000, "totalLiab": 18963500000, "commonStock": 491400000, "retainedEarnings": 15973000000, "treasuryStock": 232700000, "capitalSurplus": 3290700000, "otherStockholderEquity": 232700000, "totalStockholderEquity": 19987800000, "netTangibleAssets": 15826500000}, {"maxAge": 1, "endDate": "2018-03-31", "cash": 2342200000, "shortTermInvestments": 97600000, "netReceivables": 9669300000, "inventory": 95800000, "otherCurrentAssets": 278200000, "totalCurrentAssets": 14107500000, "longTermInvestments": 2143700000, "propertyPlantEquipment": 10974900000, "goodWill": 2880000000, "intangibleAssets": 1393400000, "otherAssets": 2592600000, "deferredLongTermAssetCharges": 974000000, "totalAssets": 34092100000, "accountsPayable": 6850800000, "shortLongTermDebt": 918800000, "otherCurrentLiab": 748100000, "longTermDebt": 2700600000, "otherLiab": 126400000, "deferredLongTermLiab": 88000000, "minorityInterest": 171700000, "totalCurrentLiabilities": 11449600000, "totalLiab": 14276600000, "commonStock": 491400000, "retainedEarnings": 15496600000, "treasuryStock": 359500000, "capitalSurplus": 3296300000, "otherStockholderEquity": 359500000, "totalStockholderEquity": 19643800000, "netTangibleAssets": 15370400000}, {"maxAge": 1, "endDate": "2017-03-31", "cash": 1691700000, "shortTermInvestments": 75800000, "netReceivables": 8731100000, "inventory": 101400000, "otherCurrentAssets": 440500000, "totalCurrentAssets": 12328200000, "longTermInvestments": 2057800000, "propertyPlantEquipment": 11873000000, "goodWill": 2603600000, "intangibleAssets": 1205100000, "otherAssets": 2470800000, "deferredLongTermAssetCharges": 737700000, "totalAssets": 32538500000, "accountsPayable": 6165000000, "shortLongTermDebt": 748000000, "otherCurrentLiab": 636000000, "longTermDebt": 3386000000, "otherLiab": 86300000, "deferredLongTermLiab": 92200000, "minorityInterest": 207200000, "totalCurrentLiabilities": 10935700000, "totalLiab": 14409100000, "commonStock": 491400000, "retainedEarnings": 14326600000, "treasuryStock": -192100000, "capitalSurplus": 3296300000, "otherStockholderEquity": -192100000, "totalStockholderEquity": 17922200000, "netTangibleAssets": 14113500000}], "maxAge": 86400}, "earningsTrend": {"trend": [{"maxAge": 1, "period": "0q", "endDate": "2018-12-31", "growth": {}, "earningsEstimate": {"avg": 0.0, "low": 0.0, "high": 0.0, "yearAgoEps": 1.41, "numberOfAnalysts": 0, "growth": {}}, "revenueEstimate": {"avg": 16902000000, "low": 16902000000, "high": 16902000000, "numberOfAnalysts": 1, "yearAgoRevenue": 14799100000, "growth": 0.142}, "epsTrend": {"current": 0.0, "7daysAgo": 0.0, "30daysAgo": 0.0, "60daysAgo": 0.0, "90daysAgo": 0.0}, "epsRevisions": {"upLast7days": 0, "upLast30days": 0, "downLast30days": 0, "downLast90days": {}}}, {"maxAge": 1, "period": "+1q", "endDate": "2019-03-31", "growth": {}, "earningsEstimate": {"avg": 0.0, "low": 0.0, "high": 0.0, "yearAgoEps": 0.72, "numberOfAnalysts": 0, "growth": {}}, "revenueEstimate": {"avg": 17985000000, "low": 17985000000, "high": 17985000000, "numberOfAnalysts": 1, "yearAgoRevenue": 15363300000, "growth": 0.171}, "epsTrend": {"current": 0.0, "7daysAgo": 0.0, "30daysAgo": 0.0, "60daysAgo": 0.0, "90daysAgo": 0.0}, "epsRevisions": {"upLast7days": 0, "upLast30days": 0, "downLast30days": 0, "downLast90days": {}}}, {"maxAge": 1, "period": "0y", "endDate": "2019-03-31", "growth": {}, "earningsEstimate": {"avg": 0.0, "low": 0.0, "high": 0.0, "yearAgoEps": {}, "numberOfAnalysts": 0, "growth": {}}, "revenueEstimate": {"avg": 68554700000, "low": 65524000000, "high": 74877000000, "numberOfAnalysts": 6, "yearAgoRevenue": 60469100000, "growth": 0.134}, "epsTrend": {"current": 0.0, "7daysAgo": 8.67, "30daysAgo": 8.67, "60daysAgo": 8.67, "90daysAgo": 8.67}, "epsRevisions": {"upLast7days": 0, "upLast30days": 0, "downLast30days": 0, "downLast90days": {}}}, {"maxAge": 1, "period": "+1y", "endDate": "2020-03-31", "growth": {}, "earningsEstimate": {"avg": 0.0, "low": 0.0, "high": 0.0, "yearAgoEps": {}, "numberOfAnalysts": 0, "growth": {}}, "revenueEstimate": {"avg": 75351800000, "low": 68711000000, "high": 82353000000, "numberOfAnalysts": 6, "yearAgoRevenue": 68554700000, "growth": 0.099}, "epsTrend": {"current": 0.0, "7daysAgo": 10.47, "30daysAgo": 10.47, "60daysAgo": 10.47, "90daysAgo": 10.47}, "epsRevisions": {"upLast7days": 0, "upLast30days": 0, "downLast30days": 0, "downLast90days": {}}}, {"maxAge": 1, "period": "+5y", "endDate": null, "growth": -0.083000004, "earningsEstimate": {"avg": {}, "low": {}, "high": {}, "yearAgoEps": {}, "numberOfAnalysts": {}, "growth": {}}, "revenueEstimate": {"avg": {}, "low": {}, "high": {}, "numberOfAnalysts": {}, "yearAgoRevenue": {}, "growth": {}}, "epsTrend": {"current": {}, "7daysAgo": {}, "30daysAgo": {}, "60daysAgo": {}, "90daysAgo": {}}, "epsRevisions": {"upLast7days": {}, "upLast30days": {}, "downLast30days": {}, "downLast90days": {}}}, {"maxAge": 1, "period": "-5y", "endDate": null, "growth": {}, "earningsEstimate": {"avg": {}, "low": {}, "high": {}, "yearAgoEps": {}, "numberOfAnalysts": {}, "growth": {}}, "revenueEstimate": {"avg": {}, "low": {}, "high": {}, "numberOfAnalysts": {}, "yearAgoRevenue": {}, "growth": {}}, "epsTrend": {"current": {}, "7daysAgo": {}, "30daysAgo": {}, "60daysAgo": {}, "90daysAgo": {}}, "epsRevisions": {"upLast7days": {}, "upLast30days": {}, "downLast30days": {}, "downLast90days": {}}}], "maxAge": 1}, "financialData": {"maxAge": 86400, "currentPrice": 125.05, "targetHighPrice": 194.0, "targetLowPrice": 135.0, "targetMeanPrice": 158.25, "targetMedianPrice": 159.5, "recommendationKey": "none", "numberOfAnalystOpinions": 8, "grossProfits": 8534100000, "financialCurrency": "INR"}}}