{"ALLSEC.BO": {"recommendationTrend": {"trend": [{"period": "0m", "strongBuy": 0, "buy": 0, "hold": 0, "sell": 0, "strongSell": 0}, {"period": "-1m", "strongBuy": 0, "buy": 0, "hold": 0, "sell": 0, "strongSell": 0}, {"period": "-2m", "strongBuy": 0, "buy": 0, "hold": 0, "sell": 0, "strongSell": 0}, {"period": "-3m", "strongBuy": 0, "buy": 0, "hold": 0, "sell": 0, "strongSell": 0}], "maxAge": 86400}, "cashflowStatementHistory": {"cashflowStatements": [{"maxAge": 1, "endDate": "2020-03-31", "netIncome": 449300000, "depreciation": 188800000, "changeToNetincome": -31700000, "changeToAccountReceivables": -27000000, "changeToLiabilities": 115300000, "changeToOperatingActivities": -84000000, "totalCashFromOperatingActivities": 620900000, "capitalExpenditures": -31100000, "investments": 454300000, "otherCashflowsFromInvestingActivities": 3500000, "totalCashflowsFromInvestingActivities": 260600000, "dividendsPaid": -183100000, "netBorrowings": -137900000, "otherCashflowsFromFinancingActivities": -22500000, "totalCashFromFinancingActivities": -343500000, "effectOfExchangeRate": -25300000, "changeInCash": 525600000}, {"maxAge": 1, "endDate": "2019-03-31", "netIncome": 156700000, "depreciation": 42000000, "changeToNetincome": 64500000, "changeToAccountReceivables": 73300000, "changeToLiabilities": 9600000, "changeToOperatingActivities": -155000000, "totalCashFromOperatingActivities": 201700000, "capitalExpenditures": -67500000, "investments": -37200000, "otherCashflowsFromInvestingActivities": 300000, "totalCashflowsFromInvestingActivities": -103900000, "dividendsPaid": -91800000, "netBorrowings": -2400000, "otherCashflowsFromFinancingActivities": -4900000, "totalCashFromFinancingActivities": -99100000, "effectOfExchangeRate": 55700000, "changeInCash": 54400000}, {"maxAge": 1, "endDate": "2018-03-31", "netIncome": 595300000, "depreciation": 34900000, "changeToNetincome": -89900000, "changeToAccountReceivables": -48200000, "changeToLiabilities": 16100000, "changeToOperatingActivities": 7100000, "totalCashFromOperatingActivities": 525400000, "capitalExpenditures": -70200000, "investments": -71800000, "otherCashflowsFromInvestingActivities": 300000, "totalCashflowsFromInvestingActivities": -141500000, "dividendsPaid": -91800000, "netBorrowings": 4100000, "otherCashflowsFromFinancingActivities": -3300000, "totalCashFromFinancingActivities": 800000, "effectOfExchangeRate": -9700000, "changeInCash": 375000000}, {"maxAge": 1, "endDate": "2017-03-31", "netIncome": 617200000, "depreciation": 42800000, "changeToNetincome": -17400000, "changeToAccountReceivables": 175000000, "changeToLiabilities": -110000000, "changeToOperatingActivities": -17200000, "totalCashFromOperatingActivities": 703000000, "capitalExpenditures": -55800000, "investments": -395000000, "otherCashflowsFromInvestingActivities": 26400000, "totalCashflowsFromInvestingActivities": -423200000, "dividendsPaid": -91800000, "netBorrowings": -84500000, "otherCashflowsFromFinancingActivities": -8400000, "totalCashFromFinancingActivities": -92900000, "effectOfExchangeRate": -22300000, "changeInCash": 164600000}], "maxAge": 86400}, "institutionOwnership": {"maxAge": 1, "ownershipList": []}, "balanceSheetHistoryQuarterly": {"balanceSheetStatements": [{"maxAge": 1, "endDate": "2020-06-30", "totalStockholderEquity": 2280700000, "netTangibleAssets": 2247400000}, {"maxAge": 1, "endDate": "2020-03-31", "cash": 1242000000, "netReceivables": 565900000, "otherCurrentAssets": 55600000, "totalCurrentAssets": 2222400000, "longTermInvestments": 300000, "propertyPlantEquipment": 310700000, "intangibleAssets": 33300000, "otherAssets": 325200000, "deferredLongTermAssetCharges": 124400000, "totalAssets": 2891900000, "accountsPayable": 246300000, "otherCurrentLiab": 26100000, "otherLiab": 44900000, "totalCurrentLiabilities": 433400000, "totalLiab": 611200000, "commonStock": 152400000, "retainedEarnings": 1057900000, "treasuryStock": -131400000, "capitalSurplus": 1201800000, "otherStockholderEquity": -131400000, "totalStockholderEquity": 2280700000, "netTangibleAssets": 2247400000}, {"maxAge": 1, "endDate": "2019-12-31", "totalStockholderEquity": 2028700000, "netTangibleAssets": 1997000000}, {"maxAge": 1, "endDate": "2019-09-30", "cash": 1017900000, "shortTermInvestments": 321800000, "netReceivables": 641700000, "otherCurrentAssets": 44300000, "totalCurrentAssets": 2025700000, "propertyPlantEquipment": 309000000, "intangibleAssets": 31700000, "otherAssets": 292300000, "deferredLongTermAssetCharges": 142100000, "totalAssets": 2658700000, "accountsPayable": 197900000, "otherCurrentLiab": 159400000, "otherLiab": 42000000, "totalCurrentLiabilities": 468500000, "totalLiab": 630000000, "commonStock": 152400000, "treasuryStock": 1876300000, "otherStockholderEquity": 1876300000, "totalStockholderEquity": 2028700000, "netTangibleAssets": 1997000000}], "maxAge": 86400}, "earningsHistory": {"history": [{"maxAge": 1, "epsActual": {}, "epsEstimate": {}, "epsDifference": {}, "surprisePercent": {}, "quarter": {}, "period": "-4q"}, {"maxAge": 1, "epsActual": {}, "epsEstimate": {}, "epsDifference": {}, "surprisePercent": {}, "quarter": {}, "period": "-3q"}, {"maxAge": 1, "epsActual": {}, "epsEstimate": {}, "epsDifference": {}, "surprisePercent": {}, "quarter": {}, "period": "-2q"}, {"maxAge": 1, "epsActual": 11.22, "epsEstimate": 11.91, "epsDifference": -0.69, "surprisePercent": -0.058000002, "quarter": "2017-09-30", "period": "-1q"}], "maxAge": 86400}, "indexTrend": {"maxAge": 1, "symbol": "SP5", "peRatio": 19.7411, "pegRatio": 1.34172, "estimates": [{"period": "0q", "growth": 0.549}, {"period": "+1q", "growth": 0.431}, {"period": "0y", "growth": 0.305}, {"period": "+1y", "growth": 0.109}, {"period": "+5y", "growth": 0.120865}, {"period": "-5y"}]}, "industryTrend": {"maxAge": 1, "symbol": null, "estimates": []}, "insiderTransactions": {"transactions": [{"maxAge": 1, "shares": 1833817, "filerUrl": "", "transactionText": "", "filerName": "Conneqt Business Solutions Ltd", "filerRelation": "UNREPORTED", "moneyText": "", "startDate": "2019-07-10", "ownership": "D"}, {"maxAge": 1, "shares": 2281304, "filerUrl": "", "transactionText": "", "filerName": "Jagadish (R)", "filerRelation": "Promoter", "moneyText": "", "startDate": "2019-06-03", "ownership": "D"}, {"maxAge": 1, "shares": 2356161, "filerUrl": "", "transactionText": "", "filerName": "Saravanan (A)", "filerRelation": "President", "moneyText": "", "startDate": "2019-06-03", "ownership": "D"}], "maxAge": 1}, "quoteType": {"exchange": "BSE", "quoteType": "EQUITY", "symbol": "ALLSEC.BO", "underlyingSymbol": "ALLSEC.BO", "shortName": "ALLSEC TECHNOLOGIES LTD.", "longName": "Allsec Technologies Limited", "firstTradeDateEpochUtc": "2005-05-09 09:15:00", "timeZoneFullName": "Asia/Kolkata", "timeZoneShortName": "IST", "uuid": "015c2c72-004c-3de2-b286-fa408c11cfeb", "messageBoardId": null, "gmtOffSetMilliseconds": 19800000, "maxAge": 1}, "incomeStatementHistory": {"incomeStatementHistory": [{"maxAge": 1, "endDate": "2020-03-31", "totalRevenue": 2944400000, "costOfRevenue": 1799400000, "grossProfit": 1145000000, "researchDevelopment": {}, "sellingGeneralAdministrative": 28900000, "nonRecurring": {}, "otherOperatingExpenses": 360900000, "totalOperatingExpenses": 2389400000, "operatingIncome": 555000000, "totalOtherIncomeExpenseNet": 17000000, "ebit": 555000000, "interestExpense": -22600000, "incomeBeforeTax": 572000000, "incomeTaxExpense": 122700000, "minorityInterest": {}, "netIncomeFromContinuingOps": 449300000, "discontinuedOperations": {}, "extraordinaryItems": {}, "effectOfAccountingCharges": {}, "otherItems": {}, "netIncome": 449300000, "netIncomeApplicableToCommonShares": 449300000}, {"maxAge": 1, "endDate": "2019-03-31", "totalRevenue": 2611600000, "costOfRevenue": 1456900000, "grossProfit": 1154700000, "researchDevelopment": {}, "sellingGeneralAdministrative": 151600000, "nonRecurring": {}, "otherOperatingExpenses": 605900000, "totalOperatingExpenses": 2267000000, "operatingIncome": 344600000, "totalOtherIncomeExpenseNet": -56300000, "ebit": 344600000, "interestExpense": -4900000, "incomeBeforeTax": 288300000, "incomeTaxExpense": 131600000, "minorityInterest": {}, "netIncomeFromContinuingOps": 156700000, "discontinuedOperations": {}, "extraordinaryItems": {}, "effectOfAccountingCharges": {}, "otherItems": {}, "netIncome": 156700000, "netIncomeApplicableToCommonShares": 156700000}, {"maxAge": 1, "endDate": "2018-03-31", "totalRevenue": 3249600000, "costOfRevenue": 1247700000, "grossProfit": 2001900000, "researchDevelopment": {}, "sellingGeneralAdministrative": 156400000, "nonRecurring": {}, "otherOperatingExpenses": 1222500000, "totalOperatingExpenses": 2671600000, "operatingIncome": 578000000, "totalOtherIncomeExpenseNet": 57900000, "ebit": 578000000, "interestExpense": -700000, "incomeBeforeTax": 635900000, "incomeTaxExpense": 40600000, "minorityInterest": {}, "netIncomeFromContinuingOps": 595300000, "discontinuedOperations": {}, "extraordinaryItems": {}, "effectOfAccountingCharges": {}, "otherItems": {}, "netIncome": 595300000, "netIncomeApplicableToCommonShares": 595300000}, {"maxAge": 1, "endDate": "2017-03-31", "totalRevenue": 3181200000, "costOfRevenue": 1044000000, "grossProfit": 2137200000, "researchDevelopment": {}, "sellingGeneralAdministrative": 140800000, "nonRecurring": {}, "otherOperatingExpenses": 1330100000, "totalOperatingExpenses": 2589800000, "operatingIncome": 591400000, "totalOtherIncomeExpenseNet": 41400000, "ebit": 591400000, "interestExpense": -6800000, "incomeBeforeTax": 632800000, "incomeTaxExpense": 15600000, "minorityInterest": {}, "netIncomeFromContinuingOps": 617200000, "discontinuedOperations": {}, "extraordinaryItems": {}, "effectOfAccountingCharges": {}, "otherItems": {}, "netIncome": 617200000, "netIncomeApplicableToCommonShares": 617200000}], "maxAge": 86400}, "fundOwnership": {"maxAge": 1, "ownershipList": []}, "summaryDetail": {"maxAge": 1, "priceHint": 2, "previousClose": 339.1, "open": 341.7, "dayLow": 334.8, "dayHigh": 351.4, "regularMarketPreviousClose": 339.1, "regularMarketOpen": 341.7, "regularMarketDayLow": 334.8, "regularMarketDayHigh": 351.4, "trailingPE": 13.301063, "forwardPE": 6.7842865, "volume": 3822, "regularMarketVolume": 3822, "averageVolume": 4187, "averageVolume10days": 6408, "averageDailyVolume10Day": 6408, "bid": 336.3, "ask": 341.0, "bidSize": 0, "askSize": 0, "marketCap": 5171117056, "fiftyTwoWeekLow": 109.15, "fiftyTwoWeekHigh": 411.35, "fiftyDayAverage": 302.78143, "twoHundredDayAverage": 270.0719, "trailingAnnualDividendRate": 10.0, "trailingAnnualDividendYield": 0.029489825, "currency": "INR", "fromCurrency": null, "toCurrency": null, "lastMarket": null, "algorithm": null, "tradeable": false}, "sectorTrend": {"maxAge": 1, "symbol": null, "estimates": []}, "incomeStatementHistoryQuarterly": {"incomeStatementHistory": [{"maxAge": 1, "endDate": "2020-06-30", "totalRevenue": 639200000, "costOfRevenue": 369600000, "grossProfit": 269600000, "researchDevelopment": {}, "sellingGeneralAdministrative": {}, "nonRecurring": {}, "otherOperatingExpenses": 139700000, "totalOperatingExpenses": 566200000, "operatingIncome": 73000000, "totalOtherIncomeExpenseNet": 7700000, "ebit": 73000000, "interestExpense": -3600000, "incomeBeforeTax": 80700000, "incomeTaxExpense": 20400000, "minorityInterest": {}, "netIncomeFromContinuingOps": 60300000, "discontinuedOperations": {}, "extraordinaryItems": {}, "effectOfAccountingCharges": {}, "otherItems": {}, "netIncome": 60300000, "netIncomeApplicableToCommonShares": 60300000}, {"maxAge": 1, "endDate": "2020-03-31", "totalRevenue": 711400000, "costOfRevenue": 495500000, "grossProfit": 215900000, "researchDevelopment": {}, "sellingGeneralAdministrative": 28900000, "nonRecurring": {}, "otherOperatingExpenses": -800000, "totalOperatingExpenses": 576100000, "operatingIncome": 135300000, "totalOtherIncomeExpenseNet": 2000000, "ebit": 135300000, "interestExpense": -4700000, "incomeBeforeTax": 137300000, "incomeTaxExpense": 28700000, "minorityInterest": {}, "netIncomeFromContinuingOps": 108600000, "discontinuedOperations": {}, "extraordinaryItems": {}, "effectOfAccountingCharges": {}, "otherItems": {}, "netIncome": 108600000, "netIncomeApplicableToCommonShares": 108600000}, {"maxAge": 1, "endDate": "2019-12-31", "totalRevenue": 723300000, "costOfRevenue": 425500000, "grossProfit": 297800000, "researchDevelopment": {}, "sellingGeneralAdministrative": 28900000, "nonRecurring": {}, "otherOperatingExpenses": 133100000, "totalOperatingExpenses": 608100000, "operatingIncome": 115200000, "totalOtherIncomeExpenseNet": 600000, "ebit": 115200000, "interestExpense": -4400000, "incomeBeforeTax": 115800000, "incomeTaxExpense": 30300000, "minorityInterest": {}, "netIncomeFromContinuingOps": 85500000, "discontinuedOperations": {}, "extraordinaryItems": {}, "effectOfAccountingCharges": {}, "otherItems": {}, "netIncome": 85500000, "netIncomeApplicableToCommonShares": 85500000}, {"maxAge": 1, "endDate": "2019-09-30", "totalRevenue": 790500000, "costOfRevenue": 463000000, "grossProfit": 327500000, "researchDevelopment": {}, "sellingGeneralAdministrative": 28900000, "nonRecurring": {}, "otherOperatingExpenses": 115800000, "totalOperatingExpenses": 626600000, "operatingIncome": 163900000, "totalOtherIncomeExpenseNet": 7200000, "ebit": 163900000, "interestExpense": -6100000, "incomeBeforeTax": 171100000, "incomeTaxExpense": 36700000, "minorityInterest": {}, "netIncomeFromContinuingOps": 134400000, "discontinuedOperations": {}, "extraordinaryItems": {}, "effectOfAccountingCharges": {}, "otherItems": {}, "netIncome": 134400000, "netIncomeApplicableToCommonShares": 134400000}], "maxAge": 86400}, "cashflowStatementHistoryQuarterly": {"cashflowStatements": [{"maxAge": 1, "endDate": "2020-06-30", "netIncome": 60300000, "changeToLiabilities": 0}, {"maxAge": 1, "endDate": "2020-03-31", "netIncome": 108600000, "changeToLiabilities": 0}, {"maxAge": 1, "endDate": "2019-12-31", "netIncome": 85500000, "changeToLiabilities": 0}, {"maxAge": 1, "endDate": "2019-09-30", "netIncome": 134400000, "changeToLiabilities": 0}], "maxAge": 86400}, "insiderHolders": {"holders": [{"maxAge": 1, "name": "Conneqt Business Solutions Ltd", "relation": "UNREPORTED", "url": "", "transactionDescription": "Other", "latestTransDate": "2019-07-10", "positionDirect": 11182912, "positionDirectDate": "2019-07-10"}, {"maxAge": 1, "name": "Jagadish (R)", "relation": "Promoter", "url": "", "transactionDescription": "Other", "latestTransDate": "2019-06-03", "positionDirect": 380958, "positionDirectDate": "2019-06-03"}, {"maxAge": 1, "name": "Saravanan (A)", "relation": "President", "url": "", "transactionDescription": "Other", "latestTransDate": "2019-06-03", "positionDirect": 380958, "positionDirectDate": "2019-06-03"}], "maxAge": 1}, "earnings": {"maxAge": 86400, "earningsChart": {"quarterly": [{"date": "3Q2017", "actual": 11.22, "estimate": 11.91}], "currentQuarterEstimateDate": "4Q", "currentQuarterEstimateYear": 2017, "earningsDate": ["2020-07-21 05:30:S"]}, "financialsChart": {"yearly": [{"date": 2017, "revenue": 3181200000, "earnings": 617200000}, {"date": 2018, "revenue": 3249600000, "earnings": 595300000}, {"date": 2019, "revenue": 2611600000, "earnings": 156700000}, {"date": 2020, "revenue": 2944400000, "earnings": 449300000}], "quarterly": [{"date": "3Q2019", "revenue": 790500000, "earnings": 134400000}, {"date": "4Q2019", "revenue": 723300000, "earnings": 85500000}, {"date": "1Q2020", "revenue": 711400000, "earnings": 108600000}, {"date": "2Q2020", "revenue": 639200000, "earnings": 60300000}]}, "financialCurrency": "INR"}, "calendarEvents": {"maxAge": 1, "earnings": {"earningsDate": ["2020-07-21 05:30:S"], "revenueAverage": 893200000}}, "price": {"maxAge": 1, "regularMarketChangePercent": 0.00073724566, "regularMarketChange": 0.25, "regularMarketTime": "2021-04-30 15:29:04", "priceHint": 2, "regularMarketPrice": 339.35, "regularMarketDayHigh": 351.4, "regularMarketDayLow": 334.8, "regularMarketVolume": 3822, "averageDailyVolume10Day": 6408, "averageDailyVolume3Month": 4187, "regularMarketPreviousClose": 339.1, "regularMarketSource": "FREE_REALTIME", "regularMarketOpen": 341.7, "exchange": "BSE", "exchangeName": "BSE", "exchangeDataDelayedBy": 0, "marketState": "CLOSED", "quoteType": "EQUITY", "symbol": "ALLSEC.BO", "underlyingSymbol": null, "shortName": "ALLSEC TECHNOLOGIES LTD.", "longName": "Allsec Technologies Limited", "currency": "INR", "quoteSourceName": "Delayed Quote", "currencySymbol": "\u20b9", "fromCurrency": null, "toCurrency": null, "lastMarket": null, "marketCap": 5171117056}, "balanceSheetHistory": {"balanceSheetStatements": [{"maxAge": 1, "endDate": "2020-03-31", "cash": 1242000000, "netReceivables": 565900000, "otherCurrentAssets": 55600000, "totalCurrentAssets": 2222400000, "longTermInvestments": 300000, "propertyPlantEquipment": 310700000, "intangibleAssets": 33300000, "otherAssets": 325200000, "deferredLongTermAssetCharges": 124400000, "totalAssets": 2891900000, "accountsPayable": 246300000, "otherCurrentLiab": 26100000, "otherLiab": 44900000, "totalCurrentLiabilities": 433400000, "totalLiab": 611200000, "commonStock": 152400000, "retainedEarnings": 1057900000, "treasuryStock": -131400000, "capitalSurplus": 1201800000, "otherStockholderEquity": -131400000, "totalStockholderEquity": 2280700000, "netTangibleAssets": 2247400000}, {"maxAge": 1, "endDate": "2019-03-31", "cash": 716400000, "netReceivables": 458100000, "otherCurrentAssets": 13600000, "totalCurrentAssets": 2031700000, "propertyPlantEquipment": 102300000, "intangibleAssets": 29800000, "otherAssets": 288200000, "deferredLongTermAssetCharges": 144100000, "totalAssets": 2452000000, "accountsPayable": 125000000, "otherCurrentLiab": 39100000, "otherLiab": 34100000, "totalCurrentLiabilities": 235500000, "totalLiab": 274100000, "commonStock": 152400000, "retainedEarnings": 801800000, "treasuryStock": 21900000, "capitalSurplus": 1201800000, "otherStockholderEquity": 21900000, "totalStockholderEquity": 2177900000, "netTangibleAssets": 2148100000}, {"maxAge": 1, "endDate": "2018-03-31", "cash": 662000000, "netReceivables": 463200000, "otherCurrentAssets": 4000000, "totalCurrentAssets": 1876800000, "longTermInvestments": 1900000, "propertyPlantEquipment": 96400000, "goodWill": 124900000, "intangibleAssets": 21100000, "otherAssets": 294200000, "deferredLongTermAssetCharges": 163300000, "totalAssets": 2415300000, "accountsPayable": 79900000, "otherCurrentLiab": 126900000, "otherLiab": 31100000, "totalCurrentLiabilities": 302400000, "totalLiab": 340000000, "commonStock": 152400000, "retainedEarnings": 752400000, "treasuryStock": -31400000, "capitalSurplus": 1201900000, "otherStockholderEquity": -31400000, "totalStockholderEquity": 2075300000, "netTangibleAssets": 1929300000}, {"maxAge": 1, "endDate": "2017-03-31", "cash": 287000000, "netReceivables": 421300000, "otherCurrentAssets": 10000000, "totalCurrentAssets": 1345600000, "longTermInvestments": 600000, "propertyPlantEquipment": 69200000, "goodWill": 124900000, "intangibleAssets": 29200000, "otherAssets": 194400000, "deferredLongTermAssetCharges": 68300000, "totalAssets": 1763900000, "accountsPayable": 66500000, "otherCurrentLiab": 52500000, "otherLiab": 9300000, "totalCurrentLiabilities": 256100000, "totalLiab": 267900000, "commonStock": 152400000, "retainedEarnings": 157100000, "treasuryStock": -15400000, "capitalSurplus": 1201900000, "otherStockholderEquity": -15400000, "totalStockholderEquity": 1496000000, "netTangibleAssets": 1341900000}], "maxAge": 86400}, "earningsTrend": {"trend": [{"maxAge": 1, "period": "0q", "endDate": "2017-12-31", "growth": {}, "earningsEstimate": {"avg": 0.0, "low": 0.0, "high": 0.0, "yearAgoEps": {}, "numberOfAnalysts": 0, "growth": {}}, "revenueEstimate": {"avg": 893200000, "low": 0, "high": 0, "numberOfAnalysts": 0, "yearAgoRevenue": {}, "growth": {}}, "epsTrend": {"current": 0.0, "7daysAgo": 0.0, "30daysAgo": 0.0, "60daysAgo": 0.0, "90daysAgo": 0.0}, "epsRevisions": {"upLast7days": 0, "upLast30days": 0, "downLast30days": 0, "downLast90days": {}}}, {"maxAge": 1, "period": "+1q", "endDate": "2018-03-31", "growth": {}, "earningsEstimate": {"avg": 0.0, "low": 0.0, "high": 0.0, "yearAgoEps": {}, "numberOfAnalysts": 0, "growth": {}}, "revenueEstimate": {"avg": 639600000, "low": 0, "high": 0, "numberOfAnalysts": 0, "yearAgoRevenue": 811100000, "growth": -0.21100001}, "epsTrend": {"current": 0.0, "7daysAgo": 0.0, "30daysAgo": 0.0, "60daysAgo": 0.0, "90daysAgo": 0.0}, "epsRevisions": {"upLast7days": 0, "upLast30days": 0, "downLast30days": 0, "downLast90days": {}}}, {"maxAge": 1, "period": "0y", "endDate": "2018-03-31", "growth": {}, "earningsEstimate": {"avg": 0.0, "low": 0.0, "high": 0.0, "yearAgoEps": {}, "numberOfAnalysts": 0, "growth": {}}, "revenueEstimate": {"avg": 3323400000, "low": 3712200000, "high": 3712200000, "numberOfAnalysts": 1, "yearAgoRevenue": 3228000000, "growth": 0.03}, "epsTrend": {"current": 0.0, "7daysAgo": 44.97, "30daysAgo": 44.97, "60daysAgo": 44.97, "90daysAgo": 44.97}, "epsRevisions": {"upLast7days": 0, "upLast30days": 0, "downLast30days": 0, "downLast90days": {}}}, {"maxAge": 1, "period": "+1y", "endDate": "2019-03-31", "growth": {}, "earningsEstimate": {"avg": 0.0, "low": 0.0, "high": 0.0, "yearAgoEps": {}, "numberOfAnalysts": 0, "growth": {}}, "revenueEstimate": {"avg": 4231910000, "low": 4231910000, "high": 4231910000, "numberOfAnalysts": 1, "yearAgoRevenue": 3323400000, "growth": 0.273}, "epsTrend": {"current": 0.0, "7daysAgo": 50.02, "30daysAgo": 50.02, "60daysAgo": 50.02, "90daysAgo": 50.02}, "epsRevisions": {"upLast7days": 0, "upLast30days": 0, "downLast30days": 0, "downLast90days": {}}}, {"maxAge": 1, "period": "+5y", "endDate": null, "growth": {}, "earningsEstimate": {"avg": {}, "low": {}, "high": {}, "yearAgoEps": {}, "numberOfAnalysts": {}, "growth": {}}, "revenueEstimate": {"avg": {}, "low": {}, "high": {}, "numberOfAnalysts": {}, "yearAgoRevenue": {}, "growth": {}}, "epsTrend": {"current": {}, "7daysAgo": {}, "30daysAgo": {}, "60daysAgo": {}, "90daysAgo": {}}, "epsRevisions": {"upLast7days": {}, "upLast30days": {}, "downLast30days": {}, "downLast90days": {}}}, {"maxAge": 1, "period": "-5y", "endDate": null, "growth": {}, "earningsEstimate": {"avg": {}, "low": {}, "high": {}, "yearAgoEps": {}, "numberOfAnalysts": {}, "growth": {}}, "revenueEstimate": {"avg": {}, "low": {}, "high": {}, "numberOfAnalysts": {}, "yearAgoRevenue": {}, "growth": {}}, "epsTrend": {"current": {}, "7daysAgo": {}, "30daysAgo": {}, "60daysAgo": {}, "90daysAgo": {}}, "epsRevisions": {"upLast7days": {}, "upLast30days": {}, "downLast30days": {}, "downLast90days": {}}}], "maxAge": 1}, "financialData": {"maxAge": 86400, "currentPrice": 339.35, "recommendationKey": "none", "grossProfits": 1145000000, "financialCurrency": "INR"}}}