{"ALLSEC.NS": {"assetProfile": {"address1": "46B, Velachery Main Road", "address2": "Velachery", "city": "Chennai", "zip": "600042", "country": "India", "phone": "91 44 4299 7070", "fax": "91 44 2244 7077", "website": "http://www.allsectech.com", "industry": "Specialty Business Services", "sector": "Industrials", "longBusinessSummary": "Allsec Technologies Limited, through its subsidiaries, provides business process solutions in India, the United States, the Philippines, and internationally. The company operates through Customer Lifecycle Management, Anti Money Laundering, and Human Resource Outsourcing segments. Its services include data verification, processing of orders received through telephone calls, telemarketing, monitoring quality of calls of other call centers, customer services, human resource, and payroll processing; and time and attendance management, statutory compliance support, lead generation, credit risk management, FAO and transaction processing, healthcare RCM, and customer retention and relationship management services. The company also offers vouching, screening, and other services; and outsourced solutions in customer engagement, sales and retention, and quality assurance for businesses, such as BFSI, mortgage, telecommunication, retail, healthcare, energy and utilities, and technology. Allsec Technologies Limited also exports its services. The company was founded in 1998 and is headquartered in Chennai, India. Allsec Technologies Limited is a subsidiary of Conneqt Business Solutions Limited.", "fullTimeEmployees": 3372, "companyOfficers": [{"maxAge": 1, "name": "Mr. Ashish  Johri", "title": "Chief Exec. Officer", "exercisedValue": 0, "unexercisedValue": 0}, {"maxAge": 1, "name": "Mr. Gagan Preet Singh", "title": "DGM of Legal, Compliance Officer & Company Sec.", "exercisedValue": 0, "unexercisedValue": 0}, {"maxAge": 1, "name": "Mr. P.  Raghunath", "title": "CFO & VP of Fin.", "exercisedValue": 0, "unexercisedValue": 0}, {"maxAge": 1, "name": "Mr. R.K.  Dhanabalan", "title": "VP of HR", "exercisedValue": 0, "unexercisedValue": 0}, {"maxAge": 1, "name": "Mr. R.  Vaithiyanathan", "age": 54, "title": "Sr. VP of Digital Bus. Services", "yearBorn": 1966, "fiscalYear": 2018, "totalPay": 0, "exercisedValue": 0, "unexercisedValue": 0}, {"maxAge": 1, "name": "Mr. C.  Mahadevan", "title": "Sr. VP of HR Outsourcing", "fiscalYear": 2018, "totalPay": 0, "exercisedValue": 0, "unexercisedValue": 0}], "compensationAsOfEpochDate": "2018-12-31 05:30:00", "maxAge": 86400}, "recommendationTrend": {"trend": [{"period": "0m", "strongBuy": 0, "buy": 0, "hold": 0, "sell": 0, "strongSell": 0}, {"period": "-1m", "strongBuy": 0, "buy": 1, "hold": 0, "sell": 0, "strongSell": 0}, {"period": "-2m", "strongBuy": 0, "buy": 1, "hold": 0, "sell": 0, "strongSell": 0}, {"period": "-3m", "strongBuy": 0, "buy": 0, "hold": 0, "sell": 0, "strongSell": 0}], "maxAge": 86400}, "cashflowStatementHistory": {"cashflowStatements": [{"maxAge": 1, "endDate": "2020-03-31", "netIncome": 449300000, "depreciation": 188800000, "changeToNetincome": -31700000, "changeToAccountReceivables": -27000000, "changeToLiabilities": 115300000, "changeToOperatingActivities": -84000000, "totalCashFromOperatingActivities": 620900000, "capitalExpenditures": -31100000, "investments": 454300000, "otherCashflowsFromInvestingActivities": 3500000, "totalCashflowsFromInvestingActivities": 260600000, "dividendsPaid": -183100000, "netBorrowings": -137900000, "otherCashflowsFromFinancingActivities": -22500000, "totalCashFromFinancingActivities": -343500000, "effectOfExchangeRate": -25300000, "changeInCash": 525600000}, {"maxAge": 1, "endDate": "2019-03-31", "netIncome": 156700000, "depreciation": 42000000, "changeToNetincome": 64500000, "changeToAccountReceivables": 73300000, "changeToLiabilities": 9600000, "changeToOperatingActivities": -155000000, "totalCashFromOperatingActivities": 201700000, "capitalExpenditures": -67500000, "investments": -37200000, "otherCashflowsFromInvestingActivities": 300000, "totalCashflowsFromInvestingActivities": -103900000, "dividendsPaid": -91800000, "netBorrowings": -2400000, "otherCashflowsFromFinancingActivities": -4900000, "totalCashFromFinancingActivities": -99100000, "effectOfExchangeRate": 55700000, "changeInCash": 54400000}, {"maxAge": 1, "endDate": "2018-03-31", "netIncome": 595300000, "depreciation": 34900000, "changeToNetincome": -89900000, "changeToAccountReceivables": -48200000, "changeToLiabilities": 16100000, "changeToOperatingActivities": 7100000, "totalCashFromOperatingActivities": 525400000, "capitalExpenditures": -70200000, "investments": -71800000, "otherCashflowsFromInvestingActivities": 300000, "totalCashflowsFromInvestingActivities": -141500000, "dividendsPaid": -91800000, "netBorrowings": 4100000, "otherCashflowsFromFinancingActivities": -3300000, "totalCashFromFinancingActivities": 800000, "effectOfExchangeRate": -9700000, "changeInCash": 375000000}, {"maxAge": 1, "endDate": "2017-03-31", "netIncome": 617200000, "depreciation": 42800000, "changeToNetincome": -17400000, "changeToAccountReceivables": 175000000, "changeToLiabilities": -110000000, "changeToOperatingActivities": -17200000, "totalCashFromOperatingActivities": 703000000, "capitalExpenditures": -55800000, "investments": -395000000, "otherCashflowsFromInvestingActivities": 26400000, "totalCashflowsFromInvestingActivities": -423200000, "dividendsPaid": -91800000, "netBorrowings": -84500000, "otherCashflowsFromFinancingActivities": -8400000, "totalCashFromFinancingActivities": -92900000, "effectOfExchangeRate": -22300000, "changeInCash": 164600000}], "maxAge": 86400}, "indexTrend": {"maxAge": 1, "symbol": "SP5", "peRatio": 19.7411, "pegRatio": 1.34172, "estimates": [{"period": "0q", "growth": 0.549}, {"period": "+1q", "growth": 0.431}, {"period": "0y", "growth": 0.305}, {"period": "+1y", "growth": 0.109}, {"period": "+5y", "growth": 0.120865}, {"period": "-5y"}]}, "defaultKeyStatistics": {"maxAge": 1, "priceHint": 2, "enterpriseValue": 3437006848, "profitMargins": 0.11737, "floatShares": 2343844, "sharesOutstanding": 15238300, "heldPercentInsiders": 0.84353995, "heldPercentInstitutions": 0.0, "beta": 1.276838, "category": null, "bookValue": 158.728, "priceToBook": 2.1363592, "fundFamily": null, "legalType": null, "lastFiscalYearEnd": "2020-03-31 05:30:00", "nextFiscalYearEnd": "2022-03-31 05:30:00", "mostRecentQuarter": "2020-12-31 05:30:00", "earningsQuarterlyGrowth": 0.037, "netIncomeToCommon": 322000000, "trailingEps": 21.127, "forwardEps": 50.02, "lastSplitFactor": null, "enterpriseToRevenue": 1.253, "enterpriseToEbitda": 7.416, "52WeekChange": 0.94159746, "SandP52WeekChange": 0.48148263, "lastDividendValue": 10.0, "lastDividendDate": 1559174400}, "industryTrend": {"maxAge": 1, "symbol": null, "estimates": []}, "quoteType": {"exchange": "NSI", "quoteType": "EQUITY", "symbol": "ALLSEC.NS", "underlyingSymbol": "ALLSEC.NS", "shortName": "ALLSEC TECHNOLOGIE", "longName": "Allsec Technologies Limited", "firstTradeDateEpochUtc": "2005-05-09 09:15:00", "timeZoneFullName": "Asia/Kolkata", "timeZoneShortName": "IST", "uuid": "0874cecb-fab3-302f-a5b4-f5a142f4272b", "messageBoardId": "finmb_4069523", "gmtOffSetMilliseconds": 19800000, "maxAge": 1}, "incomeStatementHistory": {"incomeStatementHistory": [{"maxAge": 1, "endDate": "2020-03-31", "totalRevenue": 2944400000, "costOfRevenue": 1799400000, "grossProfit": 1145000000, "researchDevelopment": {}, "sellingGeneralAdministrative": 28900000, "nonRecurring": {}, "otherOperatingExpenses": 360900000, "totalOperatingExpenses": 2389400000, "operatingIncome": 555000000, "totalOtherIncomeExpenseNet": 17000000, "ebit": 555000000, "interestExpense": -22600000, "incomeBeforeTax": 572000000, "incomeTaxExpense": 122700000, "minorityInterest": {}, "netIncomeFromContinuingOps": 449300000, "discontinuedOperations": {}, "extraordinaryItems": {}, "effectOfAccountingCharges": {}, "otherItems": {}, "netIncome": 449300000, "netIncomeApplicableToCommonShares": 449300000}, {"maxAge": 1, "endDate": "2019-03-31", "totalRevenue": 2611600000, "costOfRevenue": 1456900000, "grossProfit": 1154700000, "researchDevelopment": {}, "sellingGeneralAdministrative": 151600000, "nonRecurring": {}, "otherOperatingExpenses": 605900000, "totalOperatingExpenses": 2267000000, "operatingIncome": 344600000, "totalOtherIncomeExpenseNet": -56300000, "ebit": 344600000, "interestExpense": -4900000, "incomeBeforeTax": 288300000, "incomeTaxExpense": 131600000, "minorityInterest": {}, "netIncomeFromContinuingOps": 156700000, "discontinuedOperations": {}, "extraordinaryItems": {}, "effectOfAccountingCharges": {}, "otherItems": {}, "netIncome": 156700000, "netIncomeApplicableToCommonShares": 156700000}, {"maxAge": 1, "endDate": "2018-03-31", "totalRevenue": 3249600000, "costOfRevenue": 1247700000, "grossProfit": 2001900000, "researchDevelopment": {}, "sellingGeneralAdministrative": 156400000, "nonRecurring": {}, "otherOperatingExpenses": 1222500000, "totalOperatingExpenses": 2671600000, "operatingIncome": 578000000, "totalOtherIncomeExpenseNet": 57900000, "ebit": 578000000, "interestExpense": -700000, "incomeBeforeTax": 635900000, "incomeTaxExpense": 40600000, "minorityInterest": {}, "netIncomeFromContinuingOps": 595300000, "discontinuedOperations": {}, "extraordinaryItems": {}, "effectOfAccountingCharges": {}, "otherItems": {}, "netIncome": 595300000, "netIncomeApplicableToCommonShares": 595300000}, {"maxAge": 1, "endDate": "2017-03-31", "totalRevenue": 3181200000, "costOfRevenue": 1044000000, "grossProfit": 2137200000, "researchDevelopment": {}, "sellingGeneralAdministrative": 140800000, "nonRecurring": {}, "otherOperatingExpenses": 1330100000, "totalOperatingExpenses": 2589800000, "operatingIncome": 591400000, "totalOtherIncomeExpenseNet": 41400000, "ebit": 591400000, "interestExpense": -6800000, "incomeBeforeTax": 632800000, "incomeTaxExpense": 15600000, "minorityInterest": {}, "netIncomeFromContinuingOps": 617200000, "discontinuedOperations": {}, "extraordinaryItems": {}, "effectOfAccountingCharges": {}, "otherItems": {}, "netIncome": 617200000, "netIncomeApplicableToCommonShares": 617200000}], "maxAge": 86400}, "fundOwnership": {"maxAge": 1, "ownershipList": []}, "summaryDetail": {"maxAge": 1, "priceHint": 2, "previousClose": 336.55, "open": 340.0, "dayLow": 336.0, "dayHigh": 348.0, "regularMarketPreviousClose": 336.55, "regularMarketOpen": 340.0, "regularMarketDayLow": 336.0, "regularMarketDayHigh": 348.0, "exDividendDate": "2019-05-30 05:30:00", "payoutRatio": 0.0, "beta": 1.276838, "trailingPE": 16.05055, "forwardPE": 6.7792883, "volume": 34412, "regularMarketVolume": 34412, "averageVolume": 20928, "averageVolume10days": 12501, "averageDailyVolume10Day": 12501, "bid": 0.0, "ask": 0.0, "bidSize": 0, "askSize": 0, "marketCap": 5206473728, "fiftyTwoWeekLow": 153.1, "fiftyTwoWeekHigh": 390.0, "priceToSalesTrailing12Months": 1.8977487, "fiftyDayAverage": 320.23, "twoHundredDayAverage": 290.29688, "trailingAnnualDividendRate": 10.0, "trailingAnnualDividendYield": 0.029713267, "currency": "INR", "fromCurrency": null, "toCurrency": null, "lastMarket": null, "algorithm": null, "tradeable": false}, "insiderHolders": {"holders": [{"maxAge": 1, "name": "Bhaskar (P Udaya)", "relation": "UNREPORTED", "url": "", "transactionDescription": "Sale", "latestTransDate": "2017-10-24", "positionDirect": 2000, "positionDirectDate": "2017-10-24"}, {"maxAge": 1, "name": "Conneqt Business Solutions Ltd", "relation": "UNREPORTED", "url": "", "transactionDescription": "Other", "latestTransDate": "2019-07-10", "positionDirect": 11182912, "positionDirectDate": "2019-07-10"}, {"maxAge": 1, "name": "Jagadish (R)", "relation": "Promoter", "url": "", "transactionDescription": "Other", "latestTransDate": "2019-06-03", "positionDirect": 380958, "positionDirectDate": "2019-06-03"}, {"maxAge": 1, "name": "Saravanan (A)", "relation": "President", "url": "", "transactionDescription": "Other", "latestTransDate": "2019-06-03", "positionDirect": 380958, "positionDirectDate": "2019-06-03"}, {"maxAge": 1, "name": "Vaithiyanathan (R.)", "relation": "Vice President", "url": "", "transactionDescription": "Sale", "latestTransDate": "2018-06-13", "positionDirect": 6000, "positionDirectDate": "2018-06-13"}], "maxAge": 1}, "calendarEvents": {"maxAge": 1, "earnings": {"earningsDate": [], "revenueAverage": 893200000}, "exDividendDate": "2019-05-30 05:30:00"}, "price": {"maxAge": 1, "regularMarketChangePercent": 0.007576938, "regularMarketChange": 2.5500183, "regularMarketTime": "2021-04-30 15:29:20", "priceHint": 2, "regularMarketPrice": 339.1, "regularMarketDayHigh": 348.0, "regularMarketDayLow": 336.0, "regularMarketVolume": 34412, "averageDailyVolume10Day": 12501, "averageDailyVolume3Month": 20928, "regularMarketPreviousClose": 336.55, "regularMarketSource": "FREE_REALTIME", "regularMarketOpen": 340.0, "exchange": "NSI", "exchangeName": "NSE", "exchangeDataDelayedBy": 15, "marketState": "CLOSED", "quoteType": "EQUITY", "symbol": "ALLSEC.NS", "underlyingSymbol": null, "shortName": "ALLSEC TECHNOLOGIE", "longName": "Allsec Technologies Limited", "currency": "INR", "quoteSourceName": "Delayed Quote", "currencySymbol": "\u20b9", "fromCurrency": null, "toCurrency": null, "lastMarket": null, "marketCap": 5206473728}, "balanceSheetHistory": {"balanceSheetStatements": [{"maxAge": 1, "endDate": "2020-03-31", "cash": 1242000000, "netReceivables": 565900000, "otherCurrentAssets": 55600000, "totalCurrentAssets": 2222400000, "longTermInvestments": 300000, "propertyPlantEquipment": 310700000, "intangibleAssets": 33300000, "otherAssets": 325200000, "deferredLongTermAssetCharges": 124400000, "totalAssets": 2891900000, "accountsPayable": 246300000, "otherCurrentLiab": 26100000, "otherLiab": 44900000, "totalCurrentLiabilities": 433400000, "totalLiab": 611200000, "commonStock": 152400000, "retainedEarnings": 1057900000, "treasuryStock": -131400000, "capitalSurplus": 1201800000, "otherStockholderEquity": -131400000, "totalStockholderEquity": 2280700000, "netTangibleAssets": 2247400000}, {"maxAge": 1, "endDate": "2019-03-31", "cash": 716400000, "netReceivables": 458100000, "otherCurrentAssets": 13600000, "totalCurrentAssets": 2031700000, "propertyPlantEquipment": 102300000, "intangibleAssets": 29800000, "otherAssets": 288200000, "deferredLongTermAssetCharges": 144100000, "totalAssets": 2452000000, "accountsPayable": 125000000, "otherCurrentLiab": 39100000, "otherLiab": 34100000, "totalCurrentLiabilities": 235500000, "totalLiab": 274100000, "commonStock": 152400000, "retainedEarnings": 801800000, "treasuryStock": 21900000, "capitalSurplus": 1201800000, "otherStockholderEquity": 21900000, "totalStockholderEquity": 2177900000, "netTangibleAssets": 2148100000}, {"maxAge": 1, "endDate": "2018-03-31", "cash": 662000000, "netReceivables": 463200000, "otherCurrentAssets": 4000000, "totalCurrentAssets": 1876800000, "longTermInvestments": 1900000, "propertyPlantEquipment": 96400000, "goodWill": 124900000, "intangibleAssets": 21100000, "otherAssets": 294200000, "deferredLongTermAssetCharges": 163300000, "totalAssets": 2415300000, "accountsPayable": 79900000, "otherCurrentLiab": 126900000, "otherLiab": 31100000, "totalCurrentLiabilities": 302400000, "totalLiab": 340000000, "commonStock": 152400000, "retainedEarnings": 752400000, "treasuryStock": -31400000, "capitalSurplus": 1201900000, "otherStockholderEquity": -31400000, "totalStockholderEquity": 2075300000, "netTangibleAssets": 1929300000}, {"maxAge": 1, "endDate": "2017-03-31", "cash": 287000000, "netReceivables": 421300000, "otherCurrentAssets": 10000000, "totalCurrentAssets": 1345600000, "longTermInvestments": 600000, "propertyPlantEquipment": 69200000, "goodWill": 124900000, "intangibleAssets": 29200000, "otherAssets": 194400000, "deferredLongTermAssetCharges": 68300000, "totalAssets": 1763900000, "accountsPayable": 66500000, "otherCurrentLiab": 52500000, "otherLiab": 9300000, "totalCurrentLiabilities": 256100000, "totalLiab": 267900000, "commonStock": 152400000, "retainedEarnings": 157100000, "treasuryStock": -15400000, "capitalSurplus": 1201900000, "otherStockholderEquity": -15400000, "totalStockholderEquity": 1496000000, "netTangibleAssets": 1341900000}], "maxAge": 86400}, "earningsTrend": {"trend": [{"maxAge": 1, "period": "0q", "endDate": "2017-12-31", "growth": {}, "earningsEstimate": {"avg": 0.0, "low": 0.0, "high": 0.0, "yearAgoEps": {}, "numberOfAnalysts": 0, "growth": {}}, "revenueEstimate": {"avg": 893200000, "low": 0, "high": 0, "numberOfAnalysts": 0, "yearAgoRevenue": {}, "growth": {}}, "epsTrend": {"current": 0.0, "7daysAgo": 0.0, "30daysAgo": 0.0, "60daysAgo": 0.0, "90daysAgo": 0.0}, "epsRevisions": {"upLast7days": 0, "upLast30days": 0, "downLast30days": 0, "downLast90days": {}}}, {"maxAge": 1, "period": "+1q", "endDate": "2018-03-31", "growth": {}, "earningsEstimate": {"avg": 0.0, "low": 0.0, "high": 0.0, "yearAgoEps": {}, "numberOfAnalysts": 0, "growth": {}}, "revenueEstimate": {"avg": 639600000, "low": 0, "high": 0, "numberOfAnalysts": 0, "yearAgoRevenue": 811100000, "growth": -0.21100001}, "epsTrend": {"current": 0.0, "7daysAgo": 0.0, "30daysAgo": 0.0, "60daysAgo": 0.0, "90daysAgo": 0.0}, "epsRevisions": {"upLast7days": 0, "upLast30days": 0, "downLast30days": 0, "downLast90days": {}}}, {"maxAge": 1, "period": "0y", "endDate": "2018-03-31", "growth": {}, "earningsEstimate": {"avg": 0.0, "low": 0.0, "high": 0.0, "yearAgoEps": {}, "numberOfAnalysts": 0, "growth": {}}, "revenueEstimate": {"avg": 3323400000, "low": 3712200000, "high": 3712200000, "numberOfAnalysts": 1, "yearAgoRevenue": 3228000000, "growth": 0.03}, "epsTrend": {"current": 0.0, "7daysAgo": 44.97, "30daysAgo": 44.97, "60daysAgo": 44.97, "90daysAgo": 44.97}, "epsRevisions": {"upLast7days": 0, "upLast30days": 0, "downLast30days": 0, "downLast90days": {}}}, {"maxAge": 1, "period": "+1y", "endDate": "2019-03-31", "growth": {}, "earningsEstimate": {"avg": 0.0, "low": 0.0, "high": 0.0, "yearAgoEps": {}, "numberOfAnalysts": 0, "growth": {}}, "revenueEstimate": {"avg": 4231910000, "low": 4231910000, "high": 4231910000, "numberOfAnalysts": 1, "yearAgoRevenue": 3323400000, "growth": 0.273}, "epsTrend": {"current": 0.0, "7daysAgo": 50.02, "30daysAgo": 50.02, "60daysAgo": 50.02, "90daysAgo": 50.02}, "epsRevisions": {"upLast7days": 0, "upLast30days": 0, "downLast30days": 0, "downLast90days": {}}}, {"maxAge": 1, "period": "+5y", "endDate": null, "growth": {}, "earningsEstimate": {"avg": {}, "low": {}, "high": {}, "yearAgoEps": {}, "numberOfAnalysts": {}, "growth": {}}, "revenueEstimate": {"avg": {}, "low": {}, "high": {}, "numberOfAnalysts": {}, "yearAgoRevenue": {}, "growth": {}}, "epsTrend": {"current": {}, "7daysAgo": {}, "30daysAgo": {}, "60daysAgo": {}, "90daysAgo": {}}, "epsRevisions": {"upLast7days": {}, "upLast30days": {}, "downLast30days": {}, "downLast90days": {}}}, {"maxAge": 1, "period": "-5y", "endDate": null, "growth": {}, "earningsEstimate": {"avg": {}, "low": {}, "high": {}, "yearAgoEps": {}, "numberOfAnalysts": {}, "growth": {}}, "revenueEstimate": {"avg": {}, "low": {}, "high": {}, "numberOfAnalysts": {}, "yearAgoRevenue": {}, "growth": {}}, "epsTrend": {"current": {}, "7daysAgo": {}, "30daysAgo": {}, "60daysAgo": {}, "90daysAgo": {}}, "epsRevisions": {"upLast7days": {}, "upLast30days": {}, "downLast30days": {}, "downLast90days": {}}}], "maxAge": 1}, "institutionOwnership": {"maxAge": 1, "ownershipList": []}, "majorHoldersBreakdown": {"maxAge": 1, "insidersPercentHeld": 0.84353995, "institutionsPercentHeld": 0.0, "institutionsFloatPercentHeld": 0.0, "institutionsCount": 0}, "balanceSheetHistoryQuarterly": {"balanceSheetStatements": [{"maxAge": 1, "endDate": "2020-12-31", "totalStockholderEquity": 2422300000, "netTangibleAssets": 2367000000}, {"maxAge": 1, "endDate": "2020-09-30", "cash": 1342200000, "shortTermInvestments": 533100000, "netReceivables": 374700000, "otherCurrentAssets": 38300000, "totalCurrentAssets": 2288300000, "longTermInvestments": 66600000, "propertyPlantEquipment": 253800000, "intangibleAssets": 55300000, "otherAssets": 275300000, "deferredLongTermAssetCharges": 129400000, "totalAssets": 2939300000, "accountsPayable": 194000000, "otherCurrentLiab": 50200000, "otherLiab": 62500000, "totalCurrentLiabilities": 350900000, "totalLiab": 517000000, "commonStock": 152400000, "treasuryStock": 2269900000, "otherStockholderEquity": 2269900000, "totalStockholderEquity": 2422300000, "netTangibleAssets": 2367000000}, {"maxAge": 1, "endDate": "2020-06-30", "totalStockholderEquity": 2280700000, "netTangibleAssets": 2247400000}, {"maxAge": 1, "endDate": "2020-03-31", "cash": 1242000000, "netReceivables": 565900000, "otherCurrentAssets": 55600000, "totalCurrentAssets": 2222400000, "longTermInvestments": 300000, "propertyPlantEquipment": 310700000, "intangibleAssets": 33300000, "otherAssets": 325200000, "deferredLongTermAssetCharges": 124400000, "totalAssets": 2891900000, "accountsPayable": 246300000, "otherCurrentLiab": 26100000, "otherLiab": 44900000, "totalCurrentLiabilities": 433400000, "totalLiab": 611200000, "commonStock": 152400000, "retainedEarnings": 1057900000, "treasuryStock": -131400000, "capitalSurplus": 1201800000, "otherStockholderEquity": -131400000, "totalStockholderEquity": 2280700000, "netTangibleAssets": 2247400000}], "maxAge": 86400}, "earningsHistory": {"history": [{"maxAge": 1, "epsActual": {}, "epsEstimate": {}, "epsDifference": {}, "surprisePercent": {}, "quarter": {}, "period": "-4q"}, {"maxAge": 1, "epsActual": {}, "epsEstimate": {}, "epsDifference": {}, "surprisePercent": {}, "quarter": {}, "period": "-3q"}, {"maxAge": 1, "epsActual": {}, "epsEstimate": {}, "epsDifference": {}, "surprisePercent": {}, "quarter": {}, "period": "-2q"}, {"maxAge": 1, "epsActual": 11.22, "epsEstimate": 11.91, "epsDifference": -0.69, "surprisePercent": -0.058000002, "quarter": "2017-09-30", "period": "-1q"}], "maxAge": 86400}, "summaryProfile": {"address1": "46B, Velachery Main Road", "address2": "Velachery", "city": "Chennai", "zip": "600042", "country": "India", "phone": "91 44 4299 7070", "fax": "91 44 2244 7077", "website": "http://www.allsectech.com", "industry": "Specialty Business Services", "sector": "Industrials", "longBusinessSummary": "Allsec Technologies Limited, through its subsidiaries, provides business process solutions in India, the United States, the Philippines, and internationally. The company operates through Customer Lifecycle Management, Anti Money Laundering, and Human Resource Outsourcing segments. Its services include data verification, processing of orders received through telephone calls, telemarketing, monitoring quality of calls of other call centers, customer services, human resource, and payroll processing; and time and attendance management, statutory compliance support, lead generation, credit risk management, FAO and transaction processing, healthcare RCM, and customer retention and relationship management services. The company also offers vouching, screening, and other services; and outsourced solutions in customer engagement, sales and retention, and quality assurance for businesses, such as BFSI, mortgage, telecommunication, retail, healthcare, energy and utilities, and technology. Allsec Technologies Limited also exports its services. The company was founded in 1998 and is headquartered in Chennai, India. Allsec Technologies Limited is a subsidiary of Conneqt Business Solutions Limited.", "fullTimeEmployees": 3372, "companyOfficers": [], "maxAge": 86400}, "netSharePurchaseActivity": {"maxAge": 1, "period": "6m", "buyInfoCount": 0, "buyInfoShares": 0, "sellInfoCount": 0, "netInfoCount": 0, "netInfoShares": 0, "netPercentInsiderShares": 0.0, "totalInsiderShares": 12856012}, "insiderTransactions": {"transactions": [{"maxAge": 1, "shares": 1833817, "filerUrl": "", "transactionText": "", "filerName": "Conneqt Business Solutions Ltd", "filerRelation": "UNREPORTED", "moneyText": "", "startDate": "2019-07-10", "ownership": "D"}, {"maxAge": 1, "shares": 2281304, "filerUrl": "", "transactionText": "", "filerName": "Jagadish (R)", "filerRelation": "Promoter", "moneyText": "", "startDate": "2019-06-03", "ownership": "D"}, {"maxAge": 1, "shares": 2356161, "filerUrl": "", "transactionText": "", "filerName": "Saravanan (A)", "filerRelation": "President", "moneyText": "", "startDate": "2019-06-03", "ownership": "D"}, {"maxAge": 1, "shares": 1000, "filerUrl": "", "transactionText": "", "filerName": "Vaithiyanathan (R.)", "filerRelation": "Vice President", "moneyText": "", "startDate": "2018-06-13", "ownership": "D"}, {"maxAge": 1, "shares": 1000, "filerUrl": "", "transactionText": "", "filerName": "Vaithiyanathan (R.)", "filerRelation": "UNREPORTED", "moneyText": "", "startDate": "2018-06-12", "ownership": "D"}, {"maxAge": 1, "shares": 1000, "filerUrl": "", "transactionText": "", "filerName": "Vaithiyanathan (R.)", "filerRelation": "Senior Vice President", "moneyText": "", "startDate": "2018-06-08", "ownership": "D"}, {"maxAge": 1, "shares": 2000, "filerUrl": "", "transactionText": "", "filerName": "Vaithiyanathan (R.)", "filerRelation": "Senior Vice President", "moneyText": "", "startDate": "2018-06-07", "ownership": "D"}, {"maxAge": 1, "shares": 7000, "filerUrl": "", "transactionText": "", "filerName": "Vaithiyanathan (R.)", "filerRelation": "Senior Vice President", "moneyText": "", "startDate": "2018-06-05", "ownership": "D"}, {"maxAge": 1, "shares": 5250, "filerUrl": "", "transactionText": "", "filerName": "Vaithiyanathan (R.)", "filerRelation": "Senior Vice President", "moneyText": "", "startDate": "2017-12-29", "ownership": "D"}, {"maxAge": 1, "shares": 2000, "filerUrl": "", "transactionText": "", "filerName": "Bhaskar (P Udaya)", "filerRelation": "UNREPORTED", "moneyText": "", "startDate": "2017-10-24", "ownership": "D"}, {"maxAge": 1, "shares": 1000, "filerUrl": "", "transactionText": "", "filerName": "Saravanan (A)", "filerRelation": "Non Independent Director", "moneyText": "", "startDate": "2013-12-31", "ownership": "D"}, {"maxAge": 1, "shares": 1000, "filerUrl": "", "transactionText": "", "filerName": "Saravanan (A)", "filerRelation": "Non Independent Director", "moneyText": "", "startDate": "2013-12-30", "ownership": "D"}, {"maxAge": 1, "shares": 1000, "filerUrl": "", "transactionText": "", "filerName": "Saravanan (A)", "filerRelation": "Non Independent Director", "moneyText": "", "startDate": "2013-12-26", "ownership": "D"}, {"maxAge": 1, "shares": 1000, "filerUrl": "", "transactionText": "", "filerName": "Saravanan (A)", "filerRelation": "Non Independent Director", "moneyText": "", "startDate": "2013-12-24", "ownership": "D"}, {"maxAge": 1, "shares": 1000, "filerUrl": "", "transactionText": "", "filerName": "Saravanan (A)", "filerRelation": "Non Independent Director", "moneyText": "", "startDate": "2013-12-20", "ownership": "D"}, {"maxAge": 1, "shares": 1000, "filerUrl": "", "transactionText": "", "filerName": "Saravanan (A)", "filerRelation": "Non Independent Director", "moneyText": "", "startDate": "2013-12-16", "ownership": "D"}, {"maxAge": 1, "shares": 2000, "filerUrl": "", "transactionText": "", "filerName": "Saravanan (A)", "filerRelation": "Non Independent Director", "moneyText": "", "startDate": "2013-12-12", "ownership": "D"}, {"maxAge": 1, "shares": 1000, "filerUrl": "", "transactionText": "", "filerName": "Saravanan (A)", "filerRelation": "Non Independent Director", "moneyText": "", "startDate": "2013-12-11", "ownership": "D"}, {"maxAge": 1, "shares": 1000, "filerUrl": "", "transactionText": "", "filerName": "Saravanan (A)", "filerRelation": "Non Independent Director", "moneyText": "", "startDate": "2013-12-10", "ownership": "D"}, {"maxAge": 1, "shares": 2000, "filerUrl": "", "transactionText": "", "filerName": "Saravanan (A)", "filerRelation": "Non Independent Director", "moneyText": "", "startDate": "2013-12-05", "ownership": "D"}, {"maxAge": 1, "shares": 5000, "filerUrl": "", "transactionText": "", "filerName": "Saravanan (A)", "filerRelation": "Non Independent Director", "moneyText": "", "startDate": "2013-12-03", "ownership": "D"}, {"maxAge": 1, "shares": 1360, "filerUrl": "", "transactionText": "", "filerName": "Saravanan (A)", "filerRelation": "Non Independent Director", "moneyText": "", "startDate": "2013-12-02", "ownership": "D"}, {"maxAge": 1, "shares": 31496, "filerUrl": "", "transactionText": "", "filerName": "Saravanan (A)", "filerRelation": "Non Independent Director", "moneyText": "", "startDate": "2013-07-08", "ownership": "D"}, {"maxAge": 1, "shares": 342181, "filerUrl": "", "transactionText": "", "filerName": "Saravanan (A)", "filerRelation": "Director", "moneyText": "", "startDate": "2012-04-27", "ownership": "D"}, {"maxAge": 1, "shares": 342181, "filerUrl": "", "transactionText": "", "filerName": "Jagadish (R)", "filerRelation": "Chief Executive Officer", "moneyText": "", "startDate": "2012-04-27", "ownership": "D"}], "maxAge": 1}, "sectorTrend": {"maxAge": 1, "symbol": null, "estimates": []}, "incomeStatementHistoryQuarterly": {"incomeStatementHistory": [{"maxAge": 1, "endDate": "2020-12-31", "totalRevenue": 716900000, "costOfRevenue": 404500000, "grossProfit": 312400000, "researchDevelopment": {}, "sellingGeneralAdministrative": {}, "nonRecurring": {}, "otherOperatingExpenses": 131800000, "totalOperatingExpenses": 593400000, "operatingIncome": 123500000, "totalOtherIncomeExpenseNet": 1300000, "ebit": 123500000, "interestExpense": -3700000, "incomeBeforeTax": 124800000, "incomeTaxExpense": 36100000, "minorityInterest": {}, "netIncomeFromContinuingOps": 88700000, "discontinuedOperations": {}, "extraordinaryItems": {}, "effectOfAccountingCharges": {}, "otherItems": {}, "netIncome": 88700000, "netIncomeApplicableToCommonShares": 88700000}, {"maxAge": 1, "endDate": "2020-09-30", "totalRevenue": 676000000, "costOfRevenue": 377100000, "grossProfit": 298900000, "researchDevelopment": {}, "sellingGeneralAdministrative": {}, "nonRecurring": {}, "otherOperatingExpenses": 159600000, "totalOperatingExpenses": 591400000, "operatingIncome": 84600000, "totalOtherIncomeExpenseNet": -3200000, "ebit": 84600000, "interestExpense": -8200000, "incomeBeforeTax": 81400000, "incomeTaxExpense": 17000000, "minorityInterest": {}, "netIncomeFromContinuingOps": 64400000, "discontinuedOperations": {}, "extraordinaryItems": {}, "effectOfAccountingCharges": {}, "otherItems": {}, "netIncome": 64400000, "netIncomeApplicableToCommonShares": 64400000}, {"maxAge": 1, "endDate": "2020-06-30", "totalRevenue": 639200000, "costOfRevenue": 369600000, "grossProfit": 269600000, "researchDevelopment": {}, "sellingGeneralAdministrative": {}, "nonRecurring": {}, "otherOperatingExpenses": 139700000, "totalOperatingExpenses": 566200000, "operatingIncome": 73000000, "totalOtherIncomeExpenseNet": 7700000, "ebit": 73000000, "interestExpense": -3600000, "incomeBeforeTax": 80700000, "incomeTaxExpense": 20400000, "minorityInterest": {}, "netIncomeFromContinuingOps": 60300000, "discontinuedOperations": {}, "extraordinaryItems": {}, "effectOfAccountingCharges": {}, "otherItems": {}, "netIncome": 60300000, "netIncomeApplicableToCommonShares": 60300000}, {"maxAge": 1, "endDate": "2020-03-31", "totalRevenue": 711400000, "costOfRevenue": 495500000, "grossProfit": 215900000, "researchDevelopment": {}, "sellingGeneralAdministrative": 28900000, "nonRecurring": {}, "otherOperatingExpenses": -800000, "totalOperatingExpenses": 576100000, "operatingIncome": 135300000, "totalOtherIncomeExpenseNet": 2000000, "ebit": 135300000, "interestExpense": -4700000, "incomeBeforeTax": 137300000, "incomeTaxExpense": 28700000, "minorityInterest": {}, "netIncomeFromContinuingOps": 108600000, "discontinuedOperations": {}, "extraordinaryItems": {}, "effectOfAccountingCharges": {}, "otherItems": {}, "netIncome": 108600000, "netIncomeApplicableToCommonShares": 108600000}], "maxAge": 86400}, "cashflowStatementHistoryQuarterly": {"cashflowStatements": [{"maxAge": 1, "endDate": "2020-12-31", "netIncome": 88700000, "changeToLiabilities": 0}, {"maxAge": 1, "endDate": "2020-09-30", "netIncome": 64400000, "changeToLiabilities": 0}, {"maxAge": 1, "endDate": "2020-06-30", "netIncome": 60300000, "changeToLiabilities": 0}, {"maxAge": 1, "endDate": "2020-03-31", "netIncome": 108600000, "changeToLiabilities": 0}], "maxAge": 86400}, "earnings": {"maxAge": 86400, "earningsChart": {"quarterly": [{"date": "3Q2017", "actual": 11.22, "estimate": 11.91}], "currentQuarterEstimateDate": "4Q", "currentQuarterEstimateYear": 2017, "earningsDate": []}, "financialsChart": {"yearly": [{"date": 2017, "revenue": 3181200000, "earnings": 617200000}, {"date": 2018, "revenue": 3249600000, "earnings": 595300000}, {"date": 2019, "revenue": 2611600000, "earnings": 156700000}, {"date": 2020, "revenue": 2944400000, "earnings": 449300000}], "quarterly": [{"date": "1Q2020", "revenue": 711400000, "earnings": 108600000}, {"date": "2Q2020", "revenue": 639200000, "earnings": 60300000}, {"date": "3Q2020", "revenue": 676000000, "earnings": 64400000}, {"date": "4Q2020", "revenue": 716900000, "earnings": 88700000}]}, "financialCurrency": "INR"}, "financialData": {"maxAge": 86400, "currentPrice": 339.1, "recommendationMean": 2.0, "recommendationKey": "buy", "totalCash": 1875299968, "totalCashPerShare": 123.047, "ebitda": 463475008, "totalDebt": 183100000, "totalRevenue": 2743500032, "debtToEquity": 7.559, "revenuePerShare": 180.048, "grossProfits": 1145000000, "earningsGrowth": 0.037, "revenueGrowth": -0.009, "grossMargins": 0.4043, "ebitdaMargins": 0.16893, "operatingMargins": 0.15178001, "profitMargins": 0.11737, "financialCurrency": "INR"}}}