{"ALMONDZ.BO": {"recommendationTrend": {"trend": [{"period": "0m", "strongBuy": 0, "buy": 0, "hold": 0, "sell": 0, "strongSell": 0}, {"period": "-1m", "strongBuy": 0, "buy": 0, "hold": 0, "sell": 0, "strongSell": 0}, {"period": "-2m", "strongBuy": 0, "buy": 0, "hold": 0, "sell": 0, "strongSell": 0}, {"period": "-3m", "strongBuy": 0, "buy": 0, "hold": 0, "sell": 0, "strongSell": 0}], "maxAge": 86400}, "cashflowStatementHistory": {"cashflowStatements": [{"maxAge": 1, "endDate": "2020-03-31", "netIncome": 43257000, "depreciation": 31655000, "changeToNetincome": -33081000, "changeToAccountReceivables": 96466000, "changeToLiabilities": -49589000, "changeToInventory": -1883000, "changeToOperatingActivities": 56911000, "totalCashFromOperatingActivities": 145432000, "capitalExpenditures": -793000, "investments": 4038000, "otherCashflowsFromInvestingActivities": 2881000, "totalCashflowsFromInvestingActivities": 13136000, "netBorrowings": -64022000, "otherCashflowsFromFinancingActivities": -29294000, "totalCashFromFinancingActivities": -93316000, "changeInCash": 65252000}, {"maxAge": 1, "endDate": "2019-03-31", "netIncome": 64096000, "depreciation": 15700000, "changeToNetincome": -44741000, "changeToAccountReceivables": -130913000, "changeToLiabilities": 39296000, "changeToInventory": 115251000, "changeToOperatingActivities": 49596000, "totalCashFromOperatingActivities": 109365000, "capitalExpenditures": -16969000, "investments": 978000, "otherCashflowsFromInvestingActivities": 484000, "totalCashflowsFromInvestingActivities": -39731000, "netBorrowings": -109261000, "otherCashflowsFromFinancingActivities": -25390000, "totalCashFromFinancingActivities": -134651000, "changeInCash": -65017000}, {"maxAge": 1, "endDate": "2018-03-31", "netIncome": 63328341, "depreciation": 12174220, "changeToNetincome": 84555113, "changeToAccountReceivables": -6282121, "changeToLiabilities": 0, "changeToInventory": -23361234, "changeToOperatingActivities": 131990801, "totalCashFromOperatingActivities": 262924645, "capitalExpenditures": -33408753, "investments": -24993638, "otherCashflowsFromInvestingActivities": 46913931, "totalCashflowsFromInvestingActivities": -7488460, "netBorrowings": -149843041, "otherCashflowsFromFinancingActivities": -29837465, "totalCashFromFinancingActivities": -179680506, "changeInCash": 75755679}, {"maxAge": 1, "endDate": "2017-03-31", "netIncome": 3730293, "depreciation": 14976065, "changeToNetincome": -3597657, "changeToAccountReceivables": -1854837, "changeToLiabilities": 0, "changeToInventory": 189285006, "changeToOperatingActivities": -78276422, "totalCashFromOperatingActivities": 124559715, "capitalExpenditures": -31981272, "investments": -10389784, "otherCashflowsFromInvestingActivities": 31773089, "totalCashflowsFromInvestingActivities": -9436496, "netBorrowings": -90030425, "otherCashflowsFromFinancingActivities": -38070230, "totalCashFromFinancingActivities": -128100655, "changeInCash": -12977436}], "maxAge": 86400}, "institutionOwnership": {"maxAge": 1, "ownershipList": []}, "balanceSheetHistoryQuarterly": {"balanceSheetStatements": [{"maxAge": 1, "endDate": "2020-06-30", "totalStockholderEquity": 1435000000, "netTangibleAssets": 1427200000}, {"maxAge": 1, "endDate": "2020-03-31", "cash": 182088000, "netReceivables": 629413000, "inventory": 27282000, "otherCurrentAssets": 112625000, "totalCurrentAssets": 970100000, "longTermInvestments": 260798000, "propertyPlantEquipment": 137839000, "goodWill": 2874000, "intangibleAssets": 4889000, "otherAssets": 506090000, "deferredLongTermAssetCharges": 50613000, "totalAssets": 1882590000, "accountsPayable": 115797000, "shortLongTermDebt": 716000, "otherCurrentLiab": 317000, "longTermDebt": 79883000, "otherLiab": 30888000, "totalCurrentLiabilities": 267188000, "totalLiab": 447597000, "commonStock": 155310000, "retainedEarnings": 678686000, "treasuryStock": 204325000, "capitalSurplus": 396672000, "otherStockholderEquity": 204325000, "totalStockholderEquity": 1434993000, "netTangibleAssets": 1427230000}, {"maxAge": 1, "endDate": "2019-12-31", "totalStockholderEquity": 1425400000, "netTangibleAssets": 1416600000}, {"maxAge": 1, "endDate": "2019-09-30", "cash": 184300000, "netReceivables": 718300000, "inventory": 29000000, "totalCurrentAssets": 931600000, "longTermInvestments": 512600000, "propertyPlantEquipment": 359000000, "goodWill": 2900000, "intangibleAssets": 5900000, "otherAssets": 97000000, "deferredLongTermAssetCharges": 27400000, "totalAssets": 1909000000, "accountsPayable": 37200000, "otherCurrentLiab": 100000, "longTermDebt": 138100000, "otherLiab": 308200000, "totalCurrentLiabilities": 37300000, "totalLiab": 483600000, "commonStock": 155300000, "treasuryStock": 1270100000, "otherStockholderEquity": 1270100000, "totalStockholderEquity": 1425400000, "netTangibleAssets": 1416600000}], "maxAge": 86400}, "earningsHistory": {"history": [{"maxAge": 1, "epsActual": {}, "epsEstimate": {}, "epsDifference": {}, "surprisePercent": {}, "quarter": {}, "period": "-4q"}, {"maxAge": 1, "epsActual": {}, "epsEstimate": {}, "epsDifference": {}, "surprisePercent": {}, "quarter": {}, "period": "-3q"}, {"maxAge": 1, "epsActual": {}, "epsEstimate": {}, "epsDifference": {}, "surprisePercent": {}, "quarter": {}, "period": "-2q"}, {"maxAge": 1, "epsActual": {}, "epsEstimate": {}, "epsDifference": {}, "surprisePercent": {}, "quarter": {}, "period": "-1q"}], "maxAge": 86400}, "indexTrend": {"maxAge": 1, "symbol": "SP5", "peRatio": 19.7411, "pegRatio": 1.34172, "estimates": [{"period": "0q", "growth": 0.549}, {"period": "+1q", "growth": 0.431}, {"period": "0y", "growth": 0.305}, {"period": "+1y", "growth": 0.109}, {"period": "+5y", "growth": 0.120865}, {"period": "-5y"}]}, "industryTrend": {"maxAge": 1, "symbol": null, "estimates": []}, "insiderTransactions": {"transactions": [{"maxAge": 1, "shares": 1022, "filerUrl": "", "transactionText": "", "filerName": "Singh (Jagdeep)", "filerRelation": "Wholetime Director", "moneyText": "", "startDate": "2019-02-25", "ownership": "D"}, {"maxAge": 1, "shares": 22, "filerUrl": "", "transactionText": "", "filerName": "Singh (Jagdeep)", "filerRelation": "Wholetime Director", "moneyText": "", "startDate": "2019-02-25", "ownership": "D"}, {"maxAge": 1, "shares": 3730, "filerUrl": "", "transactionText": "", "filerName": "Singh (Jagdeep)", "filerRelation": "Wholetime Director", "moneyText": "", "startDate": "2019-02-21", "ownership": "D"}, {"maxAge": 1, "shares": 500, "filerUrl": "", "transactionText": "", "filerName": "Singh (Jagdeep)", "filerRelation": "Wholetime Director", "moneyText": "", "startDate": "2019-02-21", "ownership": "D"}, {"maxAge": 1, "shares": 2586, "filerUrl": "", "transactionText": "", "filerName": "Singh (Jagdeep)", "filerRelation": "Wholetime Director", "moneyText": "", "startDate": "2019-02-20", "ownership": "D"}, {"maxAge": 1, "shares": 1227, "filerUrl": "", "transactionText": "", "filerName": "Singh (Jagdeep)", "filerRelation": "Wholetime Director", "moneyText": "", "startDate": "2019-02-20", "ownership": "D"}, {"maxAge": 1, "shares": 3803, "filerUrl": "", "transactionText": "", "filerName": "Singh (Jagdeep)", "filerRelation": "Wholetime Director", "moneyText": "", "startDate": "2019-02-19", "ownership": "D"}, {"maxAge": 1, "shares": 500, "filerUrl": "", "transactionText": "", "filerName": "Singh (Jagdeep)", "filerRelation": "Wholetime Director", "moneyText": "", "startDate": "2019-02-19", "ownership": "D"}], "maxAge": 1}, "quoteType": {"exchange": "BSE", "quoteType": "EQUITY", "symbol": "ALMONDZ.BO", "underlyingSymbol": "ALMONDZ.BO", "shortName": "ALMONDZ GLOBAL SECURITIES LTD.", "longName": "Almondz Global Securities Limited", "firstTradeDateEpochUtc": "2002-07-01 09:15:00", "timeZoneFullName": "Asia/Kolkata", "timeZoneShortName": "IST", "uuid": "918fb49b-e7f6-3a6a-9fbc-04d4b90bebba", "messageBoardId": null, "gmtOffSetMilliseconds": 19800000, "maxAge": 1}, "incomeStatementHistory": {"incomeStatementHistory": [{"maxAge": 1, "endDate": "2020-03-31", "totalRevenue": 587893000, "costOfRevenue": 195562000, "grossProfit": 392331000, "researchDevelopment": {}, "sellingGeneralAdministrative": 269810000, "nonRecurring": {}, "otherOperatingExpenses": 82637000, "totalOperatingExpenses": 585072000, "operatingIncome": 2821000, "totalOtherIncomeExpenseNet": 21431000, "ebit": 0, "interestExpense": {}, "incomeBeforeTax": 24252000, "incomeTaxExpense": -19005000, "minorityInterest": {}, "netIncomeFromContinuingOps": 43257000, "discontinuedOperations": {}, "extraordinaryItems": {}, "effectOfAccountingCharges": {}, "otherItems": {}, "netIncome": 43257000, "netIncomeApplicableToCommonShares": 43257000}, {"maxAge": 1, "endDate": "2019-03-31", "totalRevenue": 719963000, "costOfRevenue": 190372000, "grossProfit": 529591000, "researchDevelopment": {}, "sellingGeneralAdministrative": 340586000, "nonRecurring": {}, "otherOperatingExpenses": 133460000, "totalOperatingExpenses": 681606000, "operatingIncome": 38357000, "totalOtherIncomeExpenseNet": 33970000, "ebit": 0, "interestExpense": {}, "incomeBeforeTax": 72327000, "incomeTaxExpense": 8231000, "minorityInterest": {}, "netIncomeFromContinuingOps": 64096000, "discontinuedOperations": {}, "extraordinaryItems": {}, "effectOfAccountingCharges": {}, "otherItems": {}, "netIncome": 64096000, "netIncomeApplicableToCommonShares": 64096000}, {"maxAge": 1, "endDate": "2018-03-31", "totalRevenue": 693538927, "costOfRevenue": 4086362, "grossProfit": 689452565, "researchDevelopment": {}, "sellingGeneralAdministrative": 305352715, "nonRecurring": {}, "otherOperatingExpenses": 227926544, "totalOperatingExpenses": 654793498, "operatingIncome": 38745429, "totalOtherIncomeExpenseNet": 26504458, "ebit": 0, "interestExpense": {}, "incomeBeforeTax": 65249887, "incomeTaxExpense": 1784230, "minorityInterest": -83621, "netIncomeFromContinuingOps": 63465657, "discontinuedOperations": {}, "extraordinaryItems": {}, "effectOfAccountingCharges": {}, "otherItems": {}, "netIncome": 63328341, "netIncomeApplicableToCommonShares": 63328341}, {"maxAge": 1, "endDate": "2017-03-31", "totalRevenue": 469292538, "costOfRevenue": 4673093, "grossProfit": 464619445, "researchDevelopment": {}, "sellingGeneralAdministrative": 252264875, "nonRecurring": {}, "otherOperatingExpenses": 166753327, "totalOperatingExpenses": 473555081, "operatingIncome": -4262543, "totalOtherIncomeExpenseNet": 8801673, "ebit": 0, "interestExpense": {}, "incomeBeforeTax": 4539130, "incomeTaxExpense": 808837, "minorityInterest": -83621, "netIncomeFromContinuingOps": 3730293, "discontinuedOperations": {}, "extraordinaryItems": {}, "effectOfAccountingCharges": {}, "otherItems": {}, "netIncome": 3730293, "netIncomeApplicableToCommonShares": 3730293}], "maxAge": 86400}, "fundOwnership": {"maxAge": 1, "ownershipList": []}, "summaryDetail": {"maxAge": 1, "priceHint": 2, "previousClose": 28.45, "open": 28.25, "dayLow": 27.5, "dayHigh": 29.25, "regularMarketPreviousClose": 28.45, "regularMarketOpen": 28.25, "regularMarketDayLow": 27.5, "regularMarketDayHigh": 29.25, "trailingPE": 11.551362, "volume": 205, "regularMarketVolume": 205, "averageVolume": 3349, "averageVolume10days": 2839, "averageDailyVolume10Day": 2839, "bid": 26.0, "ask": 29.2, "bidSize": 0, "askSize": 0, "marketCap": 713131712, "fiftyTwoWeekLow": 8.87, "fiftyTwoWeekHigh": 29.25, "fiftyDayAverage": 21.47857, "twoHundredDayAverage": 15.691387, "currency": "INR", "fromCurrency": null, "toCurrency": null, "lastMarket": null, "algorithm": null, "tradeable": false}, "sectorTrend": {"maxAge": 1, "symbol": null, "estimates": []}, "incomeStatementHistoryQuarterly": {"incomeStatementHistory": [{"maxAge": 1, "endDate": "2020-06-30", "totalRevenue": 115600000, "costOfRevenue": 41300000, "grossProfit": 74300000, "researchDevelopment": {}, "sellingGeneralAdministrative": 42400000, "nonRecurring": {}, "otherOperatingExpenses": 9100000, "totalOperatingExpenses": 99500000, "operatingIncome": 16100000, "totalOtherIncomeExpenseNet": 17000000, "ebit": 0, "interestExpense": {}, "incomeBeforeTax": 33100000, "incomeTaxExpense": 2500000, "minorityInterest": {}, "netIncomeFromContinuingOps": 30600000, "discontinuedOperations": {}, "extraordinaryItems": {}, "effectOfAccountingCharges": {}, "otherItems": {}, "netIncome": 30600000, "netIncomeApplicableToCommonShares": 30600000}, {"maxAge": 1, "endDate": "2020-03-31", "totalRevenue": 126993000, "costOfRevenue": 54162000, "grossProfit": 72831000, "researchDevelopment": {}, "sellingGeneralAdministrative": 92510000, "nonRecurring": {}, "otherOperatingExpenses": 1737000, "totalOperatingExpenses": 173872000, "operatingIncome": -46879000, "totalOtherIncomeExpenseNet": -10269000, "ebit": 0, "interestExpense": {}, "incomeBeforeTax": -57148000, "incomeTaxExpense": -32605000, "minorityInterest": {}, "netIncomeFromContinuingOps": -24543000, "discontinuedOperations": {}, "extraordinaryItems": {}, "effectOfAccountingCharges": {}, "otherItems": {}, "netIncome": -24543000, "netIncomeApplicableToCommonShares": -24543000}, {"maxAge": 1, "endDate": "2019-12-31", "totalRevenue": 157200000, "costOfRevenue": 39000000, "grossProfit": 118200000, "researchDevelopment": {}, "sellingGeneralAdministrative": 69100000, "nonRecurring": {}, "otherOperatingExpenses": 27600000, "totalOperatingExpenses": 139100000, "operatingIncome": 18100000, "totalOtherIncomeExpenseNet": 13100000, "ebit": 0, "interestExpense": {}, "incomeBeforeTax": 31200000, "incomeTaxExpense": 4100000, "minorityInterest": {}, "netIncomeFromContinuingOps": 27100000, "discontinuedOperations": {}, "extraordinaryItems": {}, "effectOfAccountingCharges": {}, "otherItems": {}, "netIncome": 27100000, "netIncomeApplicableToCommonShares": 27100000}, {"maxAge": 1, "endDate": "2019-09-30", "totalRevenue": 148100000, "costOfRevenue": 55600000, "grossProfit": 92500000, "researchDevelopment": {}, "sellingGeneralAdministrative": 49400000, "nonRecurring": {}, "otherOperatingExpenses": 23600000, "totalOperatingExpenses": 132400000, "operatingIncome": 15700000, "totalOtherIncomeExpenseNet": 11000000, "ebit": 0, "interestExpense": {}, "incomeBeforeTax": 26700000, "incomeTaxExpense": 5500000, "minorityInterest": {}, "netIncomeFromContinuingOps": 21200000, "discontinuedOperations": {}, "extraordinaryItems": {}, "effectOfAccountingCharges": {}, "otherItems": {}, "netIncome": 21200000, "netIncomeApplicableToCommonShares": 21200000}], "maxAge": 86400}, "cashflowStatementHistoryQuarterly": {"cashflowStatements": [{"maxAge": 1, "endDate": "2020-06-30", "netIncome": 30600000, "changeToLiabilities": 0}, {"maxAge": 1, "endDate": "2020-03-31", "netIncome": -24543000, "changeToLiabilities": 0}, {"maxAge": 1, "endDate": "2019-12-31", "netIncome": 27100000, "changeToLiabilities": 0}, {"maxAge": 1, "endDate": "2019-09-30", "netIncome": 21200000, "changeToLiabilities": 0}], "maxAge": 86400}, "insiderHolders": {"holders": [{"maxAge": 1, "name": "Singh (Jagdeep)", "relation": "Wholetime Director", "url": "", "transactionDescription": "Acquisition", "latestTransDate": "2019-02-25", "positionDirect": 424319, "positionDirectDate": "2019-02-25"}], "maxAge": 1}, "earnings": {"maxAge": 86400, "earningsChart": {"quarterly": [], "earningsDate": ["2020-09-14 05:30:S"]}, "financialsChart": {"yearly": [{"date": 2017, "revenue": 469292538, "earnings": 3730293}, {"date": 2018, "revenue": 693538927, "earnings": 63328341}, {"date": 2019, "revenue": 719963000, "earnings": 64096000}, {"date": 2020, "revenue": 587893000, "earnings": 43257000}], "quarterly": [{"date": "3Q2019", "revenue": 148100000, "earnings": 21200000}, {"date": "4Q2019", "revenue": 157200000, "earnings": 27100000}, {"date": "1Q2020", "revenue": 126993000, "earnings": -24543000}, {"date": "2Q2020", "revenue": 115600000, "earnings": 30600000}]}, "financialCurrency": "INR"}, "calendarEvents": {"maxAge": 1, "earnings": {"earningsDate": ["2020-09-14 05:30:S"]}}, "price": {"maxAge": 1, "regularMarketChangePercent": -0.0316345, "regularMarketChange": -0.9000015, "regularMarketTime": "2021-04-30 15:07:12", "priceHint": 2, "regularMarketPrice": 27.55, "regularMarketDayHigh": 29.25, "regularMarketDayLow": 27.5, "regularMarketVolume": 205, "averageDailyVolume10Day": 2839, "averageDailyVolume3Month": 3349, "regularMarketPreviousClose": 28.45, "regularMarketSource": "FREE_REALTIME", "regularMarketOpen": 28.25, "exchange": "BSE", "exchangeName": "BSE", "exchangeDataDelayedBy": 0, "marketState": "CLOSED", "quoteType": "EQUITY", "symbol": "ALMONDZ.BO", "underlyingSymbol": null, "shortName": "ALMONDZ GLOBAL SECURITIES LTD.", "longName": "Almondz Global Securities Limited", "currency": "INR", "quoteSourceName": "Delayed Quote", "currencySymbol": "\u20b9", "fromCurrency": null, "toCurrency": null, "lastMarket": null, "marketCap": 713131712}, "balanceSheetHistory": {"balanceSheetStatements": [{"maxAge": 1, "endDate": "2020-03-31", "cash": 182088000, "netReceivables": 629413000, "inventory": 27282000, "otherCurrentAssets": 112625000, "totalCurrentAssets": 970100000, "longTermInvestments": 260798000, "propertyPlantEquipment": 137839000, "goodWill": 2874000, "intangibleAssets": 4889000, "otherAssets": 506090000, "deferredLongTermAssetCharges": 50613000, "totalAssets": 1882590000, "accountsPayable": 115797000, "shortLongTermDebt": 716000, "otherCurrentLiab": 317000, "longTermDebt": 79883000, "otherLiab": 30888000, "totalCurrentLiabilities": 267188000, "totalLiab": 447597000, "commonStock": 155310000, "retainedEarnings": 678686000, "treasuryStock": 204325000, "capitalSurplus": 396672000, "otherStockholderEquity": 204325000, "totalStockholderEquity": 1434993000, "netTangibleAssets": 1427230000}, {"maxAge": 1, "endDate": "2019-03-31", "cash": 116836000, "netReceivables": 755886000, "inventory": 23282000, "otherCurrentAssets": 128208000, "totalCurrentAssets": 1041130000, "longTermInvestments": 259510000, "propertyPlantEquipment": 76431000, "goodWill": 2874000, "intangibleAssets": 6334000, "otherAssets": 506890000, "deferredLongTermAssetCharges": 32322000, "totalAssets": 1893169000, "accountsPayable": 169464000, "longTermDebt": 136660000, "otherLiab": 31875000, "totalCurrentLiabilities": 343840000, "totalLiab": 512375000, "commonStock": 155310000, "retainedEarnings": 635429000, "treasuryStock": 193383000, "capitalSurplus": 396672000, "otherStockholderEquity": 193383000, "totalStockholderEquity": 1380794000, "netTangibleAssets": 1371586000}, {"maxAge": 1, "endDate": "2018-03-31", "cash": 282748541, "netReceivables": 473396158, "inventory": 1136500, "otherCurrentAssets": 218314099, "totalCurrentAssets": 1104252040, "longTermInvestments": 238765354, "propertyPlantEquipment": 365563466, "goodWill": 2873950, "intangibleAssets": 4864576, "otherAssets": 159496260, "deferredLongTermAssetCharges": 17381939, "totalAssets": 1875815646, "accountsPayable": 200477850, "shortLongTermDebt": 33474797, "otherCurrentLiab": 2388305, "longTermDebt": 204281417, "otherLiab": 10217701, "minorityInterest": -83621, "totalCurrentLiabilities": 341453763, "totalLiab": 556856330, "commonStock": 155309802, "retainedEarnings": 573242267, "treasuryStock": 193818898, "capitalSurplus": 396671970, "otherStockholderEquity": 193818898, "totalStockholderEquity": 1319042937, "netTangibleAssets": 1311304411}, {"maxAge": 1, "endDate": "2017-03-31", "cash": 202639836, "netReceivables": 539841860, "inventory": 1377411, "otherCurrentAssets": 131584471, "totalCurrentAssets": 980498175, "longTermInvestments": 196758945, "propertyPlantEquipment": 364373433, "goodWill": 2873950, "intangibleAssets": 3344392, "otherAssets": 142463854, "deferredLongTermAssetCharges": 9734589, "totalAssets": 1690312749, "accountsPayable": 21836950, "otherCurrentLiab": 181534811, "longTermDebt": 140087470, "otherLiab": 11656396, "totalCurrentLiabilities": 281571062, "totalLiab": 435120271, "commonStock": 155309802, "retainedEarnings": 509391808, "treasuryStock": 193818898, "capitalSurplus": 396671970, "otherStockholderEquity": 193818898, "totalStockholderEquity": 1255192478, "netTangibleAssets": 1248974136}], "maxAge": 86400}, "earningsTrend": {"trend": [{"maxAge": 1, "period": "0q", "endDate": null, "growth": {}, "earningsEstimate": {"avg": 0.0, "low": 0.0, "high": 0.0, "yearAgoEps": {}, "numberOfAnalysts": 0, "growth": {}}, "revenueEstimate": {"avg": 0, "low": 0, "high": 0, "numberOfAnalysts": 0, "yearAgoRevenue": {}, "growth": {}}, "epsTrend": {"current": 0.0, "7daysAgo": 0.0, "30daysAgo": 0.0, "60daysAgo": 0.0, "90daysAgo": 0.0}, "epsRevisions": {"upLast7days": 0, "upLast30days": 0, "downLast30days": 0, "downLast90days": {}}}, {"maxAge": 1, "period": "+1q", "endDate": null, "growth": {}, "earningsEstimate": {"avg": 0.0, "low": 0.0, "high": 0.0, "yearAgoEps": {}, "numberOfAnalysts": 0, "growth": {}}, "revenueEstimate": {"avg": 0, "low": 0, "high": 0, "numberOfAnalysts": 0, "yearAgoRevenue": {}, "growth": {}}, "epsTrend": {"current": 0.0, "7daysAgo": 0.0, "30daysAgo": 0.0, "60daysAgo": 0.0, "90daysAgo": 0.0}, "epsRevisions": {"upLast7days": 0, "upLast30days": 0, "downLast30days": 0, "downLast90days": {}}}, {"maxAge": 1, "period": "0y", "endDate": null, "growth": {}, "earningsEstimate": {"avg": 0.0, "low": 0.0, "high": 0.0, "yearAgoEps": {}, "numberOfAnalysts": 0, "growth": {}}, "revenueEstimate": {"avg": 0, "low": 0, "high": 0, "numberOfAnalysts": 0, "yearAgoRevenue": {}, "growth": {}}, "epsTrend": {"current": 0.0, "7daysAgo": 0.0, "30daysAgo": 0.0, "60daysAgo": 0.0, "90daysAgo": 0.0}, "epsRevisions": {"upLast7days": 0, "upLast30days": 0, "downLast30days": 0, "downLast90days": {}}}, {"maxAge": 1, "period": "+1y", "endDate": null, "growth": {}, "earningsEstimate": {"avg": 0.0, "low": 0.0, "high": 0.0, "yearAgoEps": {}, "numberOfAnalysts": 0, "growth": {}}, "revenueEstimate": {"avg": 0, "low": 0, "high": 0, "numberOfAnalysts": 0, "yearAgoRevenue": {}, "growth": {}}, "epsTrend": {"current": 0.0, "7daysAgo": 0.0, "30daysAgo": 0.0, "60daysAgo": 0.0, "90daysAgo": 0.0}, "epsRevisions": {"upLast7days": 0, "upLast30days": 0, "downLast30days": 0, "downLast90days": {}}}, {"maxAge": 1, "period": "+5y", "endDate": null, "growth": {}, "earningsEstimate": {"avg": {}, "low": {}, "high": {}, "yearAgoEps": {}, "numberOfAnalysts": {}, "growth": {}}, "revenueEstimate": {"avg": {}, "low": {}, "high": {}, "numberOfAnalysts": {}, "yearAgoRevenue": {}, "growth": {}}, "epsTrend": {"current": {}, "7daysAgo": {}, "30daysAgo": {}, "60daysAgo": {}, "90daysAgo": {}}, "epsRevisions": {"upLast7days": {}, "upLast30days": {}, "downLast30days": {}, "downLast90days": {}}}, {"maxAge": 1, "period": "-5y", "endDate": null, "growth": {}, "earningsEstimate": {"avg": {}, "low": {}, "high": {}, "yearAgoEps": {}, "numberOfAnalysts": {}, "growth": {}}, "revenueEstimate": {"avg": {}, "low": {}, "high": {}, "numberOfAnalysts": {}, "yearAgoRevenue": {}, "growth": {}}, "epsTrend": {"current": {}, "7daysAgo": {}, "30daysAgo": {}, "60daysAgo": {}, "90daysAgo": {}}, "epsRevisions": {"upLast7days": {}, "upLast30days": {}, "downLast30days": {}, "downLast90days": {}}}], "maxAge": 1}, "financialData": {"maxAge": 86400, "currentPrice": 27.55, "recommendationKey": "none", "grossProfits": 392331000, "financialCurrency": "INR"}}}