{"ALPA.NS": {"assetProfile": {"address1": "33/2 Pigdamber", "address2": "A.B. Road Rau", "city": "Indore", "zip": "453446", "country": "India", "phone": "91 73 1429 4567", "fax": "91 73 1429 4444", "website": "http://www.alpalabs.in", "industry": "Drug Manufacturers\u2014Specialty & Generic", "sector": "Healthcare", "longBusinessSummary": "Alpa Laboratories Limited engages in manufacturing, marketing, and selling pharmaceutical finished dosage forms in India. It offers ethical, generic, and over the counter products in various finished dosage forms, including liquid injections, dry powder injections, tablets, capsules, eye and ear drops, ointments, creams, and gels for human use; and boluses, injections, and intra-mammary infusions for veterinary use. The company provides its products in various categories, such as anti-infectives comprising antibacterial, antibiotics, antifungals, anti protozoans, and antivirals; analgesics; anti-inflammatory drugs; cough and cold drugs; cardiovascular drugs; anti-diabetics; nutritional supplements; psychotropic drugs; and skin care preparations, as well as ear and eye care preparations. Alpa Laboratories Limited sells its products through distributors, as well as retail chemists, retail pharmacy stores, and hospitals. The company also exports its products to various countries in South and Central America, Africa, and Asia, including CIS countries comprising Russia, Ukraine, Kazakhstan, etc. Alpa Laboratories Limited was incorporated in 1988 and is based in Indore, India.", "fullTimeEmployees": 391, "companyOfficers": [{"maxAge": 1, "name": "Mr. Mahendra Singh Chawla", "age": 78, "title": "Chairman", "yearBorn": 1942, "fiscalYear": 2020, "totalPay": 8400000, "exercisedValue": 0, "unexercisedValue": 0}, {"maxAge": 1, "name": "Mr. Paresh  Chawla", "age": 45, "title": "MD & Director", "yearBorn": 1975, "fiscalYear": 2020, "totalPay": 8400000, "exercisedValue": 0, "unexercisedValue": 0}, {"maxAge": 1, "name": "Mr. Bakulesh C. Shah", "age": 59, "title": "Chief Financial Officer", "yearBorn": 1961, "fiscalYear": 2020, "totalPay": 3000000, "exercisedValue": 0, "unexercisedValue": 0}, {"maxAge": 1, "name": "Mr. Pravin C. Shah", "age": 72, "title": "Exec. Director", "yearBorn": 1948, "fiscalYear": 2020, "totalPay": 4320000, "exercisedValue": 0, "unexercisedValue": 0}, {"maxAge": 1, "name": "Mr. Aditya Dileep Singh", "age": 21, "title": "Company Sec. & Compliance Officer", "yearBorn": 1999, "exercisedValue": 0, "unexercisedValue": 0}, {"maxAge": 1, "name": "Mr. Pradeep  Soni", "age": 62, "title": "Gen. Mang. of Production", "yearBorn": 1958, "exercisedValue": 0, "unexercisedValue": 0}], "compensationAsOfEpochDate": "2020-12-31 05:30:00", "maxAge": 86400}, "recommendationTrend": {"trend": [{"period": "0m", "strongBuy": 0, "buy": 0, "hold": 0, "sell": 0, "strongSell": 0}, {"period": "-1m", "strongBuy": 0, "buy": 0, "hold": 0, "sell": 0, "strongSell": 0}, {"period": "-2m", "strongBuy": 0, "buy": 0, "hold": 0, "sell": 0, "strongSell": 0}, {"period": "-3m", "strongBuy": 0, "buy": 0, "hold": 0, "sell": 0, "strongSell": 0}], "maxAge": 86400}, "cashflowStatementHistory": {"cashflowStatements": [{"maxAge": 1, "endDate": "2020-03-31", "netIncome": 18534000, "depreciation": 11420000, "changeToNetincome": 46350000, "changeToAccountReceivables": 97865000, "changeToLiabilities": -12085000, "changeToInventory": 14882000, "changeToOperatingActivities": 854000, "totalCashFromOperatingActivities": 177820000, "capitalExpenditures": -25453000, "investments": -116084000, "otherCashflowsFromInvestingActivities": 16098000, "totalCashflowsFromInvestingActivities": -111723000, "netBorrowings": -12724000, "otherCashflowsFromFinancingActivities": -768000, "totalCashFromFinancingActivities": -13492000, "changeInCash": 52671000}, {"maxAge": 1, "endDate": "2019-03-31", "netIncome": 10117000, "depreciation": 10957000, "changeToNetincome": -7251000, "changeToAccountReceivables": -72373000, "changeToLiabilities": 18950000, "changeToInventory": -3156000, "changeToOperatingActivities": 32706000, "totalCashFromOperatingActivities": -10050000, "capitalExpenditures": -8531000, "investments": -118716000, "otherCashflowsFromInvestingActivities": 38577000, "totalCashflowsFromInvestingActivities": -146604000, "netBorrowings": -43265000, "otherCashflowsFromFinancingActivities": -4492000, "totalCashFromFinancingActivities": -47757000, "changeInCash": -204412000}, {"maxAge": 1, "endDate": "2018-03-31", "netIncome": 28068000, "depreciation": 10475000, "changeToNetincome": -2143000, "changeToAccountReceivables": -42700000, "changeToLiabilities": -112300000, "changeToInventory": -6800000, "changeToOperatingActivities": -1600000, "totalCashFromOperatingActivities": -127000000, "capitalExpenditures": -19700000, "investments": -179700000, "otherCashflowsFromInvestingActivities": 42800000, "totalCashflowsFromInvestingActivities": -114700000, "netBorrowings": 98900000, "otherCashflowsFromFinancingActivities": -10600000, "totalCashFromFinancingActivities": 88300000, "changeInCash": -153400000}, {"maxAge": 1, "endDate": "2017-03-31", "netIncome": 25199999, "depreciation": 7575000, "changeToNetincome": -1375000, "changeToAccountReceivables": 173700000, "changeToLiabilities": -55200000, "changeToInventory": 19600000, "changeToOperatingActivities": 400000, "totalCashFromOperatingActivities": 169900000, "capitalExpenditures": -14100000, "investments": -31200000, "otherCashflowsFromInvestingActivities": 42600000, "totalCashflowsFromInvestingActivities": -17100000, "netBorrowings": -136001000, "otherCashflowsFromFinancingActivities": -16299000, "totalCashFromFinancingActivities": -152300000, "changeInCash": 400000}], "maxAge": 86400}, "indexTrend": {"maxAge": 1, "symbol": "SP5", "peRatio": 19.7411, "pegRatio": 1.34172, "estimates": [{"period": "0q", "growth": 0.549}, {"period": "+1q", "growth": 0.431}, {"period": "0y", "growth": 0.305}, {"period": "+1y", "growth": 0.109}, {"period": "+5y", "growth": 0.120865}, {"period": "-5y"}]}, "defaultKeyStatistics": {"maxAge": 1, "priceHint": 2, "enterpriseValue": 703093632, "profitMargins": 0.07654, "floatShares": 8086917, "sharesOutstanding": 21040600, "heldPercentInsiders": 0.56663, "heldPercentInstitutions": 0.0, "beta": 1.005481, "category": null, "bookValue": 50.523, "priceToBook": 1.0866339, "fundFamily": null, "legalType": null, "lastFiscalYearEnd": "2020-03-31 05:30:00", "nextFiscalYearEnd": "2022-03-31 05:30:00", "mostRecentQuarter": "2020-12-31 05:30:00", "earningsQuarterlyGrowth": 0.446, "netIncomeToCommon": 69442000, "trailingEps": 3.298, "forwardEps": 5.29, "lastSplitFactor": null, "enterpriseToRevenue": 0.775, "enterpriseToEbitda": 7.573, "52WeekChange": 1.8081841, "SandP52WeekChange": 0.48148263}, "industryTrend": {"maxAge": 1, "symbol": null, "estimates": []}, "quoteType": {"exchange": "NSI", "quoteType": "EQUITY", "symbol": "ALPA.NS", "underlyingSymbol": "ALPA.NS", "shortName": "ALPA LABORATORIES", "longName": "Alpa Laboratories Limited", "firstTradeDateEpochUtc": "2007-08-06 09:15:00", "timeZoneFullName": "Asia/Kolkata", "timeZoneShortName": "IST", "uuid": "67dd2777-60d0-3758-a28c-f25740a0d2e6", "messageBoardId": "finmb_30901254", "gmtOffSetMilliseconds": 19800000, "maxAge": 1}, "incomeStatementHistory": {"incomeStatementHistory": [{"maxAge": 1, "endDate": "2020-03-31", "totalRevenue": 859691000, "costOfRevenue": 552769000, "grossProfit": 306922000, "researchDevelopment": {}, "sellingGeneralAdministrative": 121626000, "nonRecurring": {}, "otherOperatingExpenses": 126757000, "totalOperatingExpenses": 812572000, "operatingIncome": 47119000, "totalOtherIncomeExpenseNet": -18044000, "ebit": 47119000, "interestExpense": -951000, "incomeBeforeTax": 29075000, "incomeTaxExpense": 10541000, "minorityInterest": {}, "netIncomeFromContinuingOps": 18534000, "discontinuedOperations": {}, "extraordinaryItems": {}, "effectOfAccountingCharges": {}, "otherItems": {}, "netIncome": 18534000, "netIncomeApplicableToCommonShares": 18534000}, {"maxAge": 1, "endDate": "2019-03-31", "totalRevenue": 779880000, "costOfRevenue": 530982000, "grossProfit": 248898000, "researchDevelopment": {}, "sellingGeneralAdministrative": 125879000, "nonRecurring": {}, "otherOperatingExpenses": 109661000, "totalOperatingExpenses": 777479000, "operatingIncome": 2401000, "totalOtherIncomeExpenseNet": 25162000, "ebit": 2401000, "interestExpense": -4768000, "incomeBeforeTax": 27563000, "incomeTaxExpense": 17446000, "minorityInterest": {}, "netIncomeFromContinuingOps": 10117000, "discontinuedOperations": {}, "extraordinaryItems": {}, "effectOfAccountingCharges": {}, "otherItems": {}, "netIncome": 10117000, "netIncomeApplicableToCommonShares": 10117000}, {"maxAge": 1, "endDate": "2018-03-31", "totalRevenue": 628468000, "costOfRevenue": 398141000, "grossProfit": 230327000, "researchDevelopment": {}, "sellingGeneralAdministrative": 106195000, "nonRecurring": {}, "otherOperatingExpenses": 80483000, "totalOperatingExpenses": 595312000, "operatingIncome": 33156000, "totalOtherIncomeExpenseNet": 13247000, "ebit": 33156000, "interestExpense": -7810000, "incomeBeforeTax": 46403000, "incomeTaxExpense": 18335000, "minorityInterest": {}, "netIncomeFromContinuingOps": 28068000, "discontinuedOperations": {}, "extraordinaryItems": {}, "effectOfAccountingCharges": {}, "otherItems": {}, "netIncome": 28068000, "netIncomeApplicableToCommonShares": 28068000}, {"maxAge": 1, "endDate": "2017-03-31", "totalRevenue": 634500000, "costOfRevenue": 396256000, "grossProfit": 238244000, "researchDevelopment": {}, "sellingGeneralAdministrative": 89440000, "nonRecurring": {}, "otherOperatingExpenses": 76504000, "totalOperatingExpenses": 569775000, "operatingIncome": 64725000, "totalOtherIncomeExpenseNet": -8325001, "ebit": 64725000, "interestExpense": -16318000, "incomeBeforeTax": 56399999, "incomeTaxExpense": 31200000, "minorityInterest": {}, "netIncomeFromContinuingOps": 25199999, "discontinuedOperations": {}, "extraordinaryItems": {}, "effectOfAccountingCharges": {}, "otherItems": {}, "netIncome": 25199999, "netIncomeApplicableToCommonShares": 25199999}], "maxAge": 86400}, "fundOwnership": {"maxAge": 1, "ownershipList": []}, "summaryDetail": {"maxAge": 1, "priceHint": 2, "previousClose": 57.75, "open": 54.9, "dayLow": 54.9, "dayHigh": 54.9, "regularMarketPreviousClose": 57.75, "regularMarketOpen": 54.9, "regularMarketDayLow": 54.9, "regularMarketDayHigh": 54.9, "payoutRatio": 0.0, "beta": 1.005481, "trailingPE": 16.646452, "forwardPE": 10.378072, "volume": 26488, "regularMarketVolume": 26488, "averageVolume": 200170, "averageVolume10days": 568968, "averageDailyVolume10Day": 568968, "bid": 0.0, "ask": 0.0, "bidSize": 0, "askSize": 0, "marketCap": 1157127296, "fiftyTwoWeekLow": 16.65, "fiftyTwoWeekHigh": 73.4, "priceToSalesTrailing12Months": 1.2753595, "fiftyDayAverage": 45.99697, "twoHundredDayAverage": 39.85986, "currency": "INR", "fromCurrency": null, "toCurrency": null, "lastMarket": null, "algorithm": null, "tradeable": false}, "insiderHolders": {"holders": [{"maxAge": 1, "name": "Chawla (Mahendra Singh)", "relation": "Wholetime Director", "url": "", "transactionDescription": "Gift", "latestTransDate": "2019-03-01", "positionDirect": 2906760, "positionDirectDate": "2019-03-01"}, {"maxAge": 1, "name": "Chawla (Paresh)", "relation": "Promoter", "url": "", "transactionDescription": "Other", "latestTransDate": "2016-03-23", "positionDirect": 3044980, "positionDirectDate": "2016-03-23"}, {"maxAge": 1, "name": "Patel (Jayesh P)", "relation": "Chief Executive Officer", "url": "", "transactionDescription": "Other", "latestTransDate": "2016-02-26", "positionDirect": 1488000, "positionDirectDate": "2016-02-26"}, {"maxAge": 1, "name": "Patel (Kamlaben P)", "relation": "Promoter", "url": "", "transactionDescription": "Other", "latestTransDate": "2016-03-23", "positionDirect": 0, "positionDirectDate": "2016-03-23"}, {"maxAge": 1, "name": "Patel (Nayana J)", "relation": "Promoter", "url": "", "transactionDescription": "Other", "latestTransDate": "2016-03-23", "positionDirect": 0, "positionDirectDate": "2016-03-23"}, {"maxAge": 1, "name": "Patel (Neil)", "relation": "Promoter", "url": "", "transactionDescription": "Other", "latestTransDate": "2016-03-23", "positionDirect": 0, "positionDirectDate": "2016-03-23"}, {"maxAge": 1, "name": "Patel (Purushottam R) HUF", "relation": "Promoter", "url": "", "transactionDescription": "Other", "latestTransDate": "2016-03-23", "positionDirect": 0, "positionDirectDate": "2016-03-23"}, {"maxAge": 1, "name": "Patel (Purushottam R.)", "relation": "Executive Chairman", "url": "", "transactionDescription": "Other", "latestTransDate": "2016-03-23", "positionDirect": 0, "positionDirectDate": "2016-03-23"}, {"maxAge": 1, "name": "Shah (Rima S)", "relation": "Promoter", "url": "", "transactionDescription": "Other", "latestTransDate": "2017-03-30", "positionDirect": 775200, "positionDirectDate": "2017-03-30"}, {"maxAge": 1, "name": "Shah (Shitul)", "relation": "Promoter", "url": "", "transactionDescription": "Other", "latestTransDate": "2017-03-30", "positionDirect": 546440, "positionDirectDate": "2017-03-30"}], "maxAge": 1}, "calendarEvents": {"maxAge": 1, "earnings": {"earningsDate": ["2021-02-12 05:30:S"]}}, "price": {"maxAge": 1, "regularMarketChangePercent": -0.049350623, "regularMarketChange": -2.8499985, "regularMarketTime": "2021-04-30 15:28:27", "priceHint": 2, "regularMarketPrice": 54.9, "regularMarketDayHigh": 54.9, "regularMarketDayLow": 54.9, "regularMarketVolume": 26488, "averageDailyVolume10Day": 568968, "averageDailyVolume3Month": 200170, "regularMarketPreviousClose": 57.75, "regularMarketSource": "FREE_REALTIME", "regularMarketOpen": 54.9, "exchange": "NSI", "exchangeName": "NSE", "exchangeDataDelayedBy": 15, "marketState": "CLOSED", "quoteType": "EQUITY", "symbol": "ALPA.NS", "underlyingSymbol": null, "shortName": "ALPA LABORATORIES", "longName": "Alpa Laboratories Limited", "currency": "INR", "quoteSourceName": "Delayed Quote", "currencySymbol": "\u20b9", "fromCurrency": null, "toCurrency": null, "lastMarket": null, "marketCap": 1157127296}, "balanceSheetHistory": {"balanceSheetStatements": [{"maxAge": 1, "endDate": "2020-03-31", "cash": 49747000, "netReceivables": 265849000, "inventory": 125505000, "otherCurrentAssets": 117743000, "totalCurrentAssets": 954628000, "longTermInvestments": 172871000, "propertyPlantEquipment": 72291000, "otherAssets": 13722000, "deferredLongTermAssetCharges": 9258000, "totalAssets": 1213512000, "accountsPayable": 136987000, "shortLongTermDebt": 2193000, "otherCurrentLiab": 56638000, "longTermDebt": 1920000, "otherLiab": -1000, "totalCurrentLiabilities": 207867000, "totalLiab": 209786000, "commonStock": 210406000, "retainedEarnings": 243715000, "capitalSurplus": 549605000, "totalStockholderEquity": 1003726000, "netTangibleAssets": 1003726000}, {"maxAge": 1, "endDate": "2019-03-31", "cash": 1491000, "netReceivables": 377384000, "inventory": 140387000, "otherCurrentAssets": 120471000, "totalCurrentAssets": 940874000, "longTermInvestments": 186287000, "propertyPlantEquipment": 58786000, "goodWill": 20225000, "otherAssets": 6013000, "deferredLongTermAssetCharges": 1710000, "totalAssets": 1212185000, "accountsPayable": 131888000, "shortLongTermDebt": 2024000, "otherCurrentLiab": 62541000, "longTermDebt": 4113000, "otherLiab": 1000, "totalCurrentLiabilities": 223128000, "totalLiab": 227242000, "commonStock": 210406000, "retainedEarnings": 224932000, "capitalSurplus": 549605000, "totalStockholderEquity": 984943000, "netTangibleAssets": 964718000}, {"maxAge": 1, "endDate": "2018-03-31", "cash": 1903000, "netReceivables": 357669000, "inventory": 137230000, "otherCurrentAssets": 302308000, "totalCurrentAssets": 977200000, "longTermInvestments": 128762000, "propertyPlantEquipment": 61216000, "goodWill": 40450000, "otherAssets": 7614000, "deferredLongTermAssetCharges": 7613000, "totalAssets": 1215242000, "accountsPayable": 132736000, "shortLongTermDebt": 1867000, "otherCurrentLiab": 37190000, "longTermDebt": 6137000, "otherLiab": 1000, "totalCurrentLiabilities": 233613000, "totalLiab": 239751000, "commonStock": 210406000, "retainedEarnings": 215480000, "capitalSurplus": 549605000, "totalStockholderEquity": 975491000, "netTangibleAssets": 935041000}, {"maxAge": 1, "endDate": "2017-03-31", "cash": 23800000, "shortTermInvestments": 342000000, "netReceivables": 377245000, "inventory": 130400000, "otherCurrentAssets": 92134000, "totalCurrentAssets": 1046300000, "longTermInvestments": 47900000, "propertyPlantEquipment": 51800000, "goodWill": 60700000, "otherAssets": 48600000, "deferredLongTermAssetCharges": 6600000, "totalAssets": 1255300000, "accountsPayable": 139400000, "shortLongTermDebt": 894000, "otherCurrentLiab": 33663000, "longTermDebt": 4700000, "otherLiab": 6200000, "totalCurrentLiabilities": 297100000, "totalLiab": 308000000, "commonStock": 210400000, "treasuryStock": 187300000, "capitalSurplus": 549600000, "otherStockholderEquity": 187300000, "totalStockholderEquity": 947300000, "netTangibleAssets": 886600000}], "maxAge": 86400}, "earningsTrend": {"trend": [{"maxAge": 1, "period": "0q", "endDate": "2018-06-30", "growth": {}, "earningsEstimate": {"avg": 0.0, "low": 0.0, "high": 0.0, "yearAgoEps": {}, "numberOfAnalysts": 0, "growth": {}}, "revenueEstimate": {"avg": 0, "low": 0, "high": 0, "numberOfAnalysts": 0, "yearAgoRevenue": {}, "growth": {}}, "epsTrend": {"current": 0.0, "7daysAgo": 0.0, "30daysAgo": 0.0, "60daysAgo": 0.0, "90daysAgo": 0.0}, "epsRevisions": {"upLast7days": 0, "upLast30days": 0, "downLast30days": 0, "downLast90days": {}}}, {"maxAge": 1, "period": "+1q", "endDate": "2018-09-30", "growth": {}, "earningsEstimate": {"avg": 0.0, "low": 0.0, "high": 0.0, "yearAgoEps": {}, "numberOfAnalysts": 0, "growth": {}}, "revenueEstimate": {"avg": 0, "low": 0, "high": 0, "numberOfAnalysts": 0, "yearAgoRevenue": {}, "growth": {}}, "epsTrend": {"current": 0.0, "7daysAgo": 0.0, "30daysAgo": 0.0, "60daysAgo": 0.0, "90daysAgo": 0.0}, "epsRevisions": {"upLast7days": 0, "upLast30days": 0, "downLast30days": 0, "downLast90days": {}}}, {"maxAge": 1, "period": "0y", "endDate": "2019-03-31", "growth": {}, "earningsEstimate": {"avg": 0.0, "low": 0.0, "high": 0.0, "yearAgoEps": {}, "numberOfAnalysts": 0, "growth": {}}, "revenueEstimate": {"avg": 725160000, "low": 725160000, "high": 725160000, "numberOfAnalysts": 1, "yearAgoRevenue": 622682000, "growth": 0.165}, "epsTrend": {"current": 0.0, "7daysAgo": 5.29, "30daysAgo": 5.29, "60daysAgo": 5.29, "90daysAgo": 5.29}, "epsRevisions": {"upLast7days": 0, "upLast30days": 0, "downLast30days": 0, "downLast90days": {}}}, {"maxAge": 1, "period": "+1y", "endDate": "2020-03-31", "growth": {}, "earningsEstimate": {"avg": 0.0, "low": 0.0, "high": 0.0, "yearAgoEps": {}, "numberOfAnalysts": 0, "growth": {}}, "revenueEstimate": {"avg": 0, "low": 0, "high": 0, "numberOfAnalysts": 0, "yearAgoRevenue": 725160000, "growth": {}}, "epsTrend": {"current": 0.0, "7daysAgo": 0.0, "30daysAgo": 0.0, "60daysAgo": 0.0, "90daysAgo": 0.0}, "epsRevisions": {"upLast7days": 0, "upLast30days": 0, "downLast30days": 0, "downLast90days": {}}}, {"maxAge": 1, "period": "+5y", "endDate": null, "growth": {}, "earningsEstimate": {"avg": {}, "low": {}, "high": {}, "yearAgoEps": {}, "numberOfAnalysts": {}, "growth": {}}, "revenueEstimate": {"avg": {}, "low": {}, "high": {}, "numberOfAnalysts": {}, "yearAgoRevenue": {}, "growth": {}}, "epsTrend": {"current": {}, "7daysAgo": {}, "30daysAgo": {}, "60daysAgo": {}, "90daysAgo": {}}, "epsRevisions": {"upLast7days": {}, "upLast30days": {}, "downLast30days": {}, "downLast90days": {}}}, {"maxAge": 1, "period": "-5y", "endDate": null, "growth": {}, "earningsEstimate": {"avg": {}, "low": {}, "high": {}, "yearAgoEps": {}, "numberOfAnalysts": {}, "growth": {}}, "revenueEstimate": {"avg": {}, "low": {}, "high": {}, "numberOfAnalysts": {}, "yearAgoRevenue": {}, "growth": {}}, "epsTrend": {"current": {}, "7daysAgo": {}, "30daysAgo": {}, "60daysAgo": {}, "90daysAgo": {}}, "epsRevisions": {"upLast7days": {}, "upLast30days": {}, "downLast30days": {}, "downLast90days": {}}}], "maxAge": 1}, "institutionOwnership": {"maxAge": 1, "ownershipList": []}, "majorHoldersBreakdown": {"maxAge": 1, "insidersPercentHeld": 0.56663, "institutionsPercentHeld": 0.0, "institutionsFloatPercentHeld": 0.0, "institutionsCount": 0}, "balanceSheetHistoryQuarterly": {"balanceSheetStatements": [{"maxAge": 1, "endDate": "2020-12-31", "totalStockholderEquity": 1059212000, "netTangibleAssets": 1058599000}, {"maxAge": 1, "endDate": "2020-09-30", "cash": 40411000, "shortTermInvestments": 474144000, "netReceivables": 240863000, "inventory": 172395000, "otherCurrentAssets": 118932000, "totalCurrentAssets": 1046745000, "longTermInvestments": 192666000, "propertyPlantEquipment": 72058000, "intangibleAssets": 613000, "otherAssets": 9257000, "deferredLongTermAssetCharges": 9258000, "totalAssets": 1321339000, "accountsPayable": 170763000, "otherCurrentLiab": 90609000, "longTermDebt": 755000, "totalCurrentLiabilities": 261372000, "totalLiab": 262127000, "commonStock": 210406000, "treasuryStock": 848806000, "otherStockholderEquity": 848806000, "totalStockholderEquity": 1059212000, "netTangibleAssets": 1058599000}, {"maxAge": 1, "endDate": "2020-06-30", "totalStockholderEquity": 1003726000, "netTangibleAssets": 1003726000}, {"maxAge": 1, "endDate": "2020-03-31", "cash": 49747000, "netReceivables": 265849000, "inventory": 125505000, "otherCurrentAssets": 117743000, "totalCurrentAssets": 954628000, "longTermInvestments": 172871000, "propertyPlantEquipment": 72291000, "otherAssets": 13722000, "deferredLongTermAssetCharges": 9258000, "totalAssets": 1213512000, "accountsPayable": 136987000, "shortLongTermDebt": 2193000, "otherCurrentLiab": 56638000, "longTermDebt": 1920000, "otherLiab": -1000, "totalCurrentLiabilities": 207867000, "totalLiab": 209786000, "commonStock": 210406000, "retainedEarnings": 243715000, "capitalSurplus": 549605000, "totalStockholderEquity": 1003726000, "netTangibleAssets": 1003726000}], "maxAge": 86400}, "earningsHistory": {"history": [{"maxAge": 1, "epsActual": {}, "epsEstimate": {}, "epsDifference": {}, "surprisePercent": {}, "quarter": {}, "period": "-4q"}, {"maxAge": 1, "epsActual": {}, "epsEstimate": {}, "epsDifference": {}, "surprisePercent": {}, "quarter": {}, "period": "-3q"}, {"maxAge": 1, "epsActual": {}, "epsEstimate": {}, "epsDifference": {}, "surprisePercent": {}, "quarter": {}, "period": "-2q"}, {"maxAge": 1, "epsActual": -1.33, "epsEstimate": 1.09, "epsDifference": -2.42, "surprisePercent": -2.22, "quarter": "2018-03-31", "period": "-1q"}], "maxAge": 86400}, "summaryProfile": {"address1": "33/2 Pigdamber", "address2": "A.B. Road Rau", "city": "Indore", "zip": "453446", "country": "India", "phone": "91 73 1429 4567", "fax": "91 73 1429 4444", "website": "http://www.alpalabs.in", "industry": "Drug Manufacturers\u2014Specialty & Generic", "sector": "Healthcare", "longBusinessSummary": "Alpa Laboratories Limited engages in manufacturing, marketing, and selling pharmaceutical finished dosage forms in India. It offers ethical, generic, and over the counter products in various finished dosage forms, including liquid injections, dry powder injections, tablets, capsules, eye and ear drops, ointments, creams, and gels for human use; and boluses, injections, and intra-mammary infusions for veterinary use. The company provides its products in various categories, such as anti-infectives comprising antibacterial, antibiotics, antifungals, anti protozoans, and antivirals; analgesics; anti-inflammatory drugs; cough and cold drugs; cardiovascular drugs; anti-diabetics; nutritional supplements; psychotropic drugs; and skin care preparations, as well as ear and eye care preparations. Alpa Laboratories Limited sells its products through distributors, as well as retail chemists, retail pharmacy stores, and hospitals. The company also exports its products to various countries in South and Central America, Africa, and Asia, including CIS countries comprising Russia, Ukraine, Kazakhstan, etc. Alpa Laboratories Limited was incorporated in 1988 and is based in Indore, India.", "fullTimeEmployees": 391, "companyOfficers": [], "maxAge": 86400}, "netSharePurchaseActivity": {"maxAge": 1, "period": "6m", "buyInfoCount": 0, "buyInfoShares": 0, "sellInfoCount": 0, "netInfoCount": 0, "netInfoShares": 0, "netPercentInsiderShares": 0.0, "totalInsiderShares": 11939887}, "insiderTransactions": {"transactions": [{"maxAge": 1, "shares": 432840, "filerUrl": "", "transactionText": "", "filerName": "Chawla (Mahendra Singh)", "filerRelation": "Wholetime Director", "moneyText": "", "startDate": "2019-03-01", "ownership": "D"}, {"maxAge": 1, "shares": 500000, "filerUrl": "", "transactionText": "", "filerName": "Chawla (Mahendra Singh)", "filerRelation": "Wholetime Director", "moneyText": "", "startDate": "2017-03-31", "ownership": "D"}, {"maxAge": 1, "shares": 260000, "filerUrl": "", "transactionText": "", "filerName": "Shah (Shitul)", "filerRelation": "Promoter", "moneyText": "", "startDate": "2017-03-30", "ownership": "D"}, {"maxAge": 1, "shares": 130000, "filerUrl": "", "transactionText": "", "filerName": "Shah (Rima S)", "filerRelation": "Promoter", "moneyText": "", "startDate": "2017-03-30", "ownership": "D"}, {"maxAge": 1, "shares": 1607320, "filerUrl": "", "transactionText": "", "filerName": "Chawla (Mahendra Singh)", "filerRelation": "Promoter", "moneyText": "", "startDate": "2016-03-28", "ownership": "D"}, {"maxAge": 1, "shares": 272880, "filerUrl": "", "transactionText": "", "filerName": "Patel (Neil)", "filerRelation": "Promoter", "moneyText": "", "startDate": "2016-03-23", "ownership": "D"}, {"maxAge": 1, "shares": 546420, "filerUrl": "", "transactionText": "", "filerName": "Patel (Nayana J)", "filerRelation": "Promoter", "moneyText": "", "startDate": "2016-03-23", "ownership": "D"}, {"maxAge": 1, "shares": 540870, "filerUrl": "", "transactionText": "", "filerName": "Patel (Purushottam R.)", "filerRelation": "Executive Chairman", "moneyText": "", "startDate": "2016-03-23", "ownership": "D"}, {"maxAge": 1, "shares": 424400, "filerUrl": "", "transactionText": "", "filerName": "Patel (Kamlaben P)", "filerRelation": "Promoter", "moneyText": "", "startDate": "2016-03-23", "ownership": "D"}, {"maxAge": 1, "shares": 332800, "filerUrl": "", "transactionText": "", "filerName": "Patel (Purushottam R) HUF", "filerRelation": "Promoter", "moneyText": "", "startDate": "2016-03-23", "ownership": "D"}, {"maxAge": 1, "shares": 2410980, "filerUrl": "", "transactionText": "", "filerName": "Chawla (Paresh)", "filerRelation": "Promoter", "moneyText": "", "startDate": "2016-03-23", "ownership": "D"}, {"maxAge": 1, "shares": 984700, "filerUrl": "", "transactionText": "", "filerName": "Patel (Jayesh P)", "filerRelation": "Chief Executive Officer", "moneyText": "", "startDate": "2016-02-26", "ownership": "D"}, {"maxAge": 1, "shares": 253500, "filerUrl": "", "transactionText": "", "filerName": "Patel (Jayana J)", "filerRelation": "Promoter", "moneyText": "", "startDate": "2016-02-26", "ownership": "D"}, {"maxAge": 1, "shares": 406800, "filerUrl": "", "transactionText": "", "filerName": "Patel (Amita J)", "filerRelation": "Promoter", "moneyText": "", "startDate": "2016-02-26", "ownership": "D"}, {"maxAge": 1, "shares": 274500, "filerUrl": "", "transactionText": "", "filerName": "Patel (Amita J)", "filerRelation": "Promoter", "moneyText": "", "startDate": "2016-02-26", "ownership": "D"}], "maxAge": 1}, "sectorTrend": {"maxAge": 1, "symbol": null, "estimates": []}, "incomeStatementHistoryQuarterly": {"incomeStatementHistory": [{"maxAge": 1, "endDate": "2020-12-31", "totalRevenue": 331642000, "costOfRevenue": 212027000, "grossProfit": 119615000, "researchDevelopment": {}, "sellingGeneralAdministrative": 37267000, "nonRecurring": {}, "otherOperatingExpenses": 53088000, "totalOperatingExpenses": 305447000, "operatingIncome": 26195000, "totalOtherIncomeExpenseNet": 11102000, "ebit": 26195000, "interestExpense": -181000, "incomeBeforeTax": 37297000, "incomeTaxExpense": 0, "minorityInterest": {}, "netIncomeFromContinuingOps": 37297000, "discontinuedOperations": {}, "extraordinaryItems": {}, "effectOfAccountingCharges": {}, "otherItems": {}, "netIncome": 37297000, "netIncomeApplicableToCommonShares": 37297000}, {"maxAge": 1, "endDate": "2020-09-30", "totalRevenue": 231079000, "costOfRevenue": 159199000, "grossProfit": 71880000, "researchDevelopment": {}, "sellingGeneralAdministrative": 27765000, "nonRecurring": {}, "otherOperatingExpenses": 26653000, "totalOperatingExpenses": 216514000, "operatingIncome": 14565000, "totalOtherIncomeExpenseNet": 8706000, "ebit": 14565000, "interestExpense": -286000, "incomeBeforeTax": 23271000, "incomeTaxExpense": 0, "minorityInterest": {}, "netIncomeFromContinuingOps": 23271000, "discontinuedOperations": {}, "extraordinaryItems": {}, "effectOfAccountingCharges": {}, "otherItems": {}, "netIncome": 23271000, "netIncomeApplicableToCommonShares": 23271000}, {"maxAge": 1, "endDate": "2020-06-30", "totalRevenue": 162946000, "costOfRevenue": 96393000, "grossProfit": 66553000, "researchDevelopment": {}, "sellingGeneralAdministrative": 24905000, "nonRecurring": {}, "otherOperatingExpenses": 23557000, "totalOperatingExpenses": 147666000, "operatingIncome": 15280000, "totalOtherIncomeExpenseNet": 16830000, "ebit": 15280000, "interestExpense": -228000, "incomeBeforeTax": 32110000, "incomeTaxExpense": -15000, "minorityInterest": {}, "netIncomeFromContinuingOps": 32125000, "discontinuedOperations": {}, "extraordinaryItems": {}, "effectOfAccountingCharges": {}, "otherItems": {}, "netIncome": 32125000, "netIncomeApplicableToCommonShares": 32125000}, {"maxAge": 1, "endDate": "2020-03-31", "totalRevenue": 181628000, "costOfRevenue": 96358000, "grossProfit": 85270000, "researchDevelopment": {}, "sellingGeneralAdministrative": 36296000, "nonRecurring": {}, "otherOperatingExpenses": 35786000, "totalOperatingExpenses": 156588000, "operatingIncome": 25040000, "totalOtherIncomeExpenseNet": -37751000, "ebit": 25040000, "interestExpense": -228000, "incomeBeforeTax": -12711000, "incomeTaxExpense": 10541000, "minorityInterest": {}, "netIncomeFromContinuingOps": -23252000, "discontinuedOperations": {}, "extraordinaryItems": {}, "effectOfAccountingCharges": {}, "otherItems": {}, "netIncome": -23252000, "netIncomeApplicableToCommonShares": -23252000}], "maxAge": 86400}, "cashflowStatementHistoryQuarterly": {"cashflowStatements": [{"maxAge": 1, "endDate": "2020-12-31", "netIncome": 37297000, "changeToLiabilities": 0}, {"maxAge": 1, "endDate": "2020-09-30", "netIncome": 23271000, "changeToLiabilities": 0}, {"maxAge": 1, "endDate": "2020-06-30", "netIncome": 32125000, "changeToLiabilities": 0}, {"maxAge": 1, "endDate": "2020-03-31", "netIncome": -23252000, "changeToLiabilities": 0}], "maxAge": 86400}, "earnings": {"maxAge": 86400, "earningsChart": {"quarterly": [{"date": "1Q2018", "actual": -1.33, "estimate": 1.09}], "currentQuarterEstimateDate": "2Q", "currentQuarterEstimateYear": 2018, "earningsDate": ["2021-02-12 05:30:S"]}, "financialsChart": {"yearly": [{"date": 2017, "revenue": 634500000, "earnings": 25199999}, {"date": 2018, "revenue": 628468000, "earnings": 28068000}, {"date": 2019, "revenue": 779880000, "earnings": 10117000}, {"date": 2020, "revenue": 859691000, "earnings": 18534000}], "quarterly": [{"date": "1Q2020", "revenue": 181628000, "earnings": -23252000}, {"date": "2Q2020", "revenue": 162946000, "earnings": 32125000}, {"date": "3Q2020", "revenue": 231079000, "earnings": 23271000}, {"date": "4Q2020", "revenue": 331642000, "earnings": 37297000}]}, "financialCurrency": "INR"}, "financialData": {"maxAge": 86400, "currentPrice": 54.9, "recommendationKey": "none", "totalCash": 514555008, "totalCashPerShare": 24.419, "ebitda": 92847248, "totalDebt": 755000, "totalRevenue": 907294976, "debtToEquity": 0.071, "revenuePerShare": 43.089, "grossProfits": 306922000, "earningsGrowth": 0.439, "revenueGrowth": 0.375, "grossMargins": 0.3784, "ebitdaMargins": 0.10233, "operatingMargins": 0.08936, "profitMargins": 0.07654, "financialCurrency": "INR"}}}