{"ALPA.BO": {"cashflowStatementHistory": {"cashflowStatements": [{"maxAge": 1, "endDate": "2020-03-31", "netIncome": 18534000, "depreciation": 11420000, "changeToNetincome": 46350000, "changeToAccountReceivables": 97865000, "changeToLiabilities": -12085000, "changeToInventory": 14882000, "changeToOperatingActivities": 854000, "totalCashFromOperatingActivities": 177820000, "capitalExpenditures": -25453000, "investments": -116084000, "otherCashflowsFromInvestingActivities": 16098000, "totalCashflowsFromInvestingActivities": -111723000, "netBorrowings": -12724000, "otherCashflowsFromFinancingActivities": -768000, "totalCashFromFinancingActivities": -13492000, "changeInCash": 52671000}, {"maxAge": 1, "endDate": "2019-03-31", "netIncome": 10117000, "depreciation": 10957000, "changeToNetincome": -7251000, "changeToAccountReceivables": -72373000, "changeToLiabilities": 18950000, "changeToInventory": -3156000, "changeToOperatingActivities": 32706000, "totalCashFromOperatingActivities": -10050000, "capitalExpenditures": -8531000, "investments": -118716000, "otherCashflowsFromInvestingActivities": 38577000, "totalCashflowsFromInvestingActivities": -146604000, "netBorrowings": -43265000, "otherCashflowsFromFinancingActivities": -4492000, "totalCashFromFinancingActivities": -47757000, "changeInCash": -204412000}, {"maxAge": 1, "endDate": "2018-03-31", "netIncome": 28068000, "depreciation": 10475000, "changeToNetincome": -2143000, "changeToAccountReceivables": -42700000, "changeToLiabilities": -112300000, "changeToInventory": -6800000, "changeToOperatingActivities": -1600000, "totalCashFromOperatingActivities": -127000000, "capitalExpenditures": -19700000, "investments": -179700000, "otherCashflowsFromInvestingActivities": 42800000, "totalCashflowsFromInvestingActivities": -114700000, "netBorrowings": 98900000, "otherCashflowsFromFinancingActivities": -10600000, "totalCashFromFinancingActivities": 88300000, "changeInCash": -153400000}, {"maxAge": 1, "endDate": "2017-03-31", "netIncome": 25199999, "depreciation": 7575000, "changeToNetincome": -1375000, "changeToAccountReceivables": 173700000, "changeToLiabilities": -55200000, "changeToInventory": 19600000, "changeToOperatingActivities": 400000, "totalCashFromOperatingActivities": 169900000, "capitalExpenditures": -14100000, "investments": -31200000, "otherCashflowsFromInvestingActivities": 42600000, "totalCashflowsFromInvestingActivities": -17100000, "netBorrowings": -136001000, "otherCashflowsFromFinancingActivities": -16299000, "totalCashFromFinancingActivities": -152300000, "changeInCash": 400000}], "maxAge": 86400}, "institutionOwnership": {"maxAge": 1, "ownershipList": []}, "balanceSheetHistoryQuarterly": {"balanceSheetStatements": [{"maxAge": 1, "endDate": "2020-06-30", "totalStockholderEquity": 1003726000, "netTangibleAssets": 1003726000}, {"maxAge": 1, "endDate": "2020-03-31", "cash": 49747000, "netReceivables": 265849000, "inventory": 125505000, "otherCurrentAssets": 117743000, "totalCurrentAssets": 954628000, "longTermInvestments": 172871000, "propertyPlantEquipment": 72291000, "otherAssets": 13722000, "deferredLongTermAssetCharges": 9258000, "totalAssets": 1213512000, "accountsPayable": 136987000, "shortLongTermDebt": 2193000, "otherCurrentLiab": 56638000, "longTermDebt": 1920000, "otherLiab": -1000, "totalCurrentLiabilities": 207867000, "totalLiab": 209786000, "commonStock": 210406000, "retainedEarnings": 243715000, "capitalSurplus": 549605000, "totalStockholderEquity": 1003726000, "netTangibleAssets": 1003726000}, {"maxAge": 1, "endDate": "2019-12-31", "totalStockholderEquity": 999023000, "netTangibleAssets": 988910000}, {"maxAge": 1, "endDate": "2019-09-30", "cash": 37415000, "shortTermInvestments": 372973000, "netReceivables": 308788000, "inventory": 121474000, "otherCurrentAssets": 101533000, "totalCurrentAssets": 942183000, "longTermInvestments": 177617000, "propertyPlantEquipment": 65326000, "goodWill": 10113000, "otherAssets": 1710000, "deferredLongTermAssetCharges": 1710000, "totalAssets": 1196949000, "accountsPayable": 132993000, "otherCurrentLiab": 61895000, "longTermDebt": 3038000, "totalCurrentLiabilities": 194888000, "totalLiab": 197926000, "commonStock": 210406000, "treasuryStock": 788617000, "otherStockholderEquity": 788617000, "totalStockholderEquity": 999023000, "netTangibleAssets": 988910000}], "maxAge": 86400}, "indexTrend": {"maxAge": 1, "symbol": "SP5", "peRatio": 19.7411, "pegRatio": 1.34172, "estimates": [{"period": "0q", "growth": 0.549}, {"period": "+1q", "growth": 0.431}, {"period": "0y", "growth": 0.305}, {"period": "+1y", "growth": 0.109}, {"period": "+5y", "growth": 0.120865}, {"period": "-5y"}]}, "insiderTransactions": {"transactions": [{"maxAge": 1, "shares": 432840, "filerUrl": "", "transactionText": "", "filerName": "Chawla (Mahendra Singh)", "filerRelation": "Wholetime Director", "moneyText": "", "startDate": "2019-03-01", "ownership": "D"}], "maxAge": 1}, "quoteType": {"exchange": "BSE", "quoteType": "EQUITY", "symbol": "ALPA.BO", "underlyingSymbol": "ALPA.BO", "shortName": "ALPA LABORATORIES LTD.", "longName": "Alpa Laboratories Limited", "firstTradeDateEpochUtc": "2007-08-06 09:15:00", "timeZoneFullName": "Asia/Kolkata", "timeZoneShortName": "IST", "uuid": "f9531ac7-1176-3ed3-8cd4-d6c817db31c9", "messageBoardId": null, "gmtOffSetMilliseconds": 19800000, "maxAge": 1}, "incomeStatementHistory": {"incomeStatementHistory": [{"maxAge": 1, "endDate": "2020-03-31", "totalRevenue": 859691000, "costOfRevenue": 552769000, "grossProfit": 306922000, "researchDevelopment": {}, "sellingGeneralAdministrative": 121626000, "nonRecurring": {}, "otherOperatingExpenses": 126757000, "totalOperatingExpenses": 812572000, "operatingIncome": 47119000, "totalOtherIncomeExpenseNet": -18044000, "ebit": 47119000, "interestExpense": -951000, "incomeBeforeTax": 29075000, "incomeTaxExpense": 10541000, "minorityInterest": {}, "netIncomeFromContinuingOps": 18534000, "discontinuedOperations": {}, "extraordinaryItems": {}, "effectOfAccountingCharges": {}, "otherItems": {}, "netIncome": 18534000, "netIncomeApplicableToCommonShares": 18534000}, {"maxAge": 1, "endDate": "2019-03-31", "totalRevenue": 779880000, "costOfRevenue": 530982000, "grossProfit": 248898000, "researchDevelopment": {}, "sellingGeneralAdministrative": 125879000, "nonRecurring": {}, "otherOperatingExpenses": 109661000, "totalOperatingExpenses": 777479000, "operatingIncome": 2401000, "totalOtherIncomeExpenseNet": 25162000, "ebit": 2401000, "interestExpense": -4768000, "incomeBeforeTax": 27563000, "incomeTaxExpense": 17446000, "minorityInterest": {}, "netIncomeFromContinuingOps": 10117000, "discontinuedOperations": {}, "extraordinaryItems": {}, "effectOfAccountingCharges": {}, "otherItems": {}, "netIncome": 10117000, "netIncomeApplicableToCommonShares": 10117000}, {"maxAge": 1, "endDate": "2018-03-31", "totalRevenue": 628468000, "costOfRevenue": 398141000, "grossProfit": 230327000, "researchDevelopment": {}, "sellingGeneralAdministrative": 106195000, "nonRecurring": {}, "otherOperatingExpenses": 80483000, "totalOperatingExpenses": 595312000, "operatingIncome": 33156000, "totalOtherIncomeExpenseNet": 13247000, "ebit": 33156000, "interestExpense": -7810000, "incomeBeforeTax": 46403000, "incomeTaxExpense": 18335000, "minorityInterest": {}, "netIncomeFromContinuingOps": 28068000, "discontinuedOperations": {}, "extraordinaryItems": {}, "effectOfAccountingCharges": {}, "otherItems": {}, "netIncome": 28068000, "netIncomeApplicableToCommonShares": 28068000}, {"maxAge": 1, "endDate": "2017-03-31", "totalRevenue": 634500000, "costOfRevenue": 396256000, "grossProfit": 238244000, "researchDevelopment": {}, "sellingGeneralAdministrative": 89440000, "nonRecurring": {}, "otherOperatingExpenses": 76504000, "totalOperatingExpenses": 569775000, "operatingIncome": 64725000, "totalOtherIncomeExpenseNet": -8325001, "ebit": 64725000, "interestExpense": -16318000, "incomeBeforeTax": 56399999, "incomeTaxExpense": 31200000, "minorityInterest": {}, "netIncomeFromContinuingOps": 25199999, "discontinuedOperations": {}, "extraordinaryItems": {}, "effectOfAccountingCharges": {}, "otherItems": {}, "netIncome": 25199999, "netIncomeApplicableToCommonShares": 25199999}], "maxAge": 86400}, "fundOwnership": {"maxAge": 1, "ownershipList": []}, "summaryDetail": {"maxAge": 1, "priceHint": 2, "previousClose": 57.85, "open": 55.0, "dayLow": 55.0, "dayHigh": 55.0, "regularMarketPreviousClose": 57.85, "regularMarketOpen": 55.0, "regularMarketDayLow": 55.0, "regularMarketDayHigh": 55.0, "trailingPE": 29.761904, "volume": 5051, "regularMarketVolume": 5051, "averageVolume": 11929, "averageVolume10days": 25907, "averageDailyVolume10Day": 25907, "bid": 0.0, "ask": 60.85, "bidSize": 0, "askSize": 0, "marketCap": 1157233024, "fiftyTwoWeekLow": 11.45, "fiftyTwoWeekHigh": 55.0, "fiftyDayAverage": 38.12, "twoHundredDayAverage": 34.75292, "currency": "INR", "fromCurrency": null, "toCurrency": null, "lastMarket": null, "algorithm": null, "tradeable": false}, "incomeStatementHistoryQuarterly": {"incomeStatementHistory": [{"maxAge": 1, "endDate": "2020-06-30", "totalRevenue": 162946000, "costOfRevenue": 96393000, "grossProfit": 66553000, "researchDevelopment": {}, "sellingGeneralAdministrative": 24905000, "nonRecurring": {}, "otherOperatingExpenses": 23557000, "totalOperatingExpenses": 147666000, "operatingIncome": 15280000, "totalOtherIncomeExpenseNet": 16830000, "ebit": 15280000, "interestExpense": -228000, "incomeBeforeTax": 32110000, "incomeTaxExpense": -15000, "minorityInterest": {}, "netIncomeFromContinuingOps": 32125000, "discontinuedOperations": {}, "extraordinaryItems": {}, "effectOfAccountingCharges": {}, "otherItems": {}, "netIncome": 32125000, "netIncomeApplicableToCommonShares": 32125000}, {"maxAge": 1, "endDate": "2020-03-31", "totalRevenue": 181628000, "costOfRevenue": 96358000, "grossProfit": 85270000, "researchDevelopment": {}, "sellingGeneralAdministrative": 36296000, "nonRecurring": {}, "otherOperatingExpenses": 35786000, "totalOperatingExpenses": 156588000, "operatingIncome": 25040000, "totalOtherIncomeExpenseNet": -37751000, "ebit": 25040000, "interestExpense": -228000, "incomeBeforeTax": -12711000, "incomeTaxExpense": 10541000, "minorityInterest": {}, "netIncomeFromContinuingOps": -23252000, "discontinuedOperations": {}, "extraordinaryItems": {}, "effectOfAccountingCharges": {}, "otherItems": {}, "netIncome": -23252000, "netIncomeApplicableToCommonShares": -23252000}, {"maxAge": 1, "endDate": "2019-12-31", "totalRevenue": 241264000, "costOfRevenue": 154093000, "grossProfit": 87171000, "researchDevelopment": {}, "sellingGeneralAdministrative": 29228000, "nonRecurring": {}, "otherOperatingExpenses": 35545000, "totalOperatingExpenses": 226790000, "operatingIncome": 14474000, "totalOtherIncomeExpenseNet": 11323000, "ebit": 14474000, "interestExpense": -281000, "incomeBeforeTax": 25797000, "incomeTaxExpense": 0, "minorityInterest": {}, "netIncomeFromContinuingOps": 25797000, "discontinuedOperations": {}, "extraordinaryItems": {}, "effectOfAccountingCharges": {}, "otherItems": {}, "netIncome": 25797000, "netIncomeApplicableToCommonShares": 25797000}, {"maxAge": 1, "endDate": "2019-09-30", "totalRevenue": 235128000, "costOfRevenue": 167454000, "grossProfit": 67674000, "researchDevelopment": {}, "sellingGeneralAdministrative": 27969000, "nonRecurring": {}, "otherOperatingExpenses": 30281000, "totalOperatingExpenses": 233486000, "operatingIncome": 1642000, "totalOtherIncomeExpenseNet": 2223000, "ebit": 1642000, "interestExpense": -449000, "incomeBeforeTax": 3865000, "incomeTaxExpense": 0, "minorityInterest": {}, "netIncomeFromContinuingOps": 3865000, "discontinuedOperations": {}, "extraordinaryItems": {}, "effectOfAccountingCharges": {}, "otherItems": {}, "netIncome": 3865000, "netIncomeApplicableToCommonShares": 3865000}], "maxAge": 86400}, "cashflowStatementHistoryQuarterly": {"cashflowStatements": [{"maxAge": 1, "endDate": "2020-06-30", "netIncome": 32125000, "changeToLiabilities": 0}, {"maxAge": 1, "endDate": "2020-03-31", "netIncome": -23252000, "changeToLiabilities": 0}, {"maxAge": 1, "endDate": "2019-12-31", "netIncome": 25797000, "changeToLiabilities": 0}, {"maxAge": 1, "endDate": "2019-09-30", "netIncome": 3865000, "changeToLiabilities": 0}], "maxAge": 86400}, "insiderHolders": {"holders": [{"maxAge": 1, "name": "Chawla (Mahendra Singh)", "relation": "Wholetime Director", "url": "", "transactionDescription": "Gift", "latestTransDate": "2019-03-01", "positionDirect": 2906760, "positionDirectDate": "2019-03-01"}], "maxAge": 1}, "calendarEvents": {"maxAge": 1, "earnings": {"earningsDate": ["2019-02-09 05:30:S"]}}, "price": {"maxAge": 1, "regularMarketChangePercent": -0.049265318, "regularMarketChange": -2.8499985, "regularMarketTime": "2021-04-30 15:28:22", "priceHint": 2, "regularMarketPrice": 55.0, "regularMarketDayHigh": 55.0, "regularMarketDayLow": 55.0, "regularMarketVolume": 5051, "averageDailyVolume10Day": 25907, "averageDailyVolume3Month": 11929, "regularMarketPreviousClose": 57.85, "regularMarketSource": "FREE_REALTIME", "regularMarketOpen": 55.0, "exchange": "BSE", "exchangeName": "BSE", "exchangeDataDelayedBy": 0, "marketState": "CLOSED", "quoteType": "EQUITY", "symbol": "ALPA.BO", "underlyingSymbol": null, "shortName": "ALPA LABORATORIES LTD.", "longName": "Alpa Laboratories Limited", "currency": "INR", "quoteSourceName": "Delayed Quote", "currencySymbol": "\u20b9", "fromCurrency": null, "toCurrency": null, "lastMarket": null, "marketCap": 1157233024}, "balanceSheetHistory": {"balanceSheetStatements": [{"maxAge": 1, "endDate": "2020-03-31", "cash": 49747000, "netReceivables": 265849000, "inventory": 125505000, "otherCurrentAssets": 117743000, "totalCurrentAssets": 954628000, "longTermInvestments": 172871000, "propertyPlantEquipment": 72291000, "otherAssets": 13722000, "deferredLongTermAssetCharges": 9258000, "totalAssets": 1213512000, "accountsPayable": 136987000, "shortLongTermDebt": 2193000, "otherCurrentLiab": 56638000, "longTermDebt": 1920000, "otherLiab": -1000, "totalCurrentLiabilities": 207867000, "totalLiab": 209786000, "commonStock": 210406000, "retainedEarnings": 243715000, "capitalSurplus": 549605000, "totalStockholderEquity": 1003726000, "netTangibleAssets": 1003726000}, {"maxAge": 1, "endDate": "2019-03-31", "cash": 1491000, "netReceivables": 377384000, "inventory": 140387000, "otherCurrentAssets": 120471000, "totalCurrentAssets": 940874000, "longTermInvestments": 186287000, "propertyPlantEquipment": 58786000, "goodWill": 20225000, "otherAssets": 6013000, "deferredLongTermAssetCharges": 1710000, "totalAssets": 1212185000, "accountsPayable": 131888000, "shortLongTermDebt": 2024000, "otherCurrentLiab": 62541000, "longTermDebt": 4113000, "otherLiab": 1000, "totalCurrentLiabilities": 223128000, "totalLiab": 227242000, "commonStock": 210406000, "retainedEarnings": 224932000, "capitalSurplus": 549605000, "totalStockholderEquity": 984943000, "netTangibleAssets": 964718000}, {"maxAge": 1, "endDate": "2018-03-31", "cash": 1903000, "netReceivables": 357669000, "inventory": 137230000, "otherCurrentAssets": 302308000, "totalCurrentAssets": 977200000, "longTermInvestments": 128762000, "propertyPlantEquipment": 61216000, "goodWill": 40450000, "otherAssets": 7614000, "deferredLongTermAssetCharges": 7613000, "totalAssets": 1215242000, "accountsPayable": 132736000, "shortLongTermDebt": 1867000, "otherCurrentLiab": 37190000, "longTermDebt": 6137000, "otherLiab": 1000, "totalCurrentLiabilities": 233613000, "totalLiab": 239751000, "commonStock": 210406000, "retainedEarnings": 215480000, "capitalSurplus": 549605000, "totalStockholderEquity": 975491000, "netTangibleAssets": 935041000}, {"maxAge": 1, "endDate": "2017-03-31", "cash": 23800000, "shortTermInvestments": 342000000, "netReceivables": 377245000, "inventory": 130400000, "otherCurrentAssets": 92134000, "totalCurrentAssets": 1046300000, "longTermInvestments": 47900000, "propertyPlantEquipment": 51800000, "goodWill": 60700000, "otherAssets": 48600000, "deferredLongTermAssetCharges": 6600000, "totalAssets": 1255300000, "accountsPayable": 139400000, "shortLongTermDebt": 894000, "otherCurrentLiab": 33663000, "longTermDebt": 4700000, "otherLiab": 6200000, "totalCurrentLiabilities": 297100000, "totalLiab": 308000000, "commonStock": 210400000, "treasuryStock": 187300000, "capitalSurplus": 549600000, "otherStockholderEquity": 187300000, "totalStockholderEquity": 947300000, "netTangibleAssets": 886600000}], "maxAge": 86400}, "financialData": {"maxAge": 86400, "currentPrice": 55.0, "recommendationKey": "none", "grossProfits": 306922000, "financialCurrency": "INR"}}}