{"ALPHAGEO.BO": {"recommendationTrend": {"trend": [{"period": "0m", "strongBuy": 0, "buy": 0, "hold": 0, "sell": 0, "strongSell": 0}, {"period": "-1m", "strongBuy": 0, "buy": 0, "hold": 0, "sell": 0, "strongSell": 0}, {"period": "-2m", "strongBuy": 0, "buy": 0, "hold": 0, "sell": 0, "strongSell": 0}, {"period": "-3m", "strongBuy": 0, "buy": 0, "hold": 0, "sell": 0, "strongSell": 0}], "maxAge": 86400}, "cashflowStatementHistory": {"cashflowStatements": [{"maxAge": 1, "endDate": "2020-03-31", "netIncome": -87671230, "depreciation": 267636731, "changeToNetincome": -380616617, "changeToAccountReceivables": 756049929, "changeToLiabilities": -530676092, "changeToInventory": -6033266, "totalCashFromOperatingActivities": 34530369, "capitalExpenditures": -257652822, "otherCashflowsFromInvestingActivities": 67037665, "totalCashflowsFromInvestingActivities": -227703442, "dividendsPaid": -122769018, "netBorrowings": -15806087, "otherCashflowsFromFinancingActivities": -25142632, "totalCashFromFinancingActivities": -163717737, "effectOfExchangeRate": 23685601, "changeInCash": -333205209}, {"maxAge": 1, "endDate": "2019-03-31", "netIncome": 454125638, "depreciation": 298560706, "changeToNetincome": -18602981, "changeToAccountReceivables": 294859541, "changeToLiabilities": 33896108, "changeToInventory": 5729734, "totalCashFromOperatingActivities": 1090146665, "capitalExpenditures": -85054935, "otherCashflowsFromInvestingActivities": 33267641, "totalCashflowsFromInvestingActivities": 4238117, "dividendsPaid": -61384509, "netBorrowings": -186752310, "otherCashflowsFromFinancingActivities": -29795798, "totalCashFromFinancingActivities": -277932617, "effectOfExchangeRate": 13824622, "changeInCash": 831987142}, {"maxAge": 1, "endDate": "2018-03-31", "netIncome": 544891774, "depreciation": 317656640, "changeToNetincome": -57335160, "changeToAccountReceivables": -330501497, "changeToLiabilities": 91775196, "changeToInventory": 1866571, "totalCashFromOperatingActivities": 589978038, "capitalExpenditures": -524976744, "otherCashflowsFromInvestingActivities": -19518459, "totalCashflowsFromInvestingActivities": -600033632, "dividendsPaid": -30641935, "netBorrowings": -16452164, "otherCashflowsFromFinancingActivities": -34359760, "totalCashFromFinancingActivities": 12923816, "effectOfExchangeRate": 589365, "changeInCash": 3457587, "issuanceOfStock": 94377675}, {"maxAge": 1, "endDate": "2017-03-31", "netIncome": 505430566, "depreciation": 231539471, "changeToNetincome": 72324659, "changeToAccountReceivables": -1124796929, "changeToLiabilities": 506485250, "changeToInventory": -9628607, "totalCashFromOperatingActivities": 187015435, "capitalExpenditures": -585316958, "otherCashflowsFromInvestingActivities": -41943731, "totalCashflowsFromInvestingActivities": -614114522, "dividendsPaid": -13623925, "netBorrowings": 457707268, "otherCashflowsFromFinancingActivities": -21622994, "totalCashFromFinancingActivities": 609289624, "effectOfExchangeRate": -3466024, "changeInCash": 178724513, "issuanceOfStock": 186829275}], "maxAge": 86400}, "institutionOwnership": {"maxAge": 1, "ownershipList": []}, "balanceSheetHistoryQuarterly": {"balanceSheetStatements": [{"maxAge": 1, "endDate": "2020-06-30", "totalStockholderEquity": 2576184000, "netTangibleAssets": 2575571000}, {"maxAge": 1, "endDate": "2020-03-31", "cash": 718464779, "netReceivables": 877364339, "inventory": 10283748, "otherCurrentAssets": 631658488, "totalCurrentAssets": 2252156892, "propertyPlantEquipment": 842886017, "intangibleAssets": 612434, "otherAssets": 178798024, "deferredLongTermAssetCharges": 96395362, "totalAssets": 3274453367, "accountsPayable": 287801930, "otherCurrentLiab": 83488189, "longTermDebt": 617560, "otherLiab": 8303890, "minorityInterest": 131302, "totalCurrentLiabilities": 689216401, "totalLiab": 698137851, "commonStock": 63783670, "treasuryStock": 2512400544, "otherStockholderEquity": 2512400544, "totalStockholderEquity": 2576184214, "netTangibleAssets": 2575571780}, {"maxAge": 1, "endDate": "2019-12-31", "totalStockholderEquity": 2646248000, "netTangibleAssets": 2640679000}, {"maxAge": 1, "endDate": "2019-09-30", "cash": 1318841000, "netReceivables": 394932000, "inventory": 14069000, "otherCurrentAssets": 393940000, "totalCurrentAssets": 2121782000, "propertyPlantEquipment": 804688000, "intangibleAssets": 5569000, "otherAssets": 83485000, "deferredLongTermAssetCharges": 82536000, "totalAssets": 3015524000, "accountsPayable": 166339000, "otherCurrentLiab": 100252000, "otherLiab": 8305000, "minorityInterest": 131000, "totalCurrentLiabilities": 360840000, "totalLiab": 369145000, "commonStock": 63648000, "treasuryStock": 2582600000, "otherStockholderEquity": 2582600000, "totalStockholderEquity": 2646248000, "netTangibleAssets": 2640679000}], "maxAge": 86400}, "earningsHistory": {"history": [{"maxAge": 1, "epsActual": {}, "epsEstimate": {}, "epsDifference": {}, "surprisePercent": {}, "quarter": {}, "period": "-4q"}, {"maxAge": 1, "epsActual": {}, "epsEstimate": {}, "epsDifference": {}, "surprisePercent": {}, "quarter": {}, "period": "-3q"}, {"maxAge": 1, "epsActual": 58.58, "epsEstimate": 17.2, "epsDifference": 41.38, "surprisePercent": 2.4060001, "quarter": "2017-03-31", "period": "-2q"}, {"maxAge": 1, "epsActual": 24.43, "epsEstimate": 21.37, "epsDifference": 3.06, "surprisePercent": 0.143, "quarter": "2017-06-30", "period": "-1q"}], "maxAge": 86400}, "indexTrend": {"maxAge": 1, "symbol": "SP5", "peRatio": 19.7411, "pegRatio": 1.34172, "estimates": [{"period": "0q", "growth": 0.549}, {"period": "+1q", "growth": 0.431}, {"period": "0y", "growth": 0.305}, {"period": "+1y", "growth": 0.109}, {"period": "+5y", "growth": 0.120865}, {"period": "-5y"}]}, "industryTrend": {"maxAge": 1, "symbol": null, "estimates": []}, "insiderTransactions": {"transactions": [{"maxAge": 1, "shares": 4827, "filerUrl": "", "transactionText": "", "filerName": "Alla (Dinesh)", "filerRelation": "Director (Executive)", "moneyText": "", "startDate": "2020-03-30", "ownership": "D"}, {"maxAge": 1, "shares": 3787, "filerUrl": "", "transactionText": "", "filerName": "Alla (Dinesh)", "filerRelation": "Director (Executive)", "moneyText": "", "startDate": "2020-03-30", "ownership": "D"}, {"maxAge": 1, "shares": 23293, "filerUrl": "", "transactionText": "", "filerName": "Alla (Dinesh)", "filerRelation": "Director (Executive)", "moneyText": "", "startDate": "2020-03-19", "ownership": "D"}, {"maxAge": 1, "shares": 13394, "filerUrl": "", "transactionText": "", "filerName": "Alla (Dinesh)", "filerRelation": "Director (Executive)", "moneyText": "", "startDate": "2020-03-13", "ownership": "D"}, {"maxAge": 1, "shares": 7695, "filerUrl": "", "transactionText": "", "filerName": "Alla (Dinesh)", "filerRelation": "Director (Executive)", "moneyText": "", "startDate": "2020-03-13", "ownership": "D"}, {"maxAge": 1, "shares": 1402, "filerUrl": "", "transactionText": "", "filerName": "Alla (Dinesh)", "filerRelation": "Managing Director", "moneyText": "", "startDate": "2019-12-24", "ownership": "D"}, {"maxAge": 1, "shares": 1399, "filerUrl": "", "transactionText": "", "filerName": "Alla (Dinesh)", "filerRelation": "Managing Director", "moneyText": "", "startDate": "2019-12-24", "ownership": "D"}, {"maxAge": 1, "shares": 794, "filerUrl": "", "transactionText": "", "filerName": "Alla (Dinesh)", "filerRelation": "Managing Director", "moneyText": "", "startDate": "2019-12-20", "ownership": "D"}, {"maxAge": 1, "shares": 3455, "filerUrl": "", "transactionText": "", "filerName": "Alla (Dinesh)", "filerRelation": "Managing Director", "moneyText": "", "startDate": "2019-12-19", "ownership": "D"}, {"maxAge": 1, "shares": 427, "filerUrl": "", "transactionText": "", "filerName": "Alla (Dinesh)", "filerRelation": "Managing Director", "moneyText": "", "startDate": "2019-12-19", "ownership": "D"}, {"maxAge": 1, "shares": 3866, "filerUrl": "", "transactionText": "", "filerName": "Alla (Dinesh)", "filerRelation": "Managing Director", "moneyText": "", "startDate": "2019-12-11", "ownership": "D"}, {"maxAge": 1, "shares": 3313, "filerUrl": "", "transactionText": "", "filerName": "Alla (Dinesh)", "filerRelation": "Managing Director", "moneyText": "", "startDate": "2019-12-11", "ownership": "D"}, {"maxAge": 1, "shares": 1419, "filerUrl": "", "transactionText": "", "filerName": "Alla (Dinesh)", "filerRelation": "Managing Director", "moneyText": "", "startDate": "2019-12-04", "ownership": "D"}, {"maxAge": 1, "shares": 24, "filerUrl": "", "transactionText": "", "filerName": "Alla (Dinesh)", "filerRelation": "Managing Director", "moneyText": "", "startDate": "2019-12-04", "ownership": "D"}, {"maxAge": 1, "shares": 6024, "filerUrl": "", "transactionText": "", "filerName": "Alla (Dinesh)", "filerRelation": "Managing Director", "moneyText": "", "startDate": "2019-12-03", "ownership": "D"}, {"maxAge": 1, "shares": 5500, "filerUrl": "", "transactionText": "", "filerName": "Alla (Dinesh)", "filerRelation": "Managing Director", "moneyText": "", "startDate": "2019-12-03", "ownership": "D"}, {"maxAge": 1, "shares": 5472, "filerUrl": "", "transactionText": "", "filerName": "Alla (Dinesh)", "filerRelation": "Managing Director", "moneyText": "", "startDate": "2019-11-26", "ownership": "D"}, {"maxAge": 1, "shares": 4224, "filerUrl": "", "transactionText": "", "filerName": "Alla (Dinesh)", "filerRelation": "Managing Director", "moneyText": "", "startDate": "2019-11-26", "ownership": "D"}, {"maxAge": 1, "shares": 2723, "filerUrl": "", "transactionText": "", "filerName": "Alla (Dinesh)", "filerRelation": "Managing Director", "moneyText": "", "startDate": "2019-01-29", "ownership": "D"}, {"maxAge": 1, "shares": 3761, "filerUrl": "", "transactionText": "", "filerName": "Alla (Dinesh)", "filerRelation": "Managing Director", "moneyText": "", "startDate": "2019-01-29", "ownership": "D"}, {"maxAge": 1, "shares": 1491, "filerUrl": "", "transactionText": "", "filerName": "Alla (Dinesh)", "filerRelation": "Managing Director", "moneyText": "", "startDate": "2019-01-28", "ownership": "D"}, {"maxAge": 1, "shares": 1083, "filerUrl": "", "transactionText": "", "filerName": "Alla (Dinesh)", "filerRelation": "Managing Director", "moneyText": "", "startDate": "2019-01-28", "ownership": "D"}, {"maxAge": 1, "shares": 2995, "filerUrl": "", "transactionText": "", "filerName": "Alla (Dinesh)", "filerRelation": "Managing Director", "moneyText": "", "startDate": "2019-01-25", "ownership": "D"}, {"maxAge": 1, "shares": 100, "filerUrl": "", "transactionText": "", "filerName": "Alla (Dinesh)", "filerRelation": "Managing Director", "moneyText": "", "startDate": "2019-01-25", "ownership": "D"}, {"maxAge": 1, "shares": 1166, "filerUrl": "", "transactionText": "", "filerName": "Alla (Dinesh)", "filerRelation": "Managing Director", "moneyText": "", "startDate": "2019-01-24", "ownership": "D"}, {"maxAge": 1, "shares": 451, "filerUrl": "", "transactionText": "", "filerName": "Alla (Dinesh)", "filerRelation": "Managing Director", "moneyText": "", "startDate": "2019-01-24", "ownership": "D"}, {"maxAge": 1, "shares": 331, "filerUrl": "", "transactionText": "", "filerName": "Alla (Dinesh)", "filerRelation": "Managing Director", "moneyText": "", "startDate": "2019-01-23", "ownership": "D"}, {"maxAge": 1, "shares": 3194, "filerUrl": "", "transactionText": "", "filerName": "Alla (Dinesh)", "filerRelation": "Managing Director", "moneyText": "", "startDate": "2019-01-23", "ownership": "D"}], "maxAge": 1}, "quoteType": {"exchange": "BSE", "quoteType": "EQUITY", "symbol": "ALPHAGEO.BO", "underlyingSymbol": "ALPHAGEO.BO", "shortName": "ALPHAGEO (INDIA) LTD.", "longName": "Alphageo (India) Limited", "firstTradeDateEpochUtc": "2000-11-06 09:15:00", "timeZoneFullName": "Asia/Kolkata", "timeZoneShortName": "IST", "uuid": "a9b84cad-606c-34fb-a595-02d8a596e4aa", "messageBoardId": null, "gmtOffSetMilliseconds": 19800000, "maxAge": 1}, "incomeStatementHistory": {"incomeStatementHistory": [{"maxAge": 1, "endDate": "2020-03-31", "totalRevenue": 2675189803, "costOfRevenue": 1839415174, "grossProfit": 835774629, "researchDevelopment": {}, "sellingGeneralAdministrative": 256690610, "nonRecurring": {}, "otherOperatingExpenses": 58639985, "totalOperatingExpenses": 2438223414, "operatingIncome": 236966389, "totalOtherIncomeExpenseNet": -314074559, "ebit": 236966389, "interestExpense": -6254951, "incomeBeforeTax": -77108170, "incomeTaxExpense": 10569529, "minorityInterest": 131302, "netIncomeFromContinuingOps": -87677699, "discontinuedOperations": {}, "extraordinaryItems": {}, "effectOfAccountingCharges": {}, "otherItems": {}, "netIncome": -87671230, "netIncomeApplicableToCommonShares": -87671230}, {"maxAge": 1, "endDate": "2019-03-31", "totalRevenue": 4050768991, "costOfRevenue": 2684143570, "grossProfit": 1366625421, "researchDevelopment": {}, "sellingGeneralAdministrative": 282277296, "nonRecurring": {}, "otherOperatingExpenses": 60031467, "totalOperatingExpenses": 3346590958, "operatingIncome": 704178033, "totalOtherIncomeExpenseNet": 20343522, "ebit": 704178033, "interestExpense": -12520235, "incomeBeforeTax": 724521555, "incomeTaxExpense": 270438168, "minorityInterest": 137771, "netIncomeFromContinuingOps": 454083387, "discontinuedOperations": {}, "extraordinaryItems": {}, "effectOfAccountingCharges": {}, "otherItems": {}, "netIncome": 454125638, "netIncomeApplicableToCommonShares": 454125638}, {"maxAge": 1, "endDate": "2018-03-31", "totalRevenue": 4294369462, "costOfRevenue": 2652111249, "grossProfit": 1642258213, "researchDevelopment": {}, "sellingGeneralAdministrative": 315662749, "nonRecurring": {}, "otherOperatingExpenses": 78839680, "totalOperatingExpenses": 3405684399, "operatingIncome": 888685063, "totalOtherIncomeExpenseNet": -36094265, "ebit": 888685063, "interestExpense": -34556646, "incomeBeforeTax": 852590798, "incomeTaxExpense": 307779002, "minorityInterest": 180022, "netIncomeFromContinuingOps": 544811796, "discontinuedOperations": {}, "extraordinaryItems": {}, "effectOfAccountingCharges": {}, "otherItems": {}, "netIncome": 544891774, "netIncomeApplicableToCommonShares": 544891774}, {"maxAge": 1, "endDate": "2017-03-31", "totalRevenue": 3058934157, "costOfRevenue": 1729288197, "grossProfit": 1329645960, "researchDevelopment": {}, "sellingGeneralAdministrative": 233728604, "nonRecurring": {}, "otherOperatingExpenses": 72494930, "totalOperatingExpenses": 2280825305, "operatingIncome": 778108852, "totalOtherIncomeExpenseNet": -19604851, "ebit": 778108852, "interestExpense": -22663628, "incomeBeforeTax": 758504001, "incomeTaxExpense": 253073435, "minorityInterest": 180022, "netIncomeFromContinuingOps": 505430566, "discontinuedOperations": {}, "extraordinaryItems": {}, "effectOfAccountingCharges": {}, "otherItems": {}, "netIncome": 505430566, "netIncomeApplicableToCommonShares": 505430566}], "maxAge": 86400}, "fundOwnership": {"maxAge": 1, "ownershipList": []}, "summaryDetail": {"maxAge": 1, "priceHint": 2, "previousClose": 210.85, "open": 210.85, "dayLow": 200.2, "dayHigh": 232.15, "regularMarketPreviousClose": 210.85, "regularMarketOpen": 210.85, "regularMarketDayLow": 200.2, "regularMarketDayHigh": 232.15, "forwardPE": 1.7636157, "volume": 30295, "regularMarketVolume": 30295, "averageVolume": 12104, "averageVolume10days": 5341, "averageDailyVolume10Day": 5341, "bid": 218.9, "ask": 0.0, "bidSize": 0, "askSize": 0, "marketCap": 1393248128, "fiftyTwoWeekLow": 110.05, "fiftyTwoWeekHigh": 250.0, "fiftyDayAverage": 203.71143, "twoHundredDayAverage": 182.25438, "trailingAnnualDividendRate": 8.0, "trailingAnnualDividendYield": 0.037941664, "currency": "INR", "fromCurrency": null, "toCurrency": null, "lastMarket": null, "algorithm": null, "tradeable": false}, "sectorTrend": {"maxAge": 1, "symbol": null, "estimates": []}, "incomeStatementHistoryQuarterly": {"incomeStatementHistory": [{"maxAge": 1, "endDate": "2020-06-30", "totalRevenue": 0, "costOfRevenue": 40162000, "grossProfit": -40162000, "researchDevelopment": {}, "sellingGeneralAdministrative": 22504000, "nonRecurring": {}, "otherOperatingExpenses": 10124000, "totalOperatingExpenses": 202115000, "operatingIncome": -202115000, "totalOtherIncomeExpenseNet": 12222000, "ebit": -202115000, "interestExpense": -4633000, "incomeBeforeTax": -189893000, "incomeTaxExpense": -46948000, "minorityInterest": {}, "netIncomeFromContinuingOps": -142945000, "discontinuedOperations": {}, "extraordinaryItems": {}, "effectOfAccountingCharges": {}, "otherItems": {}, "netIncome": -142944000, "netIncomeApplicableToCommonShares": -142944000}, {"maxAge": 1, "endDate": "2020-03-31", "totalRevenue": 636136803, "costOfRevenue": 408077174, "grossProfit": 228059629, "researchDevelopment": {}, "sellingGeneralAdministrative": 146456610, "nonRecurring": {}, "otherOperatingExpenses": 9185985, "totalOperatingExpenses": 633279414, "operatingIncome": 2857389, "totalOtherIncomeExpenseNet": -136219559, "ebit": 2857389, "interestExpense": -4633000, "incomeBeforeTax": -133362170, "incomeTaxExpense": -29179471, "minorityInterest": 131302, "netIncomeFromContinuingOps": -104182699, "discontinuedOperations": {}, "extraordinaryItems": {}, "effectOfAccountingCharges": {}, "otherItems": {}, "netIncome": -104183230, "netIncomeApplicableToCommonShares": -104183230}, {"maxAge": 1, "endDate": "2019-12-31", "totalRevenue": 651554000, "costOfRevenue": 446549000, "grossProfit": 205005000, "researchDevelopment": {}, "sellingGeneralAdministrative": 35558000, "nonRecurring": {}, "otherOperatingExpenses": 19171000, "totalOperatingExpenses": 571871000, "operatingIncome": 79683000, "totalOtherIncomeExpenseNet": 9165000, "ebit": 79683000, "interestExpense": -4437000, "incomeBeforeTax": 88848000, "incomeTaxExpense": 19744000, "minorityInterest": 131302, "netIncomeFromContinuingOps": 69104000, "discontinuedOperations": {}, "extraordinaryItems": {}, "effectOfAccountingCharges": {}, "otherItems": {}, "netIncome": 69105000, "netIncomeApplicableToCommonShares": 69105000}, {"maxAge": 1, "endDate": "2019-09-30", "totalRevenue": 47978000, "costOfRevenue": 68232000, "grossProfit": -20254000, "researchDevelopment": {}, "sellingGeneralAdministrative": 11132000, "nonRecurring": {}, "otherOperatingExpenses": 14751000, "totalOperatingExpenses": 165820000, "operatingIncome": -117842000, "totalOtherIncomeExpenseNet": -183941000, "ebit": -117842000, "interestExpense": -7240000, "incomeBeforeTax": -301783000, "incomeTaxExpense": -71731000, "minorityInterest": 131000, "netIncomeFromContinuingOps": -230052000, "discontinuedOperations": {}, "extraordinaryItems": {}, "effectOfAccountingCharges": {}, "otherItems": {}, "netIncome": -230049000, "netIncomeApplicableToCommonShares": -230049000}], "maxAge": 86400}, "cashflowStatementHistoryQuarterly": {"cashflowStatements": [{"maxAge": 1, "endDate": "2020-06-30", "netIncome": -142944000, "changeToLiabilities": 0}, {"maxAge": 1, "endDate": "2020-03-31", "netIncome": -104183230, "changeToLiabilities": 0}, {"maxAge": 1, "endDate": "2019-12-31", "netIncome": 69105000, "changeToLiabilities": 0}, {"maxAge": 1, "endDate": "2019-09-30", "netIncome": -230049000, "changeToLiabilities": 0}], "maxAge": 86400}, "insiderHolders": {"holders": [{"maxAge": 1, "name": "Alla (Dinesh)", "relation": "Director (Executive)", "url": "", "transactionDescription": "Acquisition", "latestTransDate": "2020-03-30", "positionDirect": 939035, "positionDirectDate": "2020-03-30"}], "maxAge": 1}, "earnings": {"maxAge": 86400, "earningsChart": {"quarterly": [{"date": "1Q2017", "actual": 58.58, "estimate": 17.2}, {"date": "2Q2017", "actual": 24.43, "estimate": 21.37}], "currentQuarterEstimateDate": "3Q", "currentQuarterEstimateYear": 2017, "earningsDate": []}, "financialsChart": {"yearly": [{"date": 2017, "revenue": 3058934157, "earnings": 505430566}, {"date": 2018, "revenue": 4294369462, "earnings": 544891774}, {"date": 2019, "revenue": 4050768991, "earnings": 454125638}, {"date": 2020, "revenue": 2675189803, "earnings": -87671230}], "quarterly": [{"date": "3Q2019", "revenue": 47978000, "earnings": -230049000}, {"date": "4Q2019", "revenue": 651554000, "earnings": 69105000}, {"date": "1Q2020", "revenue": 636136803, "earnings": -104183230}, {"date": "2Q2020", "revenue": 0, "earnings": -142944000}]}, "financialCurrency": "INR"}, "calendarEvents": {"maxAge": 1, "earnings": {"earningsDate": [], "revenueAverage": 216210000}}, "price": {"maxAge": 1, "regularMarketChangePercent": 0.038178742, "regularMarketChange": 8.049988, "regularMarketTime": "2021-04-30 15:42:42", "priceHint": 2, "regularMarketPrice": 218.9, "regularMarketDayHigh": 232.15, "regularMarketDayLow": 200.2, "regularMarketVolume": 30295, "averageDailyVolume10Day": 5341, "averageDailyVolume3Month": 12104, "regularMarketPreviousClose": 210.85, "regularMarketSource": "FREE_REALTIME", "regularMarketOpen": 210.85, "exchange": "BSE", "exchangeName": "BSE", "exchangeDataDelayedBy": 0, "marketState": "CLOSED", "quoteType": "EQUITY", "symbol": "ALPHAGEO.BO", "underlyingSymbol": null, "shortName": "ALPHAGEO (INDIA) LTD.", "longName": "Alphageo (India) Limited", "currency": "INR", "quoteSourceName": "Delayed Quote", "currencySymbol": "\u20b9", "fromCurrency": null, "toCurrency": null, "lastMarket": null, "marketCap": 1393248128}, "balanceSheetHistory": {"balanceSheetStatements": [{"maxAge": 1, "endDate": "2020-03-31", "cash": 718464779, "netReceivables": 877364339, "inventory": 10283748, "otherCurrentAssets": 631658488, "totalCurrentAssets": 2252156892, "propertyPlantEquipment": 842886017, "intangibleAssets": 612434, "otherAssets": 178798024, "deferredLongTermAssetCharges": 96395362, "totalAssets": 3274453367, "accountsPayable": 287801930, "otherCurrentLiab": 83488189, "longTermDebt": 617560, "otherLiab": 8303890, "minorityInterest": 131302, "totalCurrentLiabilities": 689216401, "totalLiab": 698137851, "commonStock": 63783670, "treasuryStock": 2512400544, "otherStockholderEquity": 2512400544, "totalStockholderEquity": 2576184214, "netTangibleAssets": 2575571780}, {"maxAge": 1, "endDate": "2019-03-31", "cash": 1051669987, "netReceivables": 1639496592, "inventory": 4250482, "otherCurrentAssets": 219247706, "totalCurrentAssets": 2961007124, "propertyPlantEquipment": 919930088, "intangibleAssets": 16265972, "otherAssets": 98223939, "deferredLongTermAssetCharges": 97440580, "totalAssets": 3995427123, "accountsPayable": 775774946, "otherCurrentLiab": 2040968, "otherLiab": 11556883, "minorityInterest": 137771, "totalCurrentLiabilities": 1232296133, "totalLiab": 1243853016, "commonStock": 63783670, "treasuryStock": 2687652666, "otherStockholderEquity": 2687652666, "totalStockholderEquity": 2751436336, "netTangibleAssets": 2735170364}, {"maxAge": 1, "endDate": "2018-03-31", "cash": 219682845, "netReceivables": 2016453322, "inventory": 9980216, "otherCurrentAssets": 235060777, "totalCurrentAssets": 2497960477, "propertyPlantEquipment": 1131877330, "intangibleAssets": 37543600, "otherAssets": 72363134, "deferredLongTermAssetCharges": 68736913, "totalAssets": 3739744541, "accountsPayable": 704245774, "otherCurrentLiab": 16268130, "otherLiab": 12387860, "minorityInterest": 180022, "totalCurrentLiabilities": 1393011784, "totalLiab": 1406262759, "commonStock": 63783670, "treasuryStock": 2269518090, "otherStockholderEquity": 2269518090, "totalStockholderEquity": 2333301760, "netTangibleAssets": 2295758160}, {"maxAge": 1, "endDate": "2017-03-31", "cash": 216225258, "netReceivables": 1600656385, "inventory": 11846787, "otherCurrentAssets": 185967733, "totalCurrentAssets": 2029295761, "propertyPlantEquipment": 1354235403, "intangibleAssets": 59127353, "otherAssets": 61053688, "deferredLongTermAssetCharges": 45905833, "totalAssets": 3503712205, "accountsPayable": 630852955, "otherCurrentLiab": 445097630, "otherLiab": 142281098, "totalCurrentLiabilities": 1618463670, "totalLiab": 1764629541, "commonStock": 61333670, "retainedEarnings": 1215267121, "treasuryStock": 36721342, "capitalSurplus": 425760531, "otherStockholderEquity": 36721342, "totalStockholderEquity": 1739082664, "netTangibleAssets": 1679955311}], "maxAge": 86400}, "earningsTrend": {"trend": [{"maxAge": 1, "period": "0q", "endDate": "2017-09-30", "growth": {}, "earningsEstimate": {"avg": 0.0, "low": 0.0, "high": 0.0, "yearAgoEps": {}, "numberOfAnalysts": 0, "growth": {}}, "revenueEstimate": {"avg": 216210000, "low": 0, "high": 0, "numberOfAnalysts": 0, "yearAgoRevenue": {}, "growth": {}}, "epsTrend": {"current": 0.0, "7daysAgo": 0.0, "30daysAgo": 0.0, "60daysAgo": 0.0, "90daysAgo": 0.0}, "epsRevisions": {"upLast7days": 0, "upLast30days": 0, "downLast30days": 0, "downLast90days": {}}}, {"maxAge": 1, "period": "+1q", "endDate": "2017-12-31", "growth": {}, "earningsEstimate": {"avg": 0.0, "low": 0.0, "high": 0.0, "yearAgoEps": {}, "numberOfAnalysts": 0, "growth": {}}, "revenueEstimate": {"avg": 1041190000, "low": 0, "high": 0, "numberOfAnalysts": 0, "yearAgoRevenue": {}, "growth": {}}, "epsTrend": {"current": 0.0, "7daysAgo": 0.0, "30daysAgo": 0.0, "60daysAgo": 0.0, "90daysAgo": 0.0}, "epsRevisions": {"upLast7days": 0, "upLast30days": 0, "downLast30days": 0, "downLast90days": {}}}, {"maxAge": 1, "period": "0y", "endDate": "2018-03-31", "growth": {}, "earningsEstimate": {"avg": 0.0, "low": 0.0, "high": 0.0, "yearAgoEps": {}, "numberOfAnalysts": 0, "growth": {}}, "revenueEstimate": {"avg": 4294370000, "low": 4317530000, "high": 4317530000, "numberOfAnalysts": 1, "yearAgoRevenue": 3058930000, "growth": 0.404}, "epsTrend": {"current": 0.0, "7daysAgo": 76.95, "30daysAgo": 76.95, "60daysAgo": 76.95, "90daysAgo": 76.95}, "epsRevisions": {"upLast7days": 0, "upLast30days": 0, "downLast30days": 0, "downLast90days": {}}}, {"maxAge": 1, "period": "+1y", "endDate": "2019-03-31", "growth": {}, "earningsEstimate": {"avg": 0.0, "low": 0.0, "high": 0.0, "yearAgoEps": {}, "numberOfAnalysts": 0, "growth": {}}, "revenueEstimate": {"avg": 4094680000, "low": 4094680000, "high": 4094680000, "numberOfAnalysts": 1, "yearAgoRevenue": 4294370000, "growth": -0.047}, "epsTrend": {"current": 0.0, "7daysAgo": 124.12, "30daysAgo": 124.12, "60daysAgo": 124.12, "90daysAgo": 124.12}, "epsRevisions": {"upLast7days": 0, "upLast30days": 0, "downLast30days": 0, "downLast90days": {}}}, {"maxAge": 1, "period": "+5y", "endDate": null, "growth": {}, "earningsEstimate": {"avg": {}, "low": {}, "high": {}, "yearAgoEps": {}, "numberOfAnalysts": {}, "growth": {}}, "revenueEstimate": {"avg": {}, "low": {}, "high": {}, "numberOfAnalysts": {}, "yearAgoRevenue": {}, "growth": {}}, "epsTrend": {"current": {}, "7daysAgo": {}, "30daysAgo": {}, "60daysAgo": {}, "90daysAgo": {}}, "epsRevisions": {"upLast7days": {}, "upLast30days": {}, "downLast30days": {}, "downLast90days": {}}}, {"maxAge": 1, "period": "-5y", "endDate": null, "growth": {}, "earningsEstimate": {"avg": {}, "low": {}, "high": {}, "yearAgoEps": {}, "numberOfAnalysts": {}, "growth": {}}, "revenueEstimate": {"avg": {}, "low": {}, "high": {}, "numberOfAnalysts": {}, "yearAgoRevenue": {}, "growth": {}}, "epsTrend": {"current": {}, "7daysAgo": {}, "30daysAgo": {}, "60daysAgo": {}, "90daysAgo": {}}, "epsRevisions": {"upLast7days": {}, "upLast30days": {}, "downLast30days": {}, "downLast90days": {}}}], "maxAge": 1}, "financialData": {"maxAge": 86400, "currentPrice": 218.9, "targetHighPrice": 297.0, "targetLowPrice": 297.0, "targetMeanPrice": 297.0, "targetMedianPrice": 297.0, "recommendationKey": "none", "numberOfAnalystOpinions": 1, "grossProfits": 835774629, "financialCurrency": "INR"}}}