{"ALPINEHOU.BO": {"cashflowStatementHistory": {"cashflowStatements": [{"maxAge": 1, "endDate": "2020-03-31", "netIncome": 32949747, "depreciation": 7765756, "changeToNetincome": 4106983, "changeToAccountReceivables": -70817610, "changeToLiabilities": 56609406, "changeToInventory": 139048254, "changeToOperatingActivities": -25743647, "totalCashFromOperatingActivities": 144235521, "capitalExpenditures": -8658342, "otherCashflowsFromInvestingActivities": -1899671, "totalCashflowsFromInvestingActivities": -9122223, "netBorrowings": -150361299, "otherCashflowsFromFinancingActivities": -5000, "totalCashFromFinancingActivities": -150366299, "changeInCash": -15253000}, {"maxAge": 1, "endDate": "2019-03-31", "netIncome": 29595689, "depreciation": 7824754, "changeToNetincome": -5377334, "changeToAccountReceivables": 17400716, "changeToLiabilities": 64873055, "changeToInventory": -2501392, "changeToOperatingActivities": -13094839, "totalCashFromOperatingActivities": 99037281, "capitalExpenditures": -982, "otherCashflowsFromInvestingActivities": -864637, "totalCashflowsFromInvestingActivities": -278619, "netBorrowings": -85127499, "otherCashflowsFromFinancingActivities": -3284541, "totalCashFromFinancingActivities": -88412040, "changeInCash": 10346620}, {"maxAge": 1, "endDate": "2018-03-31", "netIncome": 31303325, "depreciation": 6979481, "changeToNetincome": -10232604, "changeToAccountReceivables": -1226397, "changeToLiabilities": -16839569, "changeToInventory": -112992763, "changeToOperatingActivities": -43973210, "totalCashFromOperatingActivities": -146665105, "capitalExpenditures": -4023502, "otherCashflowsFromInvestingActivities": 441894, "totalCashflowsFromInvestingActivities": 11485866, "netBorrowings": 150307627, "otherCashflowsFromFinancingActivities": -951313, "totalCashFromFinancingActivities": 149356314, "changeInCash": 14177075}, {"maxAge": 1, "endDate": "2017-03-31", "netIncome": 30327317, "depreciation": 8468059, "changeToNetincome": 5480140, "changeToAccountReceivables": -21357092, "changeToLiabilities": 3334080, "changeToInventory": -71713557, "changeToOperatingActivities": -90438774, "totalCashFromOperatingActivities": -135583195, "capitalExpenditures": -2280226, "otherCashflowsFromInvestingActivities": 184105, "totalCashflowsFromInvestingActivities": -2096121, "dividendsPaid": -9382836, "netBorrowings": 117612706, "otherCashflowsFromFinancingActivities": -1394937, "totalCashFromFinancingActivities": 106834933, "changeInCash": -30844383}], "maxAge": 86400}, "institutionOwnership": {"ownershipList": [], "maxAge": 1}, "balanceSheetHistoryQuarterly": {"balanceSheetStatements": [{"maxAge": 1, "endDate": "2020-06-30", "totalStockholderEquity": 686386485, "netTangibleAssets": 686386485}, {"maxAge": 1, "endDate": "2020-03-31", "cash": 23068446, "netReceivables": 631134559, "inventory": 1043548583, "totalCurrentAssets": 1697751588, "longTermInvestments": 391632, "propertyPlantEquipment": 119175318, "otherAssets": 30996659, "totalAssets": 1848315197, "accountsPayable": 60133175, "shortLongTermDebt": 230252230, "otherCurrentLiab": 642917409, "longTermDebt": 177786227, "otherLiab": 14476281, "totalCurrentLiabilities": 969666204, "totalLiab": 1161928712, "commonStock": 173218980, "retainedEarnings": 510667505, "treasuryStock": 2500000, "otherStockholderEquity": 2500000, "totalStockholderEquity": 686386485, "netTangibleAssets": 686386485}, {"maxAge": 1, "endDate": "2019-12-31", "totalStockholderEquity": 674451000, "netTangibleAssets": 674451000}, {"maxAge": 1, "endDate": "2019-09-30", "cash": 31552000, "netReceivables": 697530000, "inventory": 1073940000, "otherCurrentAssets": 79000, "totalCurrentAssets": 1803101000, "longTermInvestments": 392000, "propertyPlantEquipment": 118674000, "otherAssets": 30587000, "totalAssets": 1952754000, "accountsPayable": 52994000, "otherCurrentLiab": 678167000, "longTermDebt": 306498000, "otherLiab": 13731000, "totalCurrentLiabilities": 958074000, "totalLiab": 1278303000, "commonStock": 173219000, "treasuryStock": 501232000, "otherStockholderEquity": 501232000, "totalStockholderEquity": 674451000, "netTangibleAssets": 674451000}], "maxAge": 86400}, "indexTrend": {"maxAge": 1, "symbol": "SP5", "peRatio": 19.7411, "pegRatio": 1.34172, "estimates": [{"period": "0q", "growth": 0.549}, {"period": "+1q", "growth": 0.431}, {"period": "0y", "growth": 0.305}, {"period": "+1y", "growth": 0.109}, {"period": "+5y", "growth": 0.120859005}, {"period": "-5y"}]}, "quoteType": {"exchange": "BSE", "quoteType": "EQUITY", "symbol": "ALPINEHOU.BO", "underlyingSymbol": "ALPINEHOU.BO", "shortName": "ALPINE HOUSING DEVELOPMENT COR", "longName": "Alpine Housing Development Corporation Limited", "firstTradeDateEpochUtc": "2002-06-05 09:15:00", "timeZoneFullName": "Asia/Kolkata", "timeZoneShortName": "IST", "uuid": "2f19d025-69af-3116-8518-71837968cc29", "gmtOffSetMilliseconds": 19800000, "maxAge": 1}, "incomeStatementHistory": {"incomeStatementHistory": [{"maxAge": 1, "endDate": "2020-03-31", "totalRevenue": 405639616, "costOfRevenue": 300503325, "grossProfit": 105136291, "researchDevelopment": {}, "sellingGeneralAdministrative": 28347887, "nonRecurring": {}, "otherOperatingExpenses": 3037048, "totalOperatingExpenses": 339812332, "operatingIncome": 65827284, "totalOtherIncomeExpenseNet": -27106081, "ebit": 65827284, "interestExpense": -26447583, "incomeBeforeTax": 38721203, "incomeTaxExpense": 5771456, "minorityInterest": {}, "netIncomeFromContinuingOps": 32949747, "discontinuedOperations": {}, "extraordinaryItems": {}, "effectOfAccountingCharges": {}, "otherItems": {}, "netIncome": 32949747, "netIncomeApplicableToCommonShares": 32949747}, {"maxAge": 1, "endDate": "2019-03-31", "totalRevenue": 309630305, "costOfRevenue": 205847517, "grossProfit": 103782788, "researchDevelopment": {}, "sellingGeneralAdministrative": 21184386, "nonRecurring": {}, "otherOperatingExpenses": 13240077, "totalOperatingExpenses": 248255050, "operatingIncome": 61375255, "totalOtherIncomeExpenseNet": -23759073, "ebit": 61375255, "interestExpense": -23056424, "incomeBeforeTax": 37616182, "incomeTaxExpense": 8020493, "minorityInterest": {}, "netIncomeFromContinuingOps": 29595689, "discontinuedOperations": {}, "extraordinaryItems": {}, "effectOfAccountingCharges": {}, "otherItems": {}, "netIncome": 29595689, "netIncomeApplicableToCommonShares": 29595689}, {"maxAge": 1, "endDate": "2018-03-31", "totalRevenue": 302677286, "costOfRevenue": 212936647, "grossProfit": 89740639, "researchDevelopment": {}, "sellingGeneralAdministrative": 22941071, "nonRecurring": {}, "otherOperatingExpenses": 5268320, "totalOperatingExpenses": 248283835, "operatingIncome": 54393451, "totalOtherIncomeExpenseNet": -16881727, "ebit": 54393451, "interestExpense": -18019962, "incomeBeforeTax": 37511724, "incomeTaxExpense": 6208399, "minorityInterest": {}, "netIncomeFromContinuingOps": 31303325, "discontinuedOperations": {}, "extraordinaryItems": {}, "effectOfAccountingCharges": {}, "otherItems": {}, "netIncome": 31303325, "netIncomeApplicableToCommonShares": 31303325}, {"maxAge": 1, "endDate": "2017-03-31", "totalRevenue": 278234425, "costOfRevenue": 185592374, "grossProfit": 92642051, "researchDevelopment": {}, "sellingGeneralAdministrative": 26378108, "nonRecurring": {}, "otherOperatingExpenses": 9059264, "totalOperatingExpenses": 229656121, "operatingIncome": 48578304, "totalOtherIncomeExpenseNet": -11358305, "ebit": 48578304, "interestExpense": -9533658, "incomeBeforeTax": 37219999, "incomeTaxExpense": 6892682, "minorityInterest": {}, "netIncomeFromContinuingOps": 30327317, "discontinuedOperations": {}, "extraordinaryItems": {}, "effectOfAccountingCharges": {}, "otherItems": {}, "netIncome": 30327317, "netIncomeApplicableToCommonShares": 30327317}], "maxAge": 86400}, "fundOwnership": {"ownershipList": [], "maxAge": 1}, "summaryDetail": {"maxAge": 1, "priceHint": 2, "previousClose": 13.25, "open": 13.0, "dayLow": 12.8, "dayHigh": 14.29, "regularMarketPreviousClose": 13.25, "regularMarketOpen": 13.0, "regularMarketDayLow": 12.8, "regularMarketDayHigh": 14.29, "trailingPE": 8.456938, "volume": 217, "regularMarketVolume": 217, "averageVolume": 5178, "averageVolume10days": 1681, "averageDailyVolume10Day": 1681, "bid": 12.1, "ask": 14.29, "bidSize": 0, "askSize": 0, "marketCap": 244931664, "fiftyTwoWeekLow": 7.41, "fiftyTwoWeekHigh": 17.5, "fiftyDayAverage": 14.46394, "twoHundredDayAverage": 12.181691, "currency": "INR", "fromCurrency": null, "lastMarket": null, "algorithm": null, "tradeable": false}, "incomeStatementHistoryQuarterly": {"incomeStatementHistory": [{"maxAge": 1, "endDate": "2020-06-30", "totalRevenue": 67315000, "costOfRevenue": 48166000, "grossProfit": 19149000, "researchDevelopment": {}, "sellingGeneralAdministrative": 4447000, "nonRecurring": {}, "otherOperatingExpenses": 1098000, "totalOperatingExpenses": 55308000, "operatingIncome": 12007000, "totalOtherIncomeExpenseNet": -6318000, "ebit": 12007000, "interestExpense": -6317000, "incomeBeforeTax": 5689000, "incomeTaxExpense": 527000, "minorityInterest": {}, "netIncomeFromContinuingOps": 5162000, "discontinuedOperations": {}, "extraordinaryItems": {}, "effectOfAccountingCharges": {}, "otherItems": {}, "netIncome": 5162000, "netIncomeApplicableToCommonShares": 5162000}, {"maxAge": 1, "endDate": "2020-03-31", "totalRevenue": 51732616, "costOfRevenue": 29318325, "grossProfit": 22414291, "researchDevelopment": {}, "sellingGeneralAdministrative": 12399887, "nonRecurring": {}, "otherOperatingExpenses": -2335952, "totalOperatingExpenses": 41266332, "operatingIncome": 10466284, "totalOtherIncomeExpenseNet": -5760081, "ebit": 10466284, "interestExpense": -5659583, "incomeBeforeTax": 4706203, "incomeTaxExpense": -830544, "minorityInterest": {}, "netIncomeFromContinuingOps": 5536747, "discontinuedOperations": {}, "extraordinaryItems": {}, "effectOfAccountingCharges": {}, "otherItems": {}, "netIncome": 5536747, "netIncomeApplicableToCommonShares": 5536747}, {"maxAge": 1, "endDate": "2019-12-31", "totalRevenue": 109282000, "costOfRevenue": 84615000, "grossProfit": 24667000, "researchDevelopment": {}, "sellingGeneralAdministrative": 5565000, "nonRecurring": {}, "otherOperatingExpenses": 1486000, "totalOperatingExpenses": 93695000, "operatingIncome": 15587000, "totalOtherIncomeExpenseNet": -7402000, "ebit": 15587000, "interestExpense": -7024000, "incomeBeforeTax": 8185000, "incomeTaxExpense": 1787000, "minorityInterest": {}, "netIncomeFromContinuingOps": 6398000, "discontinuedOperations": {}, "extraordinaryItems": {}, "effectOfAccountingCharges": {}, "otherItems": {}, "netIncome": 6398000, "netIncomeApplicableToCommonShares": 6398000}, {"maxAge": 1, "endDate": "2019-09-30", "totalRevenue": 110389000, "costOfRevenue": 80019000, "grossProfit": 30370000, "researchDevelopment": {}, "sellingGeneralAdministrative": 5287000, "nonRecurring": {}, "otherOperatingExpenses": 1362000, "totalOperatingExpenses": 88675000, "operatingIncome": 21714000, "totalOtherIncomeExpenseNet": -7013000, "ebit": 21714000, "interestExpense": -6833000, "incomeBeforeTax": 14701000, "incomeTaxExpense": 2809000, "minorityInterest": {}, "netIncomeFromContinuingOps": 11892000, "discontinuedOperations": {}, "extraordinaryItems": {}, "effectOfAccountingCharges": {}, "otherItems": {}, "netIncome": 11892000, "netIncomeApplicableToCommonShares": 11892000}], "maxAge": 86400}, "cashflowStatementHistoryQuarterly": {"cashflowStatements": [{"maxAge": 1, "endDate": "2020-06-30", "netIncome": 5162000, "changeToLiabilities": 0}, {"maxAge": 1, "endDate": "2020-03-31", "netIncome": 5536747, "changeToLiabilities": 0}, {"maxAge": 1, "endDate": "2019-12-31", "netIncome": 6398000, "changeToLiabilities": 0}, {"maxAge": 1, "endDate": "2019-09-30", "netIncome": 11892000, "changeToLiabilities": 0}], "maxAge": 86400}, "insiderHolders": {"holders": [], "maxAge": 1}, "calendarEvents": {"maxAge": 1, "earnings": {"earningsDate": []}}, "upgradeDowngradeHistory": {"history": [], "maxAge": 86400}, "price": {"maxAge": 1, "regularMarketChangePercent": 0.06716984, "regularMarketChange": 0.89000034, "regularMarketTime": "2021-04-30 15:28:51", "priceHint": 2, "regularMarketPrice": 14.14, "regularMarketDayHigh": 14.29, "regularMarketDayLow": 12.8, "regularMarketVolume": 217, "averageDailyVolume10Day": 1681, "averageDailyVolume3Month": 5178, "regularMarketPreviousClose": 13.25, "regularMarketSource": "FREE_REALTIME", "regularMarketOpen": 13.0, "exchange": "BSE", "exchangeName": "BSE", "exchangeDataDelayedBy": 0, "marketState": "CLOSED", "quoteType": "EQUITY", "symbol": "ALPINEHOU.BO", "underlyingSymbol": null, "shortName": "ALPINE HOUSING DEVELOPMENT COR", "longName": "Alpine Housing Development Corporation Limited", "currency": "INR", "quoteSourceName": "Delayed Quote", "currencySymbol": "\u20b9", "fromCurrency": null, "lastMarket": null, "marketCap": 244931664}, "balanceSheetHistory": {"balanceSheetStatements": [{"maxAge": 1, "endDate": "2020-03-31", "cash": 23068446, "netReceivables": 631134559, "inventory": 1043548583, "totalCurrentAssets": 1697751588, "longTermInvestments": 391632, "propertyPlantEquipment": 119175318, "otherAssets": 30996659, "totalAssets": 1848315197, "accountsPayable": 60133175, "shortLongTermDebt": 230252230, "otherCurrentLiab": 642917409, "longTermDebt": 177786227, "otherLiab": 14476281, "totalCurrentLiabilities": 969666204, "totalLiab": 1161928712, "commonStock": 173218980, "retainedEarnings": 510667505, "treasuryStock": 2500000, "otherStockholderEquity": 2500000, "totalStockholderEquity": 686386485, "netTangibleAssets": 686386485}, {"maxAge": 1, "endDate": "2019-03-31", "cash": 38321446, "netReceivables": 535763701, "inventory": 1182596837, "otherCurrentAssets": 158315, "totalCurrentAssets": 1756840299, "longTermInvestments": 391632, "propertyPlantEquipment": 122140265, "otherAssets": 29959577, "totalAssets": 1909331773, "accountsPayable": 47284870, "shortLongTermDebt": 200199242, "otherCurrentLiab": 599556110, "longTermDebt": 362142185, "otherLiab": 14290910, "totalCurrentLiabilities": 879461940, "totalLiab": 1255895035, "commonStock": 173218980, "retainedEarnings": 477717758, "treasuryStock": 2500000, "otherStockholderEquity": 2500000, "totalStockholderEquity": 653436738, "netTangibleAssets": 653436738}, {"maxAge": 1, "endDate": "2018-03-31", "cash": 27974825, "netReceivables": 539960868, "inventory": 1180095445, "otherCurrentAssets": 316632, "totalCurrentAssets": 1748347770, "longTermInvestments": 391632, "propertyPlantEquipment": 125185662, "otherAssets": 26942061, "totalAssets": 1900867125, "accountsPayable": 57820260, "shortLongTermDebt": 291974550, "otherCurrentLiab": 524578714, "longTermDebt": 338684140, "otherLiab": 14736458, "totalCurrentLiabilities": 923605478, "totalLiab": 1277026076, "commonStock": 129930000, "retainedEarnings": 491411049, "treasuryStock": 2500000, "otherStockholderEquity": 2500000, "totalStockholderEquity": 623841049, "netTangibleAssets": 623841049}, {"maxAge": 1, "endDate": "2017-03-31", "cash": 13797748, "netReceivables": 489630738, "inventory": 1067102682, "otherCurrentAssets": 474948, "totalCurrentAssets": 1571006116, "longTermInvestments": 391632, "propertyPlantEquipment": 142228431, "otherAssets": 31279587, "totalAssets": 1744905766, "accountsPayable": 36206050, "shortLongTermDebt": 9718519, "otherCurrentLiab": 562230865, "longTermDebt": 404147626, "otherLiab": 16529076, "totalCurrentLiabilities": 723872306, "totalLiab": 1144549008, "commonStock": 129930000, "retainedEarnings": 467926758, "treasuryStock": 2500000, "otherStockholderEquity": 2500000, "totalStockholderEquity": 600356758, "netTangibleAssets": 600356758}], "maxAge": 86400}, "financialData": {"maxAge": 86400, "currentPrice": 14.14, "recommendationKey": "none", "grossProfits": 105136291, "financialCurrency": "INR"}}}