{"ALUFLUOR.BO": {"recommendationTrend": {"trend": [{"period": "0m", "strongBuy": 0, "buy": 0, "hold": 0, "sell": 0, "strongSell": 0}, {"period": "-1m", "strongBuy": 0, "buy": 0, "hold": 0, "sell": 0, "strongSell": 0}, {"period": "-2m", "strongBuy": 0, "buy": 0, "hold": 0, "sell": 0, "strongSell": 0}, {"period": "-3m", "strongBuy": 0, "buy": 0, "hold": 0, "sell": 0, "strongSell": 0}], "maxAge": 86400}, "cashflowStatementHistory": {"cashflowStatements": [{"maxAge": 1, "endDate": "2020-03-31", "netIncome": 103351044, "depreciation": 18888821, "changeToNetincome": 2303840, "changeToAccountReceivables": 26460217, "changeToLiabilities": 96458340, "changeToInventory": -12473710, "changeToOperatingActivities": -690081, "totalCashFromOperatingActivities": 234298471, "capitalExpenditures": -326986411, "investments": 109860257, "otherCashflowsFromInvestingActivities": 4655151, "totalCashflowsFromInvestingActivities": -212471003, "dividendsPaid": -18856746, "otherCashflowsFromFinancingActivities": -10675623, "totalCashFromFinancingActivities": 23731957, "changeInCash": 45559425, "issuanceOfStock": 53264326}, {"maxAge": 1, "endDate": "2019-03-31", "netIncome": 82614917, "depreciation": 8222049, "changeToNetincome": -13178429, "changeToAccountReceivables": -17286324, "changeToLiabilities": 6510023, "changeToInventory": 6927537, "changeToOperatingActivities": -310500, "totalCashFromOperatingActivities": 73499273, "capitalExpenditures": -138471634, "investments": 52985667, "otherCashflowsFromInvestingActivities": 5794053, "totalCashflowsFromInvestingActivities": -79674414, "dividendsPaid": -18856746, "otherCashflowsFromFinancingActivities": -79159, "totalCashFromFinancingActivities": -79159, "changeInCash": -6254300, "issuanceOfStock": 53264326}, {"maxAge": 1, "endDate": "2018-03-31", "netIncome": 64566661, "depreciation": 7215961, "changeToNetincome": -565124, "changeToAccountReceivables": -982106, "changeToLiabilities": 2336326, "changeToInventory": -4157457, "changeToOperatingActivities": 9330421, "totalCashFromOperatingActivities": 77744682, "capitalExpenditures": -47832252, "investments": -41916218, "otherCashflowsFromInvestingActivities": 6143706, "totalCashflowsFromInvestingActivities": -83604764, "dividendsPaid": -18856746, "otherCashflowsFromFinancingActivities": 17270026, "totalCashFromFinancingActivities": 17270026, "changeInCash": 11409944, "issuanceOfStock": 17754776}, {"maxAge": 1, "endDate": "2017-03-31", "netIncome": 34492799, "depreciation": 5542833, "changeToNetincome": -18500659, "changeToAccountReceivables": -3573326, "changeToLiabilities": 23684147, "changeToInventory": 6819897, "changeToOperatingActivities": -5944893, "totalCashFromOperatingActivities": 42520798, "capitalExpenditures": -8060801, "investments": -37999249, "otherCashflowsFromInvestingActivities": 3843273, "totalCashflowsFromInvestingActivities": -42216777, "dividendsPaid": -18856746, "otherCashflowsFromFinancingActivities": -421201, "totalCashFromFinancingActivities": -421201, "changeInCash": -117180, "issuanceOfStock": 17754776}], "maxAge": 86400}, "institutionOwnership": {"ownershipList": [], "maxAge": 1}, "balanceSheetHistoryQuarterly": {"balanceSheetStatements": [{"maxAge": 1, "endDate": "2020-06-30", "totalStockholderEquity": 523362000, "netTangibleAssets": 523362000}, {"maxAge": 1, "endDate": "2020-03-31", "cash": 59463394, "shortTermInvestments": 2124921, "netReceivables": 42748002, "inventory": 64590912, "otherCurrentAssets": 24168750, "totalCurrentAssets": 193700830, "longTermInvestments": 10444214, "propertyPlantEquipment": 563561671, "otherAssets": 32060188, "totalAssets": 799766903, "accountsPayable": 32670762, "shortLongTermDebt": 6124671, "otherCurrentLiab": 41056989, "longTermDebt": 26925343, "otherLiab": 32595318, "totalCurrentLiabilities": 148083891, "totalLiab": 276404991, "commonStock": 78204820, "retainedEarnings": 383693532, "treasuryStock": -1354722, "capitalSurplus": 62818282, "otherStockholderEquity": -1354722, "totalStockholderEquity": 523361912, "netTangibleAssets": 523361912}, {"maxAge": 1, "endDate": "2019-12-31", "totalStockholderEquity": 499805000, "netTangibleAssets": 418118000}, {"maxAge": 1, "endDate": "2019-09-30", "cash": 35115000, "netReceivables": 64865000, "inventory": 60362000, "otherCurrentAssets": 19944000, "totalCurrentAssets": 180286000, "longTermInvestments": 113043000, "propertyPlantEquipment": 282306000, "intangibleAssets": 81687000, "otherAssets": 21268000, "totalAssets": 678590000, "accountsPayable": 42438000, "otherCurrentLiab": 31206000, "otherLiab": 100193000, "totalCurrentLiabilities": 78592000, "totalLiab": 178785000, "commonStock": 78205000, "treasuryStock": 421600000, "otherStockholderEquity": 421600000, "totalStockholderEquity": 499805000, "netTangibleAssets": 418118000}], "maxAge": 86400}, "earningsHistory": {"history": [{"maxAge": 1, "epsActual": {}, "epsEstimate": {}, "epsDifference": {}, "surprisePercent": {}, "quarter": {}, "period": "-4q"}, {"maxAge": 1, "epsActual": {}, "epsEstimate": {}, "epsDifference": {}, "surprisePercent": {}, "quarter": {}, "period": "-3q"}, {"maxAge": 1, "epsActual": {}, "epsEstimate": {}, "epsDifference": {}, "surprisePercent": {}, "quarter": {}, "period": "-2q"}, {"maxAge": 1, "epsActual": {}, "epsEstimate": {}, "epsDifference": {}, "surprisePercent": {}, "quarter": {}, "period": "-1q"}], "maxAge": 86400}, "indexTrend": {"maxAge": 1, "symbol": "SP5", "peRatio": 19.7411, "pegRatio": 1.34172, "estimates": [{"period": "0q", "growth": 0.549}, {"period": "+1q", "growth": 0.431}, {"period": "0y", "growth": 0.305}, {"period": "+1y", "growth": 0.109}, {"period": "+5y", "growth": 0.120859005}, {"period": "-5y"}]}, "industryTrend": {"maxAge": 1, "symbol": null, "estimates": []}, "insiderTransactions": {"transactions": [{"maxAge": 1, "shares": 95224, "filerUrl": "", "transactionText": "", "filerName": "Akkineni (Aditya)", "filerRelation": "Promoter", "moneyText": "", "startDate": "2019-05-27", "ownership": "D"}, {"maxAge": 1, "shares": 94858, "filerUrl": "", "transactionText": "", "filerName": "Akkineni (Annapurna)", "filerRelation": "Promoter", "moneyText": "", "startDate": "2019-05-27", "ownership": "D"}, {"maxAge": 1, "shares": 230000, "filerUrl": "", "transactionText": "", "filerName": "Akkineni (Venkat)", "filerRelation": "Managing Director", "moneyText": "", "startDate": "2019-05-27", "ownership": "D"}, {"maxAge": 1, "shares": 300000, "filerUrl": "", "transactionText": "", "filerName": "Sunitha (V)", "filerRelation": "Promoter", "moneyText": "", "startDate": "2019-05-27", "ownership": "D"}, {"maxAge": 1, "shares": 100000, "filerUrl": "", "transactionText": "", "filerName": "Vemulapalli (Rohit)", "filerRelation": "Promoter", "moneyText": "", "startDate": "2019-05-27", "ownership": "D"}, {"maxAge": 1, "shares": 2671, "filerUrl": "", "transactionText": "", "filerName": "Trigeo Technologies Pvt Ltd", "filerRelation": "Institution- Corporation", "moneyText": "", "startDate": "2019-03-29", "ownership": "D"}, {"maxAge": 1, "shares": 4000, "filerUrl": "", "transactionText": "", "filerName": "Trigeo Technologies Pvt Ltd", "filerRelation": "Institution- Corporation", "moneyText": "", "startDate": "2019-03-28", "ownership": "D"}, {"maxAge": 1, "shares": 15666, "filerUrl": "", "transactionText": "", "filerName": "Trigeo Technologies Pvt Ltd", "filerRelation": "Institution- Corporation", "moneyText": "", "startDate": "2019-03-27", "ownership": "D"}, {"maxAge": 1, "shares": 3752, "filerUrl": "", "transactionText": "", "filerName": "Trigeo Technologies Pvt Ltd", "filerRelation": "Institution- Corporation", "moneyText": "", "startDate": "2019-03-26", "ownership": "D"}, {"maxAge": 1, "shares": 176000, "filerUrl": "", "transactionText": "", "filerName": "Akkineni (Venkat)", "filerRelation": "Managing Director", "moneyText": "", "startDate": "2010-02-22", "ownership": "D"}, {"maxAge": 1, "shares": 75000, "filerUrl": "", "transactionText": "", "filerName": "Kaiser Finance & Leasing Pvt Ltd", "filerRelation": "Institution- Corporation", "moneyText": "", "startDate": "2010-02-22", "ownership": "D"}, {"maxAge": 1, "shares": 101000, "filerUrl": "", "transactionText": "", "filerName": "Veeramachaneni (Sarojini)", "filerRelation": "UNREPORTED", "moneyText": "", "startDate": "2010-02-22", "ownership": "D"}], "maxAge": 1}, "quoteType": {"exchange": "BSE", "quoteType": "EQUITY", "symbol": "ALUFLUOR.BO", "underlyingSymbol": "ALUFLUOR.BO", "shortName": "ALUFLUORIDE LTD.", "longName": "Alufluoride Limited", "firstTradeDateEpochUtc": "2000-01-03 09:15:00", "timeZoneFullName": "Asia/Kolkata", "timeZoneShortName": "IST", "uuid": "ed0ef58f-47b0-3df6-bf3c-416978ae452c", "gmtOffSetMilliseconds": 19800000, "maxAge": 1}, "incomeStatementHistory": {"incomeStatementHistory": [{"maxAge": 1, "endDate": "2020-03-31", "totalRevenue": 757275783, "costOfRevenue": 490990521, "grossProfit": 266285262, "researchDevelopment": {}, "sellingGeneralAdministrative": 55807037, "nonRecurring": {}, "otherOperatingExpenses": 49625597, "totalOperatingExpenses": 615311976, "operatingIncome": 141963807, "totalOtherIncomeExpenseNet": 4010608, "ebit": 141963807, "interestExpense": -7387231, "incomeBeforeTax": 145974415, "incomeTaxExpense": 42623371, "minorityInterest": {}, "netIncomeFromContinuingOps": 103351044, "discontinuedOperations": {}, "extraordinaryItems": {}, "effectOfAccountingCharges": {}, "otherItems": {}, "netIncome": 103351044, "netIncomeApplicableToCommonShares": 103351044}, {"maxAge": 1, "endDate": "2019-03-31", "totalRevenue": 655101000, "costOfRevenue": 470867273, "grossProfit": 184233727, "researchDevelopment": {}, "sellingGeneralAdministrative": 49523387, "nonRecurring": {}, "otherOperatingExpenses": 37290475, "totalOperatingExpenses": 565903184, "operatingIncome": 89197816, "totalOtherIncomeExpenseNet": 19950897, "ebit": 89197816, "interestExpense": -7387231, "incomeBeforeTax": 109148713, "incomeTaxExpense": 26533796, "minorityInterest": {}, "netIncomeFromContinuingOps": 82614917, "discontinuedOperations": {}, "extraordinaryItems": {}, "effectOfAccountingCharges": {}, "otherItems": {}, "netIncome": 82614917, "netIncomeApplicableToCommonShares": 82614917}, {"maxAge": 1, "endDate": "2018-03-31", "totalRevenue": 496689432, "costOfRevenue": 315383345, "grossProfit": 181306087, "researchDevelopment": {}, "sellingGeneralAdministrative": 41905953, "nonRecurring": {}, "otherOperatingExpenses": 49177942, "totalOperatingExpenses": 413683201, "operatingIncome": 83006231, "totalOtherIncomeExpenseNet": 7701720, "ebit": 83006231, "interestExpense": -7387231, "incomeBeforeTax": 90707951, "incomeTaxExpense": 26141290, "minorityInterest": {}, "netIncomeFromContinuingOps": 64566661, "discontinuedOperations": {}, "extraordinaryItems": {}, "effectOfAccountingCharges": {}, "otherItems": {}, "netIncome": 64566661, "netIncomeApplicableToCommonShares": 64566661}, {"maxAge": 1, "endDate": "2017-03-31", "totalRevenue": 362783093, "costOfRevenue": 219905052, "grossProfit": 142878041, "researchDevelopment": {}, "sellingGeneralAdministrative": 40552951, "nonRecurring": {}, "otherOperatingExpenses": 75394645, "totalOperatingExpenses": 341395481, "operatingIncome": 21387612, "totalOtherIncomeExpenseNet": 24228882, "ebit": 21387612, "interestExpense": -7387231, "incomeBeforeTax": 45616494, "incomeTaxExpense": 11123695, "minorityInterest": {}, "netIncomeFromContinuingOps": 34492799, "discontinuedOperations": {}, "extraordinaryItems": {}, "effectOfAccountingCharges": {}, "otherItems": {}, "netIncome": 34492799, "netIncomeApplicableToCommonShares": 34492799}], "maxAge": 86400}, "fundOwnership": {"ownershipList": [], "maxAge": 1}, "summaryDetail": {"maxAge": 1, "priceHint": 2, "previousClose": 251.35, "open": 249.55, "dayLow": 239.2, "dayHigh": 254.25, "regularMarketPreviousClose": 251.35, "regularMarketOpen": 249.55, "regularMarketDayLow": 239.2, "regularMarketDayHigh": 254.25, "trailingPE": 21.725636, "volume": 15812, "regularMarketVolume": 15812, "averageVolume": 43522, "averageVolume10days": 25976, "averageDailyVolume10Day": 25976, "bid": 246.0, "ask": 249.7, "bidSize": 0, "askSize": 0, "marketCap": 1715097984, "fiftyTwoWeekLow": 65.0, "fiftyTwoWeekHigh": 445.0, "fiftyDayAverage": 290.6106, "twoHundredDayAverage": 220.42868, "currency": "INR", "fromCurrency": null, "lastMarket": null, "algorithm": null, "tradeable": false}, "sectorTrend": {"maxAge": 1, "symbol": null, "estimates": []}, "incomeStatementHistoryQuarterly": {"incomeStatementHistory": [{"maxAge": 1, "endDate": "2020-06-30", "totalRevenue": 169236000, "costOfRevenue": 114436000, "grossProfit": 54800000, "researchDevelopment": {}, "sellingGeneralAdministrative": 13059000, "nonRecurring": {}, "otherOperatingExpenses": 10107000, "totalOperatingExpenses": 142407000, "operatingIncome": 26829000, "totalOtherIncomeExpenseNet": -1225000, "ebit": 26829000, "interestExpense": -2294000, "incomeBeforeTax": 25604000, "incomeTaxExpense": 7736000, "minorityInterest": {}, "netIncomeFromContinuingOps": 17868000, "discontinuedOperations": {}, "extraordinaryItems": {}, "effectOfAccountingCharges": {}, "otherItems": {}, "netIncome": 17868000, "netIncomeApplicableToCommonShares": 17868000}, {"maxAge": 1, "endDate": "2020-03-31", "totalRevenue": 168221783, "costOfRevenue": 95847521, "grossProfit": 72374262, "researchDevelopment": {}, "sellingGeneralAdministrative": 17540037, "nonRecurring": {}, "otherOperatingExpenses": 19661597, "totalOperatingExpenses": 139292976, "operatingIncome": 28928807, "totalOtherIncomeExpenseNet": 1814608, "ebit": 28928807, "interestExpense": -1828231, "incomeBeforeTax": 30743415, "incomeTaxExpense": 7824371, "minorityInterest": {}, "netIncomeFromContinuingOps": 22919044, "discontinuedOperations": {}, "extraordinaryItems": {}, "effectOfAccountingCharges": {}, "otherItems": {}, "netIncome": 22919044, "netIncomeApplicableToCommonShares": 22919044}, {"maxAge": 1, "endDate": "2019-12-31", "totalRevenue": 225081000, "costOfRevenue": 154134000, "grossProfit": 70947000, "researchDevelopment": {}, "sellingGeneralAdministrative": 11946000, "nonRecurring": {}, "otherOperatingExpenses": 12708000, "totalOperatingExpenses": 182983000, "operatingIncome": 42098000, "totalOtherIncomeExpenseNet": 1237000, "ebit": 42098000, "interestExpense": -1866000, "incomeBeforeTax": 43335000, "incomeTaxExpense": 13713000, "minorityInterest": {}, "netIncomeFromContinuingOps": 29622000, "discontinuedOperations": {}, "extraordinaryItems": {}, "effectOfAccountingCharges": {}, "otherItems": {}, "netIncome": 29622000, "netIncomeApplicableToCommonShares": 29622000}, {"maxAge": 1, "endDate": "2019-09-30", "totalRevenue": 188842000, "costOfRevenue": 128644000, "grossProfit": 60198000, "researchDevelopment": {}, "sellingGeneralAdministrative": 12157000, "nonRecurring": {}, "otherOperatingExpenses": 9307000, "totalOperatingExpenses": 154301000, "operatingIncome": 34541000, "totalOtherIncomeExpenseNet": 532000, "ebit": 34541000, "interestExpense": -1865000, "incomeBeforeTax": 35073000, "incomeTaxExpense": 18482000, "minorityInterest": {}, "netIncomeFromContinuingOps": 16591000, "discontinuedOperations": {}, "extraordinaryItems": {}, "effectOfAccountingCharges": {}, "otherItems": {}, "netIncome": 16591000, "netIncomeApplicableToCommonShares": 16591000}], "maxAge": 86400}, "cashflowStatementHistoryQuarterly": {"cashflowStatements": [{"maxAge": 1, "endDate": "2020-06-30", "netIncome": 17868000, "changeToLiabilities": 0}, {"maxAge": 1, "endDate": "2020-03-31", "netIncome": 22919044, "changeToLiabilities": 0}, {"maxAge": 1, "endDate": "2019-12-31", "netIncome": 29622000, "changeToLiabilities": 0}, {"maxAge": 1, "endDate": "2019-09-30", "netIncome": 16591000, "changeToLiabilities": 0}], "maxAge": 86400}, "insiderHolders": {"holders": [{"maxAge": 1, "name": "Akkineni (Aditya)", "relation": "Promoter", "url": "", "transactionDescription": "Acquisition", "latestTransDate": "2019-05-27", "positionDirect": 437228, "positionDirectDate": "2019-05-27"}, {"maxAge": 1, "name": "Akkineni (Annapurna)", "relation": "Promoter", "url": "", "transactionDescription": "Acquisition", "latestTransDate": "2019-05-27", "positionDirect": 265817, "positionDirectDate": "2019-05-27"}, {"maxAge": 1, "name": "Akkineni (Venkat)", "relation": "Managing Director", "url": "", "transactionDescription": "Acquisition", "latestTransDate": "2019-05-27", "positionDirect": 230000, "positionDirectDate": "2019-05-27"}, {"maxAge": 1, "name": "Kaiser Finance & Leasing Pvt Ltd", "relation": "Institution- Corporation", "url": "", "transactionDescription": "Acquisition", "latestTransDate": "2010-02-22", "positionDirect": 786975, "positionDirectDate": "2010-02-22"}, {"maxAge": 1, "name": "Sunitha (V)", "relation": "Promoter", "url": "", "transactionDescription": "Acquisition", "latestTransDate": "2019-05-27", "positionDirect": 1732383, "positionDirectDate": "2019-05-27"}, {"maxAge": 1, "name": "Trigeo Technologies Pvt Ltd", "relation": "Institution- Corporation", "url": "", "transactionDescription": "Acquisition", "latestTransDate": "2019-03-29", "positionDirect": 26089, "positionDirectDate": "2019-03-29"}, {"maxAge": 1, "name": "Veeramachaneni (Sarojini)", "relation": "UNREPORTED", "url": "", "transactionDescription": "Acquisition", "latestTransDate": "2010-02-22", "positionDirect": 808210, "positionDirectDate": "2010-02-22"}, {"maxAge": 1, "name": "Vemulapalli (Rohit)", "relation": "Promoter", "url": "", "transactionDescription": "Acquisition", "latestTransDate": "2019-05-27", "positionDirect": 156682, "positionDirectDate": "2019-05-27"}], "maxAge": 1}, "earnings": {"maxAge": 86400, "earningsChart": {"quarterly": [], "earningsDate": []}, "financialsChart": {"yearly": [{"date": 2017, "revenue": 362783093, "earnings": 34492799}, {"date": 2018, "revenue": 496689432, "earnings": 64566661}, {"date": 2019, "revenue": 655101000, "earnings": 82614917}, {"date": 2020, "revenue": 757275783, "earnings": 103351044}], "quarterly": [{"date": "3Q2019", "revenue": 188842000, "earnings": 16591000}, {"date": "4Q2019", "revenue": 225081000, "earnings": 29622000}, {"date": "1Q2020", "revenue": 168221783, "earnings": 22919044}, {"date": "2Q2020", "revenue": 169236000, "earnings": 17868000}]}, "financialCurrency": "INR"}, "calendarEvents": {"maxAge": 1, "earnings": {"earningsDate": []}}, "upgradeDowngradeHistory": {"history": [], "maxAge": 86400}, "price": {"maxAge": 1, "regularMarketChangePercent": -0.0252636, "regularMarketChange": -6.350006, "regularMarketTime": "2021-04-30 15:28:37", "priceHint": 2, "regularMarketPrice": 245.0, "regularMarketDayHigh": 254.25, "regularMarketDayLow": 239.2, "regularMarketVolume": 15812, "averageDailyVolume10Day": 25976, "averageDailyVolume3Month": 43522, "regularMarketPreviousClose": 251.35, "regularMarketSource": "FREE_REALTIME", "regularMarketOpen": 249.55, "exchange": "BSE", "exchangeName": "BSE", "exchangeDataDelayedBy": 0, "marketState": "CLOSED", "quoteType": "EQUITY", "symbol": "ALUFLUOR.BO", "underlyingSymbol": null, "shortName": "ALUFLUORIDE LTD.", "longName": "Alufluoride Limited", "currency": "INR", "quoteSourceName": "Delayed Quote", "currencySymbol": "\u20b9", "fromCurrency": null, "lastMarket": null, "marketCap": 1715097984}, "balanceSheetHistory": {"balanceSheetStatements": [{"maxAge": 1, "endDate": "2020-03-31", "cash": 59463394, "shortTermInvestments": 2124921, "netReceivables": 42748002, "inventory": 64590912, "otherCurrentAssets": 24168750, "totalCurrentAssets": 193700830, "longTermInvestments": 10444214, "propertyPlantEquipment": 563561671, "otherAssets": 32060188, "totalAssets": 799766903, "accountsPayable": 32670762, "shortLongTermDebt": 6124671, "otherCurrentLiab": 41056989, "longTermDebt": 26925343, "otherLiab": 32595318, "totalCurrentLiabilities": 148083891, "totalLiab": 276404991, "commonStock": 78204820, "retainedEarnings": 383693532, "treasuryStock": -1354722, "capitalSurplus": 62818282, "otherStockholderEquity": -1354722, "totalStockholderEquity": 523361912, "netTangibleAssets": 523361912}, {"maxAge": 1, "endDate": "2019-03-31", "cash": 13903970, "shortTermInvestments": 16068852, "netReceivables": 68650796, "inventory": 54465709, "otherCurrentAssets": 207257, "totalCurrentAssets": 153652254, "longTermInvestments": 125283160, "propertyPlantEquipment": 172278062, "otherAssets": 36956366, "totalAssets": 488169842, "accountsPayable": 36062277, "otherCurrentLiab": 12595595, "otherLiab": 18536678, "totalCurrentLiabilities": 70037471, "totalLiab": 88574149, "commonStock": 70004000, "retainedEarnings": 305379259, "treasuryStock": 24212434, "otherStockholderEquity": 24212434, "totalStockholderEquity": 399595693, "netTangibleAssets": 399595693}, {"maxAge": 1, "endDate": "2018-03-31", "cash": 20158269, "shortTermInvestments": 19903636, "netReceivables": 46985872, "inventory": 57633953, "otherCurrentAssets": 3123900, "totalCurrentAssets": 148044287, "longTermInvestments": 174520677, "propertyPlantEquipment": 71934947, "otherAssets": 6733064, "totalAssets": 401232975, "accountsPayable": 34163377, "otherCurrentLiab": 210407, "otherLiab": 12918379, "totalCurrentLiabilities": 61382325, "totalLiab": 74300704, "commonStock": 70004000, "retainedEarnings": 222764341, "treasuryStock": 34163930, "otherStockholderEquity": 34163930, "totalStockholderEquity": 326932271, "netTangibleAssets": 326932271}, {"maxAge": 1, "endDate": "2017-03-31", "cash": 8748326, "shortTermInvestments": 18699136, "netReceivables": 44290972, "inventory": 57659066, "otherCurrentAssets": 9619222, "totalCurrentAssets": 139334319, "longTermInvestments": 125346636, "propertyPlantEquipment": 31318656, "otherAssets": 10919634, "deferredLongTermAssetCharges": 4433787, "totalAssets": 306919245, "accountsPayable": 34086724, "otherCurrentLiab": 176879, "otherLiab": 11090088, "totalCurrentLiabilities": 58885076, "totalLiab": 69975164, "commonStock": 70004000, "retainedEarnings": 158197680, "treasuryStock": 8742401, "otherStockholderEquity": 8742401, "totalStockholderEquity": 236944081, "netTangibleAssets": 236944081}], "maxAge": 86400}, "earningsTrend": {"trend": [{"maxAge": 1, "period": "0q", "endDate": null, "growth": {}, "earningsEstimate": {"avg": 0.0, "low": 0.0, "high": 0.0, "yearAgoEps": {}, "numberOfAnalysts": 0, "growth": {}}, "revenueEstimate": {"avg": 0, "low": 0, "high": 0, "numberOfAnalysts": 0, "yearAgoRevenue": {}, "growth": {}}, "epsTrend": {"current": 0.0, "7daysAgo": 0.0, "30daysAgo": 0.0, "60daysAgo": 0.0, "90daysAgo": 0.0}, "epsRevisions": {"upLast7days": 0, "upLast30days": 0, "downLast30days": 0, "downLast90days": {}}}, {"maxAge": 1, "period": "+1q", "endDate": null, "growth": {}, "earningsEstimate": {"avg": 0.0, "low": 0.0, "high": 0.0, "yearAgoEps": {}, "numberOfAnalysts": 0, "growth": {}}, "revenueEstimate": {"avg": 0, "low": 0, "high": 0, "numberOfAnalysts": 0, "yearAgoRevenue": {}, "growth": {}}, "epsTrend": {"current": 0.0, "7daysAgo": 0.0, "30daysAgo": 0.0, "60daysAgo": 0.0, "90daysAgo": 0.0}, "epsRevisions": {"upLast7days": 0, "upLast30days": 0, "downLast30days": 0, "downLast90days": {}}}, {"maxAge": 1, "period": "0y", "endDate": null, "growth": {}, "earningsEstimate": {"avg": 0.0, "low": 0.0, "high": 0.0, "yearAgoEps": {}, "numberOfAnalysts": 0, "growth": {}}, "revenueEstimate": {"avg": 0, "low": 0, "high": 0, "numberOfAnalysts": 0, "yearAgoRevenue": {}, "growth": {}}, "epsTrend": {"current": 0.0, "7daysAgo": 0.0, "30daysAgo": 0.0, "60daysAgo": 0.0, "90daysAgo": 0.0}, "epsRevisions": {"upLast7days": 0, "upLast30days": 0, "downLast30days": 0, "downLast90days": {}}}, {"maxAge": 1, "period": "+1y", "endDate": null, "growth": {}, "earningsEstimate": {"avg": 0.0, "low": 0.0, "high": 0.0, "yearAgoEps": {}, "numberOfAnalysts": 0, "growth": {}}, "revenueEstimate": {"avg": 0, "low": 0, "high": 0, "numberOfAnalysts": 0, "yearAgoRevenue": {}, "growth": {}}, "epsTrend": {"current": 0.0, "7daysAgo": 0.0, "30daysAgo": 0.0, "60daysAgo": 0.0, "90daysAgo": 0.0}, "epsRevisions": {"upLast7days": 0, "upLast30days": 0, "downLast30days": 0, "downLast90days": {}}}, {"maxAge": 1, "period": "+5y", "endDate": null, "growth": {}, "earningsEstimate": {"avg": {}, "low": {}, "high": {}, "yearAgoEps": {}, "numberOfAnalysts": {}, "growth": {}}, "revenueEstimate": {"avg": {}, "low": {}, "high": {}, "numberOfAnalysts": {}, "yearAgoRevenue": {}, "growth": {}}, "epsTrend": {"current": {}, "7daysAgo": {}, "30daysAgo": {}, "60daysAgo": {}, "90daysAgo": {}}, "epsRevisions": {"upLast7days": {}, "upLast30days": {}, "downLast30days": {}, "downLast90days": {}}}, {"maxAge": 1, "period": "-5y", "endDate": null, "growth": {}, "earningsEstimate": {"avg": {}, "low": {}, "high": {}, "yearAgoEps": {}, "numberOfAnalysts": {}, "growth": {}}, "revenueEstimate": {"avg": {}, "low": {}, "high": {}, "numberOfAnalysts": {}, "yearAgoRevenue": {}, "growth": {}}, "epsTrend": {"current": {}, "7daysAgo": {}, "30daysAgo": {}, "60daysAgo": {}, "90daysAgo": {}}, "epsRevisions": {"upLast7days": {}, "upLast30days": {}, "downLast30days": {}, "downLast90days": {}}}], "maxAge": 1}, "financialData": {"maxAge": 86400, "currentPrice": 245.0, "recommendationKey": "none", "grossProfits": 266285262, "financialCurrency": "INR"}}}