{"AMAL.BO": {"cashflowStatementHistory": {"cashflowStatements": [{"maxAge": 1, "endDate": "2020-03-31", "netIncome": 91917000, "depreciation": 8531000, "changeToNetincome": -2425000, "changeToAccountReceivables": 43741000, "changeToLiabilities": 4704000, "changeToInventory": 982000, "changeToOperatingActivities": -2452000, "totalCashFromOperatingActivities": 144998000, "capitalExpenditures": -11236000, "investments": -53695000, "otherCashflowsFromInvestingActivities": 11093000, "totalCashflowsFromInvestingActivities": -46540000, "netBorrowings": -94347000, "totalCashFromFinancingActivities": -94347000, "changeInCash": 4111000}, {"maxAge": 1, "endDate": "2019-03-31", "netIncome": 77505000, "depreciation": 5373000, "changeToNetincome": 33591000, "changeToAccountReceivables": -31169000, "changeToLiabilities": -343000, "changeToInventory": 74000, "changeToOperatingActivities": 2900000, "totalCashFromOperatingActivities": 87931000, "capitalExpenditures": -31081000, "investments": -52751000, "otherCashflowsFromInvestingActivities": 5188000, "totalCashflowsFromInvestingActivities": -78560000, "netBorrowings": -40000000, "totalCashFromFinancingActivities": -40000000, "changeInCash": -30629000}, {"maxAge": 1, "endDate": "2018-03-31", "netIncome": 97041000, "depreciation": 3821000, "changeToNetincome": 21422000, "changeToAccountReceivables": -41004000, "changeToLiabilities": -278000, "changeToInventory": 732000, "changeToOperatingActivities": 985000, "totalCashFromOperatingActivities": 82719000, "capitalExpenditures": -9428000, "investments": -20654000, "otherCashflowsFromInvestingActivities": 1603000, "totalCashflowsFromInvestingActivities": -28479000, "netBorrowings": -40000000, "totalCashFromFinancingActivities": -40000000, "changeInCash": 14240000}, {"maxAge": 1, "endDate": "2017-03-31", "netIncome": 88866000, "depreciation": 3729000, "changeToNetincome": 27079000, "changeToAccountReceivables": -38335000, "changeToLiabilities": -8919000, "changeToInventory": 1047000, "changeToOperatingActivities": -910000, "totalCashFromOperatingActivities": 72557000, "capitalExpenditures": -5019000, "investments": -18938000, "otherCashflowsFromInvestingActivities": -163000, "totalCashflowsFromInvestingActivities": -23643000, "netBorrowings": -32500000, "totalCashFromFinancingActivities": -32500000, "changeInCash": 16414000}], "maxAge": 86400}, "institutionOwnership": {"maxAge": 1, "ownershipList": []}, "balanceSheetHistoryQuarterly": {"balanceSheetStatements": [{"maxAge": 1, "endDate": "2020-09-30", "cash": 2773000, "shortTermInvestments": 192322000, "netReceivables": 61111000, "inventory": 10632000, "otherCurrentAssets": 6518000, "totalCurrentAssets": 273356000, "longTermInvestments": 210000, "propertyPlantEquipment": 94358000, "otherAssets": 8062000, "totalAssets": 375986000, "accountsPayable": 28140000, "shortLongTermDebt": 16513000, "otherCurrentLiab": 203000, "longTermDebt": 35781000, "otherLiab": 13857000, "totalCurrentLiabilities": 47622000, "totalLiab": 97260000, "commonStock": 94250000, "treasuryStock": 184476000, "otherStockholderEquity": 184476000, "totalStockholderEquity": 278726000, "netTangibleAssets": 278726000}, {"maxAge": 1, "endDate": "2020-06-30"}, {"maxAge": 1, "endDate": "2020-03-31", "cash": 5212000, "shortTermInvestments": 148118000, "netReceivables": 72832000, "inventory": 9342000, "otherCurrentAssets": 1929000, "totalCurrentAssets": 238981000, "longTermInvestments": 210000, "propertyPlantEquipment": 95465000, "otherAssets": 9303000, "totalAssets": 343959000, "accountsPayable": 23880000, "shortLongTermDebt": 12802000, "otherCurrentLiab": 1475000, "longTermDebt": 32092000, "otherLiab": 14343000, "totalCurrentLiabilities": 42159000, "totalLiab": 88681000, "commonStock": 94250000, "retainedEarnings": -91317000, "treasuryStock": 164657000, "capitalSurplus": 87688000, "otherStockholderEquity": 164657000, "totalStockholderEquity": 255278000, "netTangibleAssets": 255278000}, {"maxAge": 1, "endDate": "2019-12-31", "totalStockholderEquity": 216850000, "netTangibleAssets": 216850000}], "maxAge": 86400}, "indexTrend": {"maxAge": 1, "symbol": "SP5", "peRatio": 19.7411, "pegRatio": 1.34172, "estimates": [{"period": "0q", "growth": 0.549}, {"period": "+1q", "growth": 0.431}, {"period": "0y", "growth": 0.305}, {"period": "+1y", "growth": 0.109}, {"period": "+5y", "growth": 0.120859005}, {"period": "-5y"}]}, "insiderTransactions": {"transactions": [{"maxAge": 1, "shares": 2500, "value": 6295, "filerUrl": "", "transactionText": "Acquisition at price 2.52 per share.", "filerName": "Adhinami Investments Pvt Ltd", "filerRelation": "Promoter", "moneyText": "", "startDate": "2020-09-30", "ownership": "D"}, {"maxAge": 1, "shares": 1000, "value": 2507, "filerUrl": "", "transactionText": "Acquisition at price 2.51 per share.", "filerName": "Anusandhan Investments, Ltd.", "filerRelation": "Promoter", "moneyText": "", "startDate": "2020-09-29", "ownership": "D"}, {"maxAge": 1, "shares": 1000, "value": 2506, "filerUrl": "", "transactionText": "Acquisition at price 2.51 per share.", "filerName": "Adhinami Investments Pvt Ltd", "filerRelation": "Promoter", "moneyText": "", "startDate": "2020-09-28", "ownership": "D"}, {"maxAge": 1, "shares": 5000, "value": 12301, "filerUrl": "", "transactionText": "Acquisition at price 2.46 per share.", "filerName": "Akshita Holdings Pvt Ltd", "filerRelation": "Promoter", "moneyText": "", "startDate": "2020-09-21", "ownership": "D"}, {"maxAge": 1, "shares": 162750, "filerUrl": "", "transactionText": "", "filerName": "Aayojan Resources Pvt Ltd", "filerRelation": "Promoter", "moneyText": "", "startDate": "2020-03-16", "ownership": "D"}, {"maxAge": 1, "shares": 20188, "filerUrl": "", "transactionText": "", "filerName": "Aayojan Resources Pvt Ltd", "filerRelation": "Promoter", "moneyText": "", "startDate": "2019-11-05", "ownership": "D"}], "maxAge": 1}, "quoteType": {"exchange": "BSE", "quoteType": "EQUITY", "symbol": "AMAL.BO", "underlyingSymbol": "AMAL.BO", "shortName": "AMAL LTD.", "longName": "Amal Ltd", "firstTradeDateEpochUtc": "2002-01-03 09:15:00", "timeZoneFullName": "Asia/Kolkata", "timeZoneShortName": "IST", "uuid": "95be4d38-b62b-33ea-a50a-6a21584e856c", "messageBoardId": null, "gmtOffSetMilliseconds": 19800000, "maxAge": 1}, "incomeStatementHistory": {"incomeStatementHistory": [{"maxAge": 1, "endDate": "2020-03-31", "totalRevenue": 325999000, "costOfRevenue": 137734000, "grossProfit": 188265000, "researchDevelopment": {}, "sellingGeneralAdministrative": 13092000, "nonRecurring": {}, "otherOperatingExpenses": 35574000, "totalOperatingExpenses": 194931000, "operatingIncome": 131068000, "totalOtherIncomeExpenseNet": -4149000, "ebit": 131068000, "interestExpense": -20995000, "incomeBeforeTax": 126919000, "incomeTaxExpense": 35002000, "minorityInterest": {}, "netIncomeFromContinuingOps": 91917000, "discontinuedOperations": {}, "extraordinaryItems": {}, "effectOfAccountingCharges": {}, "otherItems": {}, "netIncome": 91917000, "netIncomeApplicableToCommonShares": 91917000}, {"maxAge": 1, "endDate": "2019-03-31", "totalRevenue": 328707000, "costOfRevenue": 168675000, "grossProfit": 160032000, "researchDevelopment": {}, "sellingGeneralAdministrative": 10038000, "nonRecurring": {}, "otherOperatingExpenses": 26691000, "totalOperatingExpenses": 210777000, "operatingIncome": 117930000, "totalOtherIncomeExpenseNet": -18133000, "ebit": 117930000, "interestExpense": -23839000, "incomeBeforeTax": 99797000, "incomeTaxExpense": 22292000, "minorityInterest": {}, "netIncomeFromContinuingOps": 77505000, "discontinuedOperations": {}, "extraordinaryItems": {}, "effectOfAccountingCharges": {}, "otherItems": {}, "netIncome": 77505000, "netIncomeApplicableToCommonShares": 77505000}, {"maxAge": 1, "endDate": "2018-03-31", "totalRevenue": 316429000, "costOfRevenue": 164323000, "grossProfit": 152106000, "researchDevelopment": {}, "sellingGeneralAdministrative": 7122000, "nonRecurring": {}, "otherOperatingExpenses": 22676000, "totalOperatingExpenses": 197942000, "operatingIncome": 118487000, "totalOtherIncomeExpenseNet": -21446000, "ebit": 118487000, "interestExpense": -24739000, "incomeBeforeTax": 97041000, "incomeTaxExpense": 0, "minorityInterest": {}, "netIncomeFromContinuingOps": 97041000, "discontinuedOperations": {}, "extraordinaryItems": {}, "effectOfAccountingCharges": {}, "otherItems": {}, "netIncome": 97041000, "netIncomeApplicableToCommonShares": 97041000}, {"maxAge": 1, "endDate": "2017-03-31", "totalRevenue": 257158000, "costOfRevenue": 112101000, "grossProfit": 145057000, "researchDevelopment": {}, "sellingGeneralAdministrative": 5626000, "nonRecurring": {}, "otherOperatingExpenses": 20912000, "totalOperatingExpenses": 142322000, "operatingIncome": 114836000, "totalOtherIncomeExpenseNet": -25970000, "ebit": 114836000, "interestExpense": -26738000, "incomeBeforeTax": 88866000, "incomeTaxExpense": 0, "minorityInterest": {}, "netIncomeFromContinuingOps": 88866000, "discontinuedOperations": {}, "extraordinaryItems": {}, "effectOfAccountingCharges": {}, "otherItems": {}, "netIncome": 88866000, "netIncomeApplicableToCommonShares": 88866000}], "maxAge": 86400}, "fundOwnership": {"maxAge": 1, "ownershipList": []}, "summaryDetail": {"maxAge": 1, "priceHint": 2, "previousClose": 362.7, "open": 368.75, "dayLow": 351.1, "dayHigh": 370.0, "regularMarketPreviousClose": 362.7, "regularMarketOpen": 368.75, "regularMarketDayLow": 351.1, "regularMarketDayHigh": 370.0, "trailingPE": 54.945137, "volume": 8665, "regularMarketVolume": 8665, "averageVolume": 9477, "averageVolume10days": 11251, "averageDailyVolume10Day": 11251, "bid": 0.0, "ask": 359.95, "bidSize": 0, "askSize": 0, "marketCap": 3398183680, "fiftyTwoWeekLow": 79.05, "fiftyTwoWeekHigh": 370.0, "fiftyDayAverage": 213.92143, "twoHundredDayAverage": 191.36716, "currency": "INR", "fromCurrency": null, "toCurrency": null, "lastMarket": null, "algorithm": null, "tradeable": false}, "incomeStatementHistoryQuarterly": {"incomeStatementHistory": [{"maxAge": 1, "endDate": "2020-09-30", "totalRevenue": 67073000, "costOfRevenue": 34122000, "grossProfit": 32951000, "researchDevelopment": {}, "sellingGeneralAdministrative": 3764000, "nonRecurring": {}, "otherOperatingExpenses": 8898000, "totalOperatingExpenses": 49106000, "operatingIncome": 17967000, "totalOtherIncomeExpenseNet": -443000, "ebit": 17967000, "interestExpense": -1802000, "incomeBeforeTax": 17524000, "incomeTaxExpense": 4909000, "minorityInterest": {}, "netIncomeFromContinuingOps": 12615000, "discontinuedOperations": {}, "extraordinaryItems": {}, "effectOfAccountingCharges": {}, "otherItems": {}, "netIncome": 12615000, "netIncomeApplicableToCommonShares": 12615000}, {"maxAge": 1, "endDate": "2020-06-30", "totalRevenue": 49220000, "costOfRevenue": 22109000, "grossProfit": 27111000, "researchDevelopment": {}, "sellingGeneralAdministrative": 3487000, "nonRecurring": {}, "otherOperatingExpenses": 6713000, "totalOperatingExpenses": 34618000, "operatingIncome": 14602000, "totalOtherIncomeExpenseNet": 512000, "ebit": 14602000, "interestExpense": -1801000, "incomeBeforeTax": 15114000, "incomeTaxExpense": 4285000, "minorityInterest": {}, "netIncomeFromContinuingOps": 10829000, "discontinuedOperations": {}, "extraordinaryItems": {}, "effectOfAccountingCharges": {}, "otherItems": {}, "netIncome": 10829000, "netIncomeApplicableToCommonShares": 10829000}, {"maxAge": 1, "endDate": "2020-03-31", "totalRevenue": 72364000, "costOfRevenue": 23945000, "grossProfit": 48419000, "researchDevelopment": {}, "sellingGeneralAdministrative": 3802000, "nonRecurring": {}, "otherOperatingExpenses": 13637000, "totalOperatingExpenses": 43675000, "operatingIncome": 28689000, "totalOtherIncomeExpenseNet": 4565000, "ebit": 28689000, "interestExpense": -5242000, "incomeBeforeTax": 33254000, "incomeTaxExpense": 8535000, "minorityInterest": {}, "netIncomeFromContinuingOps": 24719000, "discontinuedOperations": {}, "extraordinaryItems": {}, "effectOfAccountingCharges": {}, "otherItems": {}, "netIncome": 24719000, "netIncomeApplicableToCommonShares": 24719000}, {"maxAge": 1, "endDate": "2019-12-31", "totalRevenue": 69610000, "costOfRevenue": 34969000, "grossProfit": 34641000, "researchDevelopment": {}, "sellingGeneralAdministrative": 3350000, "nonRecurring": {}, "otherOperatingExpenses": 6843000, "totalOperatingExpenses": 47243000, "operatingIncome": 22367000, "totalOtherIncomeExpenseNet": -2722000, "ebit": 22367000, "interestExpense": -5251000, "incomeBeforeTax": 19645000, "incomeTaxExpense": 6002000, "minorityInterest": {}, "netIncomeFromContinuingOps": 13643000, "discontinuedOperations": {}, "extraordinaryItems": {}, "effectOfAccountingCharges": {}, "otherItems": {}, "netIncome": 13643000, "netIncomeApplicableToCommonShares": 13643000}], "maxAge": 86400}, "cashflowStatementHistoryQuarterly": {"cashflowStatements": [{"maxAge": 1, "endDate": "2020-09-30", "netIncome": 12615000, "changeToLiabilities": 0}, {"maxAge": 1, "endDate": "2020-06-30", "netIncome": 10829000, "changeToLiabilities": 0}, {"maxAge": 1, "endDate": "2020-03-31", "netIncome": 24719000, "changeToLiabilities": 0}, {"maxAge": 1, "endDate": "2019-12-31", "netIncome": 13643000, "changeToLiabilities": 0}], "maxAge": 86400}, "insiderHolders": {"holders": [{"maxAge": 1, "name": "Aayojan Resources Pvt Ltd", "relation": "Promoter", "url": "", "transactionDescription": "Acquisition", "latestTransDate": "2020-03-16", "positionDirect": 372805, "positionDirectDate": "2020-03-16"}, {"maxAge": 1, "name": "Adhinami Investments Pvt Ltd", "relation": "Promoter", "url": "", "transactionDescription": "Acquisition", "latestTransDate": "2020-09-30", "positionDirect": 3500, "positionDirectDate": "2020-09-30"}, {"maxAge": 1, "name": "Akshita Holdings Pvt Ltd", "relation": "Promoter", "url": "", "transactionDescription": "Acquisition", "latestTransDate": "2020-09-21", "positionDirect": 5000, "positionDirectDate": "2020-09-21"}, {"maxAge": 1, "name": "Anusandhan Investments, Ltd.", "relation": "Promoter", "url": "", "transactionDescription": "Acquisition", "latestTransDate": "2020-09-29", "positionDirect": 1000, "positionDirectDate": "2020-09-29"}], "maxAge": 1}, "calendarEvents": {"maxAge": 1, "earnings": {"earningsDate": ["2020-10-16 05:30:S"]}}, "price": {"maxAge": 1, "regularMarketChangePercent": -0.005927831, "regularMarketChange": -2.1500244, "regularMarketTime": "2021-04-30 15:57:04", "priceHint": 2, "regularMarketPrice": 360.55, "regularMarketDayHigh": 370.0, "regularMarketDayLow": 351.1, "regularMarketVolume": 8665, "averageDailyVolume10Day": 11251, "averageDailyVolume3Month": 9477, "regularMarketPreviousClose": 362.7, "regularMarketSource": "FREE_REALTIME", "regularMarketOpen": 368.75, "exchange": "BSE", "exchangeName": "BSE", "exchangeDataDelayedBy": 0, "marketState": "CLOSED", "quoteType": "EQUITY", "symbol": "AMAL.BO", "underlyingSymbol": null, "shortName": "AMAL LTD.", "longName": "Amal Ltd", "currency": "INR", "quoteSourceName": "Delayed Quote", "currencySymbol": "\u20b9", "fromCurrency": null, "toCurrency": null, "lastMarket": null, "marketCap": 3398183680}, "balanceSheetHistory": {"balanceSheetStatements": [{"maxAge": 1, "endDate": "2020-03-31", "cash": 5212000, "shortTermInvestments": 148118000, "netReceivables": 72832000, "inventory": 9342000, "otherCurrentAssets": 1929000, "totalCurrentAssets": 238981000, "longTermInvestments": 210000, "propertyPlantEquipment": 95465000, "otherAssets": 9303000, "totalAssets": 343959000, "accountsPayable": 23880000, "shortLongTermDebt": 12802000, "otherCurrentLiab": 1475000, "longTermDebt": 32092000, "otherLiab": 14343000, "totalCurrentLiabilities": 42159000, "totalLiab": 88681000, "commonStock": 94250000, "retainedEarnings": -91317000, "treasuryStock": 164657000, "capitalSurplus": 87688000, "otherStockholderEquity": 164657000, "totalStockholderEquity": 255278000, "netTangibleAssets": 255278000}, {"maxAge": 1, "endDate": "2019-03-31", "cash": 1101000, "shortTermInvestments": 94930000, "netReceivables": 116729000, "inventory": 10324000, "otherCurrentAssets": 2755000, "totalCurrentAssets": 225879000, "longTermInvestments": 210000, "propertyPlantEquipment": 93903000, "otherAssets": 6322000, "totalAssets": 326314000, "accountsPayable": 19163000, "shortLongTermDebt": 73352000, "otherCurrentLiab": 1170000, "longTermDebt": 44894000, "otherLiab": 17925000, "totalCurrentLiabilities": 100141000, "totalLiab": 162960000, "commonStock": 94250000, "retainedEarnings": -183241000, "treasuryStock": 164657000, "capitalSurplus": 87688000, "otherStockholderEquity": 164657000, "totalStockholderEquity": 163354000, "netTangibleAssets": 163354000}, {"maxAge": 1, "endDate": "2018-03-31", "cash": 31730000, "shortTermInvestments": 41874000, "netReceivables": 85477000, "inventory": 10398000, "otherCurrentAssets": 2079000, "totalCurrentAssets": 172013000, "longTermInvestments": 210000, "propertyPlantEquipment": 68220000, "otherAssets": 3997000, "totalAssets": 244440000, "accountsPayable": 19441000, "shortLongTermDebt": 33931000, "otherCurrentLiab": 711000, "longTermDebt": 100475000, "otherLiab": 136000, "totalCurrentLiabilities": 57902000, "totalLiab": 158513000, "commonStock": 94250000, "retainedEarnings": -260669000, "treasuryStock": 164658000, "capitalSurplus": 87688000, "otherStockholderEquity": 164658000, "totalStockholderEquity": 85927000, "netTangibleAssets": 85927000}, {"maxAge": 1, "endDate": "2017-03-31", "cash": 17490000, "shortTermInvestments": 19082000, "netReceivables": 42933000, "inventory": 11130000, "otherCurrentAssets": 5218000, "totalCurrentAssets": 96443000, "longTermInvestments": 210000, "propertyPlantEquipment": 62612000, "otherAssets": 5124000, "totalAssets": 164389000, "accountsPayable": 16608000, "shortLongTermDebt": 34111000, "otherCurrentLiab": 2932000, "longTermDebt": 115556000, "otherLiab": 167000, "totalCurrentLiabilities": 59826000, "totalLiab": 175549000, "commonStock": 70250000, "retainedEarnings": -357755000, "treasuryStock": 188657000, "capitalSurplus": 87688000, "otherStockholderEquity": 188657000, "totalStockholderEquity": -11160000, "netTangibleAssets": -11160000}], "maxAge": 86400}, "financialData": {"maxAge": 86400, "currentPrice": 360.55, "recommendationKey": "none", "grossProfits": 188265000, "financialCurrency": "INR"}}}