{"AMARAJABAT.BO": {"recommendationTrend": {"trend": [{"period": "0m", "strongBuy": 0, "buy": 0, "hold": 0, "sell": 0, "strongSell": 0}, {"period": "-1m", "strongBuy": 0, "buy": 0, "hold": 0, "sell": 0, "strongSell": 0}, {"period": "-2m", "strongBuy": 0, "buy": 0, "hold": 0, "sell": 0, "strongSell": 0}, {"period": "-3m", "strongBuy": 0, "buy": 0, "hold": 0, "sell": 0, "strongSell": 0}], "maxAge": 86400}, "cashflowStatementHistory": {"cashflowStatements": [{"maxAge": 1, "endDate": "2020-03-31", "netIncome": 6608000000, "depreciation": 2991300000, "changeToNetincome": -738900000, "changeToAccountReceivables": 1133500000, "changeToLiabilities": 1020700000, "changeToInventory": -815800000, "changeToOperatingActivities": 1550700000, "totalCashFromOperatingActivities": 11765600000, "capitalExpenditures": -7013800000, "investments": -1526700000, "otherCashflowsFromInvestingActivities": 31800000, "totalCashflowsFromInvestingActivities": -8493600000, "dividendsPaid": -2746600000, "netBorrowings": -274600000, "otherCashflowsFromFinancingActivities": -616700000, "totalCashFromFinancingActivities": -3637900000, "effectOfExchangeRate": 189800000, "changeInCash": -175300000}, {"maxAge": 1, "endDate": "2019-03-31", "netIncome": 4832300000, "depreciation": 2595200000, "changeToNetincome": -190600000, "changeToAccountReceivables": 120500000, "changeToLiabilities": -767100000, "changeToInventory": -117100000, "changeToOperatingActivities": -1078600000, "totalCashFromOperatingActivities": 5411400000, "capitalExpenditures": -5284700000, "investments": 615800000, "otherCashflowsFromInvestingActivities": 37800000, "totalCashflowsFromInvestingActivities": -4628600000, "dividendsPaid": -708800000, "netBorrowings": -51000000, "otherCashflowsFromFinancingActivities": -156400000, "totalCashFromFinancingActivities": -916200000, "effectOfExchangeRate": 148400000, "changeInCash": 15000000}, {"maxAge": 1, "endDate": "2018-03-31", "netIncome": 4713200000, "depreciation": 2285600000, "changeToNetincome": -325200000, "changeToAccountReceivables": -2148600000, "changeToLiabilities": 1779600000, "changeToInventory": -2327600000, "changeToOperatingActivities": -778200000, "totalCashFromOperatingActivities": 3216600000, "capitalExpenditures": -3866100000, "investments": 1349500000, "otherCashflowsFromInvestingActivities": 61100000, "totalCashflowsFromInvestingActivities": -2442600000, "dividendsPaid": -1067600000, "netBorrowings": -89400000, "otherCashflowsFromFinancingActivities": -224600000, "totalCashFromFinancingActivities": -1381600000, "effectOfExchangeRate": 87500000, "changeInCash": -520100000}, {"maxAge": 1, "endDate": "2017-03-31", "netIncome": 4784900000, "depreciation": 1896300000, "changeToNetincome": -30900000, "changeToAccountReceivables": 168500000, "changeToLiabilities": 735200000, "changeToInventory": -2153100000, "changeToOperatingActivities": 112600000, "totalCashFromOperatingActivities": 5528900000, "capitalExpenditures": -4381600000, "investments": -1100700000, "otherCashflowsFromInvestingActivities": 55900000, "totalCashflowsFromInvestingActivities": -5349400000, "dividendsPaid": -1067600000, "netBorrowings": -16700000, "otherCashflowsFromFinancingActivities": -3000000, "totalCashFromFinancingActivities": -19700000, "effectOfExchangeRate": 63400000, "changeInCash": 223200000}], "maxAge": 86400}, "institutionOwnership": {"maxAge": 1, "ownershipList": []}, "balanceSheetHistoryQuarterly": {"balanceSheetStatements": [{"maxAge": 1, "endDate": "2020-06-30", "totalStockholderEquity": 36553100000, "netTangibleAssets": 35577400000}, {"maxAge": 1, "endDate": "2020-03-31", "cash": 326200000, "shortTermInvestments": 478000000, "netReceivables": 6821100000, "inventory": 11430000000, "otherCurrentAssets": 1685300000, "totalCurrentAssets": 22232500000, "longTermInvestments": 133400000, "propertyPlantEquipment": 25586700000, "intangibleAssets": 975700000, "otherAssets": 1075700000, "totalAssets": 50004000000, "accountsPayable": 6149500000, "shortLongTermDebt": 124600000, "otherCurrentLiab": 4523800000, "longTermDebt": 343400000, "otherLiab": 1870300000, "totalCurrentLiabilities": 11020500000, "totalLiab": 13450900000, "commonStock": 170800000, "retainedEarnings": 36030500000, "treasuryStock": 39900000, "capitalSurplus": 311900000, "otherStockholderEquity": 39900000, "totalStockholderEquity": 36553100000, "netTangibleAssets": 35577400000}, {"maxAge": 1, "endDate": "2019-12-31", "totalStockholderEquity": 35866100000, "netTangibleAssets": 34943700000}, {"maxAge": 1, "endDate": "2019-09-30", "cash": 1634700000, "shortTermInvestments": 3859400000, "netReceivables": 7430800000, "inventory": 9560000000, "otherCurrentAssets": 1973900000, "totalCurrentAssets": 24458800000, "longTermInvestments": 185000000, "propertyPlantEquipment": 22272400000, "intangibleAssets": 922400000, "otherAssets": 1660700000, "totalAssets": 49499300000, "accountsPayable": 6406700000, "otherCurrentLiab": 4440800000, "longTermDebt": 468000000, "otherLiab": 1892000000, "totalCurrentLiabilities": 11007200000, "totalLiab": 13633200000, "commonStock": 170800000, "treasuryStock": 35695300000, "otherStockholderEquity": 35695300000, "totalStockholderEquity": 35866100000, "netTangibleAssets": 34943700000}], "maxAge": 86400}, "earningsHistory": {"history": [{"maxAge": 1, "epsActual": 7.87, "epsEstimate": 7.43, "epsDifference": 0.44, "surprisePercent": 0.059, "quarter": "2017-12-31", "period": "-4q"}, {"maxAge": 1, "epsActual": 6.43, "epsEstimate": 7.89, "epsDifference": -1.46, "surprisePercent": -0.185, "quarter": "2018-03-31", "period": "-3q"}, {"maxAge": 1, "epsActual": 6.62, "epsEstimate": 7.82, "epsDifference": -1.2, "surprisePercent": -0.153, "quarter": "2018-06-30", "period": "-2q"}, {"maxAge": 1, "epsActual": 7.04, "epsEstimate": 7.62, "epsDifference": -0.58, "surprisePercent": -0.076, "quarter": "2018-09-30", "period": "-1q"}], "maxAge": 86400}, "indexTrend": {"maxAge": 1, "symbol": "SP5", "peRatio": 19.7411, "pegRatio": 1.34172, "estimates": [{"period": "0q", "growth": 0.549}, {"period": "+1q", "growth": 0.431}, {"period": "0y", "growth": 0.305}, {"period": "+1y", "growth": 0.109}, {"period": "+5y", "growth": 0.120865}, {"period": "-5y"}]}, "industryTrend": {"maxAge": 1, "symbol": null, "estimates": []}, "insiderTransactions": {"transactions": [{"maxAge": 1, "shares": 3416250, "filerUrl": "", "transactionText": "", "filerName": "RNGalla Family Pvt. Ltd.", "filerRelation": "Promoter", "moneyText": "", "startDate": "2019-08-07", "ownership": "D"}, {"maxAge": 1, "shares": 3416250, "filerUrl": "", "transactionText": "", "filerName": "Johnson Controls Mauritius Pvt Ltd", "filerRelation": "Promoter", "moneyText": "", "startDate": "2019-08-07", "ownership": "D"}, {"maxAge": 1, "shares": 3115500, "filerUrl": "", "transactionText": "", "filerName": "RNGalla Family Pvt. Ltd.", "filerRelation": "Promoter", "moneyText": "", "startDate": "2019-07-27", "ownership": "D"}, {"maxAge": 1, "shares": 3115500, "filerUrl": "", "transactionText": "", "filerName": "Mangal Industries Ltd", "filerRelation": "Promoter", "moneyText": "", "startDate": "2019-07-27", "ownership": "D"}, {"maxAge": 1, "shares": 40995000, "filerUrl": "", "transactionText": "", "filerName": "Johnson Controls Mauritius Pvt Ltd", "filerRelation": "Promoter", "moneyText": "", "startDate": "2019-06-22", "ownership": "D"}], "maxAge": 1}, "quoteType": {"exchange": "BSE", "quoteType": "EQUITY", "symbol": "AMARAJABAT.BO", "underlyingSymbol": "AMARAJABAT.BO", "shortName": "AMARA RAJA BATTERIES LTD.", "longName": "Amara Raja Batteries Limited", "firstTradeDateEpochUtc": "2007-09-19 09:15:00", "timeZoneFullName": "Asia/Kolkata", "timeZoneShortName": "IST", "uuid": "5e1aca79-8fcd-3c13-8d07-05b3c940c024", "messageBoardId": null, "gmtOffSetMilliseconds": 19800000, "maxAge": 1}, "incomeStatementHistory": {"incomeStatementHistory": [{"maxAge": 1, "endDate": "2020-03-31", "totalRevenue": 68391700000, "costOfRevenue": 44621100000, "grossProfit": 23770600000, "researchDevelopment": {}, "sellingGeneralAdministrative": 4187000000, "nonRecurring": {}, "otherOperatingExpenses": 8586400000, "totalOperatingExpenses": 60413700000, "operatingIncome": 7978000000, "totalOtherIncomeExpenseNet": 428600000, "ebit": 7978000000, "interestExpense": -38800000, "incomeBeforeTax": 8406600000, "incomeTaxExpense": 1798600000, "minorityInterest": {}, "netIncomeFromContinuingOps": 6608000000, "discontinuedOperations": {}, "extraordinaryItems": {}, "effectOfAccountingCharges": {}, "otherItems": {}, "netIncome": 6608000000, "netIncomeApplicableToCommonShares": 6608000000}, {"maxAge": 1, "endDate": "2019-03-31", "totalRevenue": 67931100000, "costOfRevenue": 46552700000, "grossProfit": 21378400000, "researchDevelopment": {}, "sellingGeneralAdministrative": 3921200000, "nonRecurring": {}, "otherOperatingExpenses": 7901500000, "totalOperatingExpenses": 60993400000, "operatingIncome": 6937700000, "totalOtherIncomeExpenseNet": 363400000, "ebit": 6937700000, "interestExpense": -1100000, "incomeBeforeTax": 7301100000, "incomeTaxExpense": 2468800000, "minorityInterest": {}, "netIncomeFromContinuingOps": 4832300000, "discontinuedOperations": {}, "extraordinaryItems": {}, "effectOfAccountingCharges": {}, "otherItems": {}, "netIncome": 4832300000, "netIncomeApplicableToCommonShares": 4832300000}, {"maxAge": 1, "endDate": "2018-03-31", "totalRevenue": 60508700000, "costOfRevenue": 41195900000, "grossProfit": 19312800000, "researchDevelopment": {}, "sellingGeneralAdministrative": 3552200000, "nonRecurring": {}, "otherOperatingExpenses": 6914500000, "totalOperatingExpenses": 53962500000, "operatingIncome": 6546200000, "totalOtherIncomeExpenseNet": 595800000, "ebit": 6546200000, "interestExpense": -1100000, "incomeBeforeTax": 7142000000, "incomeTaxExpense": 2428800000, "minorityInterest": {}, "netIncomeFromContinuingOps": 4713200000, "discontinuedOperations": {}, "extraordinaryItems": {}, "effectOfAccountingCharges": {}, "otherItems": {}, "netIncome": 4713200000, "netIncomeApplicableToCommonShares": 4713200000}, {"maxAge": 1, "endDate": "2017-03-31", "totalRevenue": 53352000000, "costOfRevenue": 35174200000, "grossProfit": 18177800000, "researchDevelopment": {}, "sellingGeneralAdministrative": 3192400000, "nonRecurring": {}, "otherOperatingExpenses": 6459100000, "totalOperatingExpenses": 46738100000, "operatingIncome": 6613900000, "totalOtherIncomeExpenseNet": 408200000, "ebit": 6613900000, "interestExpense": -400000, "incomeBeforeTax": 7022100000, "incomeTaxExpense": 2237200000, "minorityInterest": {}, "netIncomeFromContinuingOps": 4784900000, "discontinuedOperations": {}, "extraordinaryItems": {}, "effectOfAccountingCharges": {}, "otherItems": {}, "netIncome": 4784900000, "netIncomeApplicableToCommonShares": 4784900000}], "maxAge": 86400}, "fundOwnership": {"maxAge": 1, "ownershipList": []}, "summaryDetail": {"maxAge": 1, "priceHint": 2, "previousClose": 802.6, "open": 798.5, "dayLow": 797.3, "dayHigh": 814.55, "regularMarketPreviousClose": 802.6, "regularMarketOpen": 798.5, "regularMarketDayLow": 797.3, "regularMarketDayHigh": 814.55, "trailingPE": 23.768616, "forwardPE": 21.607143, "volume": 62043, "regularMarketVolume": 62043, "averageVolume": 55163, "averageVolume10days": 111242, "averageDailyVolume10Day": 111242, "bid": 806.35, "ask": 809.55, "bidSize": 0, "askSize": 0, "marketCap": 138477289472, "fiftyTwoWeekLow": 350.25, "fiftyTwoWeekHigh": 1025.0, "fiftyDayAverage": 962.2057, "twoHundredDayAverage": 843.7745, "trailingAnnualDividendRate": 11.0, "trailingAnnualDividendYield": 0.013705458, "currency": "INR", "fromCurrency": null, "toCurrency": null, "lastMarket": null, "algorithm": null, "tradeable": false}, "sectorTrend": {"maxAge": 1, "symbol": null, "estimates": []}, "incomeStatementHistoryQuarterly": {"incomeStatementHistory": [{"maxAge": 1, "endDate": "2020-06-30", "totalRevenue": 11512200000, "costOfRevenue": 7656900000, "grossProfit": 3855300000, "researchDevelopment": {}, "sellingGeneralAdministrative": 841000000, "nonRecurring": {}, "otherOperatingExpenses": 1492100000, "totalOperatingExpenses": 10738400000, "operatingIncome": 773800000, "totalOtherIncomeExpenseNet": 61100000, "ebit": 773800000, "interestExpense": -26800000, "incomeBeforeTax": 834900000, "incomeTaxExpense": 210000000, "minorityInterest": {}, "netIncomeFromContinuingOps": 624900000, "discontinuedOperations": {}, "extraordinaryItems": {}, "effectOfAccountingCharges": {}, "otherItems": {}, "netIncome": 624900000, "netIncomeApplicableToCommonShares": 624900000}, {"maxAge": 1, "endDate": "2020-03-31", "totalRevenue": 15813900000, "costOfRevenue": 10221400000, "grossProfit": 5592500000, "researchDevelopment": {}, "sellingGeneralAdministrative": 1268100000, "nonRecurring": {}, "otherOperatingExpenses": 1874600000, "totalOperatingExpenses": 14135400000, "operatingIncome": 1678500000, "totalOtherIncomeExpenseNet": 110800000, "ebit": 1678500000, "interestExpense": -26800000, "incomeBeforeTax": 1789300000, "incomeTaxExpense": 416300000, "minorityInterest": {}, "netIncomeFromContinuingOps": 1373000000, "discontinuedOperations": {}, "extraordinaryItems": {}, "effectOfAccountingCharges": {}, "otherItems": {}, "netIncome": 1373000000, "netIncomeApplicableToCommonShares": 1373000000}, {"maxAge": 1, "endDate": "2019-12-31", "totalRevenue": 17475200000, "costOfRevenue": 11270500000, "grossProfit": 6204700000, "researchDevelopment": {}, "sellingGeneralAdministrative": 945700000, "nonRecurring": {}, "otherOperatingExpenses": 2422000000, "totalOperatingExpenses": 15402700000, "operatingIncome": 2072500000, "totalOtherIncomeExpenseNet": 98600000, "ebit": 2072500000, "interestExpense": -29000000, "incomeBeforeTax": 2171100000, "incomeTaxExpense": 529500000, "minorityInterest": {}, "netIncomeFromContinuingOps": 1641600000, "discontinuedOperations": {}, "extraordinaryItems": {}, "effectOfAccountingCharges": {}, "otherItems": {}, "netIncome": 1641600000, "netIncomeApplicableToCommonShares": 1641600000}, {"maxAge": 1, "endDate": "2019-09-30", "totalRevenue": 16953100000, "costOfRevenue": 10867200000, "grossProfit": 6085900000, "researchDevelopment": {}, "sellingGeneralAdministrative": 986800000, "nonRecurring": {}, "otherOperatingExpenses": 2178700000, "totalOperatingExpenses": 14783000000, "operatingIncome": 2170100000, "totalOtherIncomeExpenseNet": 145800000, "ebit": 2170100000, "interestExpense": -33700000, "incomeBeforeTax": 2315900000, "incomeTaxExpense": 129800000, "minorityInterest": {}, "netIncomeFromContinuingOps": 2186100000, "discontinuedOperations": {}, "extraordinaryItems": {}, "effectOfAccountingCharges": {}, "otherItems": {}, "netIncome": 2186100000, "netIncomeApplicableToCommonShares": 2186100000}], "maxAge": 86400}, "cashflowStatementHistoryQuarterly": {"cashflowStatements": [{"maxAge": 1, "endDate": "2020-06-30", "netIncome": 624900000, "changeToLiabilities": 0}, {"maxAge": 1, "endDate": "2020-03-31", "netIncome": 1373000000, "changeToLiabilities": 0}, {"maxAge": 1, "endDate": "2019-12-31", "netIncome": 1641600000, "changeToLiabilities": 0}, {"maxAge": 1, "endDate": "2019-09-30", "netIncome": 2186100000, "changeToLiabilities": 0}], "maxAge": 86400}, "insiderHolders": {"holders": [{"maxAge": 1, "name": "Johnson Controls Mauritius Pvt Ltd", "relation": "Promoter", "url": "", "transactionDescription": "Purchase", "latestTransDate": "2019-08-07", "positionDirect": 0, "positionDirectDate": "2019-08-07"}, {"maxAge": 1, "name": "Mangal Industries Ltd", "relation": "Promoter", "url": "", "transactionDescription": "Sale", "latestTransDate": "2019-07-27", "positionDirect": 0, "positionDirectDate": "2019-07-27"}, {"maxAge": 1, "name": "RNGalla Family Pvt. Ltd.", "relation": "Promoter", "url": "", "transactionDescription": "Purchase", "latestTransDate": "2019-08-07", "positionDirect": 47932452, "positionDirectDate": "2019-08-07"}], "maxAge": 1}, "earnings": {"maxAge": 86400, "earningsChart": {"quarterly": [{"date": "4Q2017", "actual": 7.87, "estimate": 7.43}, {"date": "1Q2018", "actual": 6.43, "estimate": 7.89}, {"date": "2Q2018", "actual": 6.62, "estimate": 7.82}, {"date": "3Q2018", "actual": 7.04, "estimate": 7.62}], "currentQuarterEstimateDate": "4Q", "currentQuarterEstimateYear": 2018, "earningsDate": []}, "financialsChart": {"yearly": [{"date": 2017, "revenue": 53352000000, "earnings": 4784900000}, {"date": 2018, "revenue": 60508700000, "earnings": 4713200000}, {"date": 2019, "revenue": 67931100000, "earnings": 4832300000}, {"date": 2020, "revenue": 68391700000, "earnings": 6608000000}], "quarterly": [{"date": "3Q2019", "revenue": 16953100000, "earnings": 2186100000}, {"date": "4Q2019", "revenue": 17475200000, "earnings": 1641600000}, {"date": "1Q2020", "revenue": 15813900000, "earnings": 1373000000}, {"date": "2Q2020", "revenue": 11512200000, "earnings": 624900000}]}, "financialCurrency": "INR"}, "calendarEvents": {"maxAge": 1, "earnings": {"earningsDate": [], "revenueAverage": 18000400000, "revenueLow": 17490000000, "revenueHigh": 18414800000}}, "price": {"maxAge": 1, "regularMarketChangePercent": 0.010092246, "regularMarketChange": 8.100037, "regularMarketTime": "2021-04-30 15:42:52", "priceHint": 2, "regularMarketPrice": 810.7, "regularMarketDayHigh": 814.55, "regularMarketDayLow": 797.3, "regularMarketVolume": 62043, "averageDailyVolume10Day": 111242, "averageDailyVolume3Month": 55163, "regularMarketPreviousClose": 802.6, "regularMarketSource": "FREE_REALTIME", "regularMarketOpen": 798.5, "exchange": "BSE", "exchangeName": "BSE", "exchangeDataDelayedBy": 0, "marketState": "CLOSED", "quoteType": "EQUITY", "symbol": "AMARAJABAT.BO", "underlyingSymbol": null, "shortName": "AMARA RAJA BATTERIES LTD.", "longName": "Amara Raja Batteries Limited", "currency": "INR", "quoteSourceName": "Delayed Quote", "currencySymbol": "\u20b9", "fromCurrency": null, "toCurrency": null, "lastMarket": null, "marketCap": 138477289472}, "balanceSheetHistory": {"balanceSheetStatements": [{"maxAge": 1, "endDate": "2020-03-31", "cash": 326200000, "shortTermInvestments": 478000000, "netReceivables": 6821100000, "inventory": 11430000000, "otherCurrentAssets": 1685300000, "totalCurrentAssets": 22232500000, "longTermInvestments": 133400000, "propertyPlantEquipment": 25586700000, "intangibleAssets": 975700000, "otherAssets": 1075700000, "totalAssets": 50004000000, "accountsPayable": 6149500000, "shortLongTermDebt": 124600000, "otherCurrentLiab": 4523800000, "longTermDebt": 343400000, "otherLiab": 1870300000, "totalCurrentLiabilities": 11020500000, "totalLiab": 13450900000, "commonStock": 170800000, "retainedEarnings": 36030500000, "treasuryStock": 39900000, "capitalSurplus": 311900000, "otherStockholderEquity": 39900000, "totalStockholderEquity": 36553100000, "netTangibleAssets": 35577400000}, {"maxAge": 1, "endDate": "2019-03-31", "cash": 502300000, "shortTermInvestments": 121300000, "netReceivables": 8090600000, "inventory": 10614200000, "otherCurrentAssets": 2628100000, "totalCurrentAssets": 22041100000, "longTermInvestments": 198700000, "propertyPlantEquipment": 20429300000, "intangibleAssets": 845700000, "otherAssets": 1442200000, "totalAssets": 44957000000, "accountsPayable": 5104500000, "shortLongTermDebt": 116300000, "otherCurrentLiab": 3770800000, "longTermDebt": 468000000, "otherLiab": 2113500000, "totalCurrentLiabilities": 9025100000, "totalLiab": 11606600000, "commonStock": 170800000, "retainedEarnings": 32762500000, "treasuryStock": 105200000, "capitalSurplus": 311900000, "otherStockholderEquity": 105200000, "totalStockholderEquity": 33350400000, "netTangibleAssets": 32504700000}, {"maxAge": 1, "endDate": "2018-03-31", "cash": 487300000, "shortTermInvestments": 541900000, "netReceivables": 8332800000, "inventory": 10497100000, "otherCurrentAssets": 1429400000, "totalCurrentAssets": 21523000000, "longTermInvestments": 198000000, "propertyPlantEquipment": 19245700000, "intangibleAssets": 50600000, "otherAssets": 668200000, "totalAssets": 41685500000, "accountsPayable": 5922600000, "shortLongTermDebt": 51000000, "otherCurrentLiab": 3918300000, "longTermDebt": 584300000, "otherLiab": 1797500000, "totalCurrentLiabilities": 9929800000, "totalLiab": 12311600000, "commonStock": 170800000, "retainedEarnings": 28786500000, "treasuryStock": 104700000, "capitalSurplus": 311900000, "otherStockholderEquity": 104700000, "totalStockholderEquity": 29373900000, "netTangibleAssets": 29323300000}, {"maxAge": 1, "endDate": "2017-03-31", "cash": 1007400000, "shortTermInvestments": 610000000, "netReceivables": 6039900000, "inventory": 8169500000, "otherCurrentAssets": 436000000, "totalCurrentAssets": 17586200000, "longTermInvestments": 188700000, "propertyPlantEquipment": 17272700000, "intangibleAssets": 51200000, "otherAssets": 746900000, "totalAssets": 35845700000, "accountsPayable": 4184400000, "shortLongTermDebt": 34600000, "otherCurrentLiab": 3351300000, "longTermDebt": 690100000, "otherLiab": 1628700000, "totalCurrentLiabilities": 7596200000, "totalLiab": 9915000000, "commonStock": 170800000, "retainedEarnings": 25351600000, "treasuryStock": 96400000, "capitalSurplus": 311900000, "otherStockholderEquity": 96400000, "totalStockholderEquity": 25930700000, "netTangibleAssets": 25879500000}], "maxAge": 86400}, "earningsTrend": {"trend": [{"maxAge": 1, "period": "0q", "endDate": "2018-12-31", "growth": {}, "earningsEstimate": {"avg": 0.0, "low": 0.0, "high": 0.0, "yearAgoEps": 7.87, "numberOfAnalysts": 0, "growth": {}}, "revenueEstimate": {"avg": 18000400000, "low": 17490000000, "high": 18414800000, "numberOfAnalysts": 4, "yearAgoRevenue": 15534600000, "growth": 0.159}, "epsTrend": {"current": 0.0, "7daysAgo": 8.19, "30daysAgo": 8.19, "60daysAgo": 8.19, "90daysAgo": 8.19}, "epsRevisions": {"upLast7days": 0, "upLast30days": 0, "downLast30days": 0, "downLast90days": {}}}, {"maxAge": 1, "period": "+1q", "endDate": "2019-03-31", "growth": {}, "earningsEstimate": {"avg": 0.0, "low": 0.0, "high": 0.0, "yearAgoEps": 6.43, "numberOfAnalysts": 0, "growth": {}}, "revenueEstimate": {"avg": 17683400000, "low": 17094200000, "high": 18442000000, "numberOfAnalysts": 3, "yearAgoRevenue": {}, "growth": {}}, "epsTrend": {"current": 0.0, "7daysAgo": 7.92, "30daysAgo": 7.92, "60daysAgo": 7.92, "90daysAgo": 7.92}, "epsRevisions": {"upLast7days": 0, "upLast30days": 0, "downLast30days": 0, "downLast90days": {}}}, {"maxAge": 1, "period": "0y", "endDate": "2019-03-31", "growth": {}, "earningsEstimate": {"avg": 0.0, "low": 0.0, "high": 0.0, "yearAgoEps": {}, "numberOfAnalysts": 0, "growth": {}}, "revenueEstimate": {"avg": 71050800000, "low": 71050800000, "high": 71050800000, "numberOfAnalysts": 1, "yearAgoRevenue": {}, "growth": {}}, "epsTrend": {"current": 0.0, "7daysAgo": 30.09, "30daysAgo": 30.09, "60daysAgo": 30.09, "90daysAgo": 30.09}, "epsRevisions": {"upLast7days": 0, "upLast30days": 0, "downLast30days": 0, "downLast90days": {}}}, {"maxAge": 1, "period": "+1y", "endDate": "2020-03-31", "growth": {}, "earningsEstimate": {"avg": 0.0, "low": 0.0, "high": 0.0, "yearAgoEps": {}, "numberOfAnalysts": 0, "growth": {}}, "revenueEstimate": {"avg": 80949500000, "low": 76385000000, "high": 84448000000, "numberOfAnalysts": 16, "yearAgoRevenue": 71050800000, "growth": 0.139}, "epsTrend": {"current": 0.0, "7daysAgo": 37.52, "30daysAgo": 37.52, "60daysAgo": 37.52, "90daysAgo": 37.52}, "epsRevisions": {"upLast7days": 0, "upLast30days": 0, "downLast30days": 0, "downLast90days": {}}}, {"maxAge": 1, "period": "+5y", "endDate": null, "growth": 0.126, "earningsEstimate": {"avg": {}, "low": {}, "high": {}, "yearAgoEps": {}, "numberOfAnalysts": {}, "growth": {}}, "revenueEstimate": {"avg": {}, "low": {}, "high": {}, "numberOfAnalysts": {}, "yearAgoRevenue": {}, "growth": {}}, "epsTrend": {"current": {}, "7daysAgo": {}, "30daysAgo": {}, "60daysAgo": {}, "90daysAgo": {}}, "epsRevisions": {"upLast7days": {}, "upLast30days": {}, "downLast30days": {}, "downLast90days": {}}}, {"maxAge": 1, "period": "-5y", "endDate": null, "growth": {}, "earningsEstimate": {"avg": {}, "low": {}, "high": {}, "yearAgoEps": {}, "numberOfAnalysts": {}, "growth": {}}, "revenueEstimate": {"avg": {}, "low": {}, "high": {}, "numberOfAnalysts": {}, "yearAgoRevenue": {}, "growth": {}}, "epsTrend": {"current": {}, "7daysAgo": {}, "30daysAgo": {}, "60daysAgo": {}, "90daysAgo": {}}, "epsRevisions": {"upLast7days": {}, "upLast30days": {}, "downLast30days": {}, "downLast90days": {}}}], "maxAge": 1}, "financialData": {"maxAge": 86400, "currentPrice": 810.7, "targetHighPrice": 1065.0, "targetLowPrice": 667.0, "targetMeanPrice": 863.35, "targetMedianPrice": 867.0, "recommendationKey": "none", "numberOfAnalystOpinions": 17, "grossProfits": 23770600000, "financialCurrency": "INR"}}}