{"AMARJOTHI.BO": {"recommendationTrend": {"trend": [{"period": "0m", "strongBuy": 0, "buy": 0, "hold": 0, "sell": 0, "strongSell": 0}, {"period": "-1m", "strongBuy": 0, "buy": 0, "hold": 0, "sell": 0, "strongSell": 0}, {"period": "-2m", "strongBuy": 0, "buy": 0, "hold": 0, "sell": 0, "strongSell": 0}, {"period": "-3m", "strongBuy": 0, "buy": 0, "hold": 0, "sell": 0, "strongSell": 0}], "maxAge": 86400}, "cashflowStatementHistory": {"cashflowStatements": [{"maxAge": 1, "endDate": "2020-03-31", "netIncome": 108867000, "depreciation": 174387000, "changeToNetincome": 80463000, "changeToAccountReceivables": 305014000, "changeToLiabilities": -433003000, "changeToInventory": -58599000, "totalCashFromOperatingActivities": 177189000, "capitalExpenditures": -189732000, "investments": -36930000, "otherCashflowsFromInvestingActivities": 40923000, "totalCashflowsFromInvestingActivities": -171448000, "dividendsPaid": -16248000, "netBorrowings": 93666000, "otherCashflowsFromFinancingActivities": -95647000, "totalCashFromFinancingActivities": -18229000, "changeInCash": -12488000}, {"maxAge": 1, "endDate": "2019-03-31", "netIncome": 152378000, "depreciation": 167555000, "changeToNetincome": 84702000, "changeToAccountReceivables": -81623000, "changeToLiabilities": 540077000, "changeToInventory": 178622000, "totalCashFromOperatingActivities": 1041771000, "capitalExpenditures": -794212000, "investments": -27223000, "otherCashflowsFromInvestingActivities": 44407000, "totalCashflowsFromInvestingActivities": -409818000, "dividendsPaid": -16248000, "netBorrowings": -509681000, "otherCashflowsFromFinancingActivities": -140245000, "totalCashFromFinancingActivities": -666174000, "changeInCash": -34221000}, {"maxAge": 1, "endDate": "2018-03-31", "netIncome": 129268000, "depreciation": 133274000, "changeToNetincome": 111017000, "changeToAccountReceivables": -157216000, "changeToLiabilities": -39429000, "changeToInventory": -11362000, "totalCashFromOperatingActivities": 165612000, "capitalExpenditures": -796945000, "investments": -14609000, "otherCashflowsFromInvestingActivities": 12258000, "totalCashflowsFromInvestingActivities": -798595000, "dividendsPaid": -16249000, "netBorrowings": 814528000, "otherCashflowsFromFinancingActivities": -118967000, "totalCashFromFinancingActivities": 679312000, "changeInCash": 46329000}, {"maxAge": 1, "endDate": "2017-03-31", "netIncome": 151941000, "depreciation": 138313000, "changeToNetincome": 155395000, "changeToAccountReceivables": -42610000, "changeToLiabilities": 132578000, "changeToInventory": -265024000, "totalCashFromOperatingActivities": 270653000, "capitalExpenditures": -117497000, "investments": -17932000, "otherCashflowsFromInvestingActivities": 9057000, "totalCashflowsFromInvestingActivities": -43947000, "dividendsPaid": -31976000, "netBorrowings": -79600000, "otherCashflowsFromFinancingActivities": -123242000, "totalCashFromFinancingActivities": -234818000, "changeInCash": -8112000}], "maxAge": 86400}, "institutionOwnership": {"ownershipList": [], "maxAge": 1}, "balanceSheetHistoryQuarterly": {"balanceSheetStatements": [{"maxAge": 1, "endDate": "2020-06-30", "totalStockholderEquity": 1342616000, "netTangibleAssets": 1342571000}, {"maxAge": 1, "endDate": "2020-03-31", "cash": 4324000, "netReceivables": 185266000, "inventory": 608552000, "otherCurrentAssets": 433440000, "totalCurrentAssets": 1231582000, "longTermInvestments": 9115000, "propertyPlantEquipment": 1769427000, "intangibleAssets": 45000, "otherAssets": 15861000, "totalAssets": 3026030000, "accountsPayable": 153156000, "shortLongTermDebt": 69456000, "otherCurrentLiab": 33192000, "longTermDebt": 1103771000, "otherLiab": 158297000, "minorityInterest": 82938000, "totalCurrentLiabilities": 338408000, "totalLiab": 1600476000, "commonStock": 67500000, "retainedEarnings": 1243699000, "treasuryStock": 8917000, "capitalSurplus": 22500000, "otherStockholderEquity": 8917000, "totalStockholderEquity": 1342616000, "netTangibleAssets": 1342571000}, {"maxAge": 1, "endDate": "2019-12-31", "totalStockholderEquity": 1244378000, "netTangibleAssets": 1244273000}, {"maxAge": 1, "endDate": "2019-09-30", "cash": 28447000, "netReceivables": 186777000, "inventory": 327294000, "otherCurrentAssets": 336227000, "totalCurrentAssets": 878745000, "longTermInvestments": 27051000, "propertyPlantEquipment": 1520347000, "intangibleAssets": 105000, "totalAssets": 2426248000, "accountsPayable": 157660000, "shortLongTermDebt": 27315000, "otherCurrentLiab": 51212000, "longTermDebt": 723141000, "otherLiab": 141576000, "minorityInterest": 68747000, "totalCurrentLiabilities": 248406000, "totalLiab": 1113123000, "commonStock": 67500000, "treasuryStock": 1176878000, "otherStockholderEquity": 1176878000, "totalStockholderEquity": 1244378000, "netTangibleAssets": 1244273000}], "maxAge": 86400}, "earningsHistory": {"history": [{"maxAge": 1, "epsActual": {}, "epsEstimate": {}, "epsDifference": {}, "surprisePercent": {}, "quarter": {}, "period": "-4q"}, {"maxAge": 1, "epsActual": {}, "epsEstimate": {}, "epsDifference": {}, "surprisePercent": {}, "quarter": {}, "period": "-3q"}, {"maxAge": 1, "epsActual": 3.12, "epsEstimate": 5.85, "epsDifference": -2.73, "surprisePercent": -0.467, "quarter": "2017-03-31", "period": "-2q"}, {"maxAge": 1, "epsActual": 14.51, "epsEstimate": 4.66, "epsDifference": 9.85, "surprisePercent": 2.1139998, "quarter": "2017-06-30", "period": "-1q"}], "maxAge": 86400}, "indexTrend": {"maxAge": 1, "symbol": "SP5", "peRatio": 19.7411, "pegRatio": 1.34172, "estimates": [{"period": "0q", "growth": 0.549}, {"period": "+1q", "growth": 0.431}, {"period": "0y", "growth": 0.305}, {"period": "+1y", "growth": 0.109}, {"period": "+5y", "growth": 0.120859005}, {"period": "-5y"}]}, "industryTrend": {"maxAge": 1, "symbol": null, "estimates": []}, "insiderTransactions": {"transactions": [{"maxAge": 1, "shares": 20870, "filerUrl": "", "transactionText": "", "filerName": "Nandhini (J)", "filerRelation": "Promoter", "moneyText": "", "startDate": "2017-04-05", "ownership": "D"}, {"maxAge": 1, "shares": 40016, "filerUrl": "", "transactionText": "", "filerName": "Nandhini (J)", "filerRelation": "Promoter", "moneyText": "", "startDate": "2017-04-03", "ownership": "D"}, {"maxAge": 1, "shares": 14125, "filerUrl": "", "transactionText": "", "filerName": "Nandhini (J)", "filerRelation": "Promoter", "moneyText": "", "startDate": "2017-03-30", "ownership": "D"}, {"maxAge": 1, "shares": 8060, "filerUrl": "", "transactionText": "", "filerName": "Nandhini (J)", "filerRelation": "Promoter", "moneyText": "", "startDate": "2017-03-14", "ownership": "D"}, {"maxAge": 1, "shares": 13405, "filerUrl": "", "transactionText": "", "filerName": "Nandhini (J)", "filerRelation": "Promoter", "moneyText": "", "startDate": "2017-03-08", "ownership": "D"}, {"maxAge": 1, "shares": 9561, "filerUrl": "", "transactionText": "", "filerName": "Nandhini (J)", "filerRelation": "Promoter", "moneyText": "", "startDate": "2017-02-08", "ownership": "D"}, {"maxAge": 1, "shares": 11170, "filerUrl": "", "transactionText": "", "filerName": "Nandhini (J)", "filerRelation": "Promoter", "moneyText": "", "startDate": "2017-01-16", "ownership": "D"}, {"maxAge": 1, "shares": 20145, "filerUrl": "", "transactionText": "", "filerName": "Nandhini (J)", "filerRelation": "Promoter", "moneyText": "", "startDate": "2016-11-07", "ownership": "D"}, {"maxAge": 1, "shares": 49009, "filerUrl": "", "transactionText": "", "filerName": "Nandhini (J)", "filerRelation": "Promoter", "moneyText": "", "startDate": "2016-11-04", "ownership": "D"}, {"maxAge": 1, "shares": 10750, "filerUrl": "", "transactionText": "", "filerName": "Nandhini (J)", "filerRelation": "Promoter", "moneyText": "", "startDate": "2016-11-01", "ownership": "D"}, {"maxAge": 1, "shares": 126922, "filerUrl": "", "transactionText": "", "filerName": "Nandhini (J)", "filerRelation": "Promoter", "moneyText": "", "startDate": "2016-10-30", "ownership": "D"}, {"maxAge": 1, "shares": 494, "filerUrl": "", "transactionText": "", "filerName": "Jayanthi (S)", "filerRelation": "Promoter", "moneyText": "", "startDate": "2016-10-14", "ownership": "D"}, {"maxAge": 1, "shares": 8850, "filerUrl": "", "transactionText": "", "filerName": "Jayanthi (S)", "filerRelation": "Promoter", "moneyText": "", "startDate": "2016-10-03", "ownership": "D"}, {"maxAge": 1, "shares": 3545, "filerUrl": "", "transactionText": "", "filerName": "Saroja (R)", "filerRelation": "Promoter", "moneyText": "", "startDate": "2016-09-23", "ownership": "D"}, {"maxAge": 1, "shares": 10082, "filerUrl": "", "transactionText": "", "filerName": "Saroja (R)", "filerRelation": "Promoter", "moneyText": "", "startDate": "2016-09-08", "ownership": "D"}, {"maxAge": 1, "shares": 9417, "filerUrl": "", "transactionText": "", "filerName": "Saroja (R)", "filerRelation": "Promoter", "moneyText": "", "startDate": "2016-08-24", "ownership": "D"}, {"maxAge": 1, "shares": 10175, "filerUrl": "", "transactionText": "", "filerName": "Saroja (R)", "filerRelation": "Promoter", "moneyText": "", "startDate": "2016-08-19", "ownership": "D"}, {"maxAge": 1, "shares": 16030, "filerUrl": "", "transactionText": "", "filerName": "Saroja (R)", "filerRelation": "Promoter", "moneyText": "", "startDate": "2016-08-17", "ownership": "D"}, {"maxAge": 1, "shares": 6846, "filerUrl": "", "transactionText": "", "filerName": "Saroja (R)", "filerRelation": "Promoter", "moneyText": "", "startDate": "2016-08-09", "ownership": "D"}, {"maxAge": 1, "shares": 5874, "filerUrl": "", "transactionText": "", "filerName": "Jayanthi (S)", "filerRelation": "Promoter", "moneyText": "", "startDate": "2016-08-05", "ownership": "D"}, {"maxAge": 1, "shares": 33170, "filerUrl": "", "transactionText": "", "filerName": "Saroja (R)", "filerRelation": "Promoter", "moneyText": "", "startDate": "2016-08-01", "ownership": "D"}, {"maxAge": 1, "shares": 607500, "filerUrl": "", "transactionText": "", "filerName": "Jaichander (R)", "filerRelation": "Joint Managing director", "moneyText": "", "startDate": "2012-06-08", "ownership": "D"}, {"maxAge": 1, "shares": 607500, "filerUrl": "", "transactionText": "", "filerName": "Amarjothi Colour Melange Spinning Mills Pvt Ltd", "filerRelation": "Promoter", "moneyText": "", "startDate": "2012-06-08", "ownership": "D"}, {"maxAge": 1, "shares": 607500, "filerUrl": "", "transactionText": "", "filerName": "Amarjothi Colour Melange Spinning Mills Pvt Ltd", "filerRelation": "Promoter", "moneyText": "", "startDate": "2012-06-07", "ownership": "D"}, {"maxAge": 1, "shares": 607500, "filerUrl": "", "transactionText": "", "filerName": "Premchander (R)", "filerRelation": "Managing Director", "moneyText": "", "startDate": "2012-06-07", "ownership": "D"}, {"maxAge": 1, "shares": 607500, "filerUrl": "", "transactionText": "", "filerName": "Rajan (N)", "filerRelation": "Chairman of the Board", "moneyText": "", "startDate": "2012-06-06", "ownership": "D"}, {"maxAge": 1, "shares": 607500, "filerUrl": "", "transactionText": "", "filerName": "Amarjothi Colour Melange Spinning Mills Pvt Ltd", "filerRelation": "Promoter", "moneyText": "", "startDate": "2012-06-06", "ownership": "D"}], "maxAge": 1}, "quoteType": {"exchange": "BSE", "quoteType": "EQUITY", "symbol": "AMARJOTHI.BO", "underlyingSymbol": "AMARJOTHI.BO", "shortName": "AMARJOTHI SPINNING MILLS LTD.", "longName": "Amarjothi Spinning Mills Limited", "firstTradeDateEpochUtc": "2002-01-03 09:15:00", "timeZoneFullName": "Asia/Kolkata", "timeZoneShortName": "IST", "uuid": "1ff91030-74a9-3ff9-89fd-69cc47c793f0", "gmtOffSetMilliseconds": 19800000, "maxAge": 1}, "incomeStatementHistory": {"incomeStatementHistory": [{"maxAge": 1, "endDate": "2020-03-31", "totalRevenue": 1715944000, "costOfRevenue": 876458000, "grossProfit": 839486000, "researchDevelopment": {}, "sellingGeneralAdministrative": 145271000, "nonRecurring": {}, "otherOperatingExpenses": 317093000, "totalOperatingExpenses": 1513269000, "operatingIncome": 202675000, "totalOtherIncomeExpenseNet": -53238000, "ebit": 202675000, "interestExpense": -95647000, "incomeBeforeTax": 149437000, "incomeTaxExpense": 47276000, "minorityInterest": 82938000, "netIncomeFromContinuingOps": 102161000, "discontinuedOperations": {}, "extraordinaryItems": {}, "effectOfAccountingCharges": {}, "otherItems": {}, "netIncome": 108867000, "netIncomeApplicableToCommonShares": 108867000}, {"maxAge": 1, "endDate": "2019-03-31", "totalRevenue": 2139913000, "costOfRevenue": 1189926000, "grossProfit": 949987000, "researchDevelopment": {}, "sellingGeneralAdministrative": 152234000, "nonRecurring": {}, "otherOperatingExpenses": 371435000, "totalOperatingExpenses": 1881210000, "operatingIncome": 258703000, "totalOtherIncomeExpenseNet": -46809000, "ebit": 258703000, "interestExpense": -140245000, "incomeBeforeTax": 211894000, "incomeTaxExpense": 59516000, "minorityInterest": 80905000, "netIncomeFromContinuingOps": 152378000, "discontinuedOperations": {}, "extraordinaryItems": {}, "effectOfAccountingCharges": {}, "otherItems": {}, "netIncome": 152378000, "netIncomeApplicableToCommonShares": 152378000}, {"maxAge": 1, "endDate": "2018-03-31", "totalRevenue": 1896714000, "costOfRevenue": 983734000, "grossProfit": 912980000, "researchDevelopment": {}, "sellingGeneralAdministrative": 148491000, "nonRecurring": {}, "otherOperatingExpenses": 343108000, "totalOperatingExpenses": 1608667000, "operatingIncome": 288047000, "totalOtherIncomeExpenseNet": -114232000, "ebit": 288047000, "interestExpense": -118967000, "incomeBeforeTax": 173815000, "incomeTaxExpense": 24443000, "minorityInterest": 40561000, "netIncomeFromContinuingOps": 149372000, "discontinuedOperations": {}, "extraordinaryItems": {}, "effectOfAccountingCharges": {}, "otherItems": {}, "netIncome": 129268000, "netIncomeApplicableToCommonShares": 129268000}, {"maxAge": 1, "endDate": "2017-03-31", "totalRevenue": 2168203000, "costOfRevenue": 1233460000, "grossProfit": 934743000, "researchDevelopment": {}, "sellingGeneralAdministrative": 103873000, "nonRecurring": {}, "otherOperatingExpenses": 349635000, "totalOperatingExpenses": 1825341000, "operatingIncome": 342862000, "totalOtherIncomeExpenseNet": -93899000, "ebit": 342862000, "interestExpense": -123242000, "incomeBeforeTax": 248963000, "incomeTaxExpense": 75932000, "minorityInterest": 59937000, "netIncomeFromContinuingOps": 173031000, "discontinuedOperations": {}, "extraordinaryItems": {}, "effectOfAccountingCharges": {}, "otherItems": {}, "netIncome": 151941000, "netIncomeApplicableToCommonShares": 151941000}], "maxAge": 86400}, "fundOwnership": {"ownershipList": [], "maxAge": 1}, "summaryDetail": {"maxAge": 1, "priceHint": 2, "previousClose": 107.6, "open": 109.9, "dayLow": 105.7, "dayHigh": 109.9, "regularMarketPreviousClose": 107.6, "regularMarketOpen": 109.9, "regularMarketDayLow": 105.7, "regularMarketDayHigh": 109.9, "trailingPE": 10.184125, "forwardPE": 3.28765, "volume": 4887, "regularMarketVolume": 4887, "averageVolume": 16711, "averageVolume10days": 7563, "averageDailyVolume10Day": 7563, "bid": 106.75, "ask": 0.0, "bidSize": 0, "askSize": 0, "marketCap": 720562496, "fiftyTwoWeekLow": 39.0, "fiftyTwoWeekHigh": 126.5, "fiftyDayAverage": 106.27273, "twoHundredDayAverage": 69.40956, "trailingAnnualDividendRate": 2.0, "trailingAnnualDividendYield": 0.01858736, "currency": "INR", "fromCurrency": null, "lastMarket": null, "algorithm": null, "tradeable": false}, "sectorTrend": {"maxAge": 1, "symbol": null, "estimates": []}, "incomeStatementHistoryQuarterly": {"incomeStatementHistory": [{"maxAge": 1, "endDate": "2020-06-30", "totalRevenue": 243558000, "costOfRevenue": 111186000, "grossProfit": 132372000, "researchDevelopment": {}, "sellingGeneralAdministrative": 22397000, "nonRecurring": {}, "otherOperatingExpenses": 57038000, "totalOperatingExpenses": 228957000, "operatingIncome": 14601000, "totalOtherIncomeExpenseNet": -12741000, "ebit": 14601000, "interestExpense": -14712000, "incomeBeforeTax": 1860000, "incomeTaxExpense": 412000, "minorityInterest": {}, "netIncomeFromContinuingOps": 1448000, "discontinuedOperations": {}, "extraordinaryItems": {}, "effectOfAccountingCharges": {}, "otherItems": {}, "netIncome": 1169000, "netIncomeApplicableToCommonShares": 1169000}, {"maxAge": 1, "endDate": "2020-03-31", "totalRevenue": 368690000, "costOfRevenue": 216892000, "grossProfit": 151798000, "researchDevelopment": {}, "sellingGeneralAdministrative": 43475000, "nonRecurring": {}, "otherOperatingExpenses": 28911000, "totalOperatingExpenses": 346994000, "operatingIncome": 21696000, "totalOtherIncomeExpenseNet": -3692000, "ebit": 21696000, "interestExpense": -32803000, "incomeBeforeTax": 18004000, "incomeTaxExpense": 20590000, "minorityInterest": 82938000, "netIncomeFromContinuingOps": -2586000, "discontinuedOperations": {}, "extraordinaryItems": {}, "effectOfAccountingCharges": {}, "otherItems": {}, "netIncome": 4120000, "netIncomeApplicableToCommonShares": 4120000}, {"maxAge": 1, "endDate": "2019-12-31", "totalRevenue": 364972000, "costOfRevenue": 158818000, "grossProfit": 206154000, "researchDevelopment": {}, "sellingGeneralAdministrative": 34732000, "nonRecurring": {}, "otherOperatingExpenses": 73483000, "totalOperatingExpenses": 306849000, "operatingIncome": 58123000, "totalOtherIncomeExpenseNet": -12322000, "ebit": 58123000, "interestExpense": -20479000, "incomeBeforeTax": 45801000, "incomeTaxExpense": 9299000, "minorityInterest": 82938000, "netIncomeFromContinuingOps": 36502000, "discontinuedOperations": {}, "extraordinaryItems": {}, "effectOfAccountingCharges": {}, "otherItems": {}, "netIncome": 36502000, "netIncomeApplicableToCommonShares": 36502000}, {"maxAge": 1, "endDate": "2019-09-30", "totalRevenue": 475100000, "costOfRevenue": 240687000, "grossProfit": 234413000, "researchDevelopment": {}, "sellingGeneralAdministrative": 32918000, "nonRecurring": {}, "otherOperatingExpenses": 109281000, "totalOperatingExpenses": 419864000, "operatingIncome": 55236000, "totalOtherIncomeExpenseNet": -16051000, "ebit": 55236000, "interestExpense": -19830000, "incomeBeforeTax": 39185000, "incomeTaxExpense": 7956000, "minorityInterest": 68747000, "netIncomeFromContinuingOps": 31229000, "discontinuedOperations": {}, "extraordinaryItems": {}, "effectOfAccountingCharges": {}, "otherItems": {}, "netIncome": 31229000, "netIncomeApplicableToCommonShares": 31229000}], "maxAge": 86400}, "cashflowStatementHistoryQuarterly": {"cashflowStatements": [{"maxAge": 1, "endDate": "2020-06-30", "netIncome": 1169000, "changeToLiabilities": 0}, {"maxAge": 1, "endDate": "2020-03-31", "netIncome": 4120000, "changeToLiabilities": 0}, {"maxAge": 1, "endDate": "2019-12-31", "netIncome": 36502000, "changeToLiabilities": 0}, {"maxAge": 1, "endDate": "2019-09-30", "netIncome": 31229000, "changeToLiabilities": 0}], "maxAge": 86400}, "insiderHolders": {"holders": [{"maxAge": 1, "name": "Amarjothi Colour Melange Spinning Mills Pvt Ltd", "relation": "Promoter", "url": "", "transactionDescription": "Sale", "latestTransDate": "2012-06-08", "positionDirect": 0, "positionDirectDate": "2012-06-08"}, {"maxAge": 1, "name": "Jaichander (R)", "relation": "Joint Managing director", "url": "", "transactionDescription": "Acquisition", "latestTransDate": "2012-06-08", "positionDirect": 1275498, "positionDirectDate": "2012-06-08"}, {"maxAge": 1, "name": "Jayanthi (S)", "relation": "Promoter", "url": "", "transactionDescription": "Sale", "latestTransDate": "2016-10-14", "positionDirect": 87326, "positionDirectDate": "2016-10-14"}, {"maxAge": 1, "name": "Nandhini (J)", "relation": "Promoter", "url": "", "transactionDescription": "Sale", "latestTransDate": "2017-04-05", "positionDirect": 0, "positionDirectDate": "2017-04-05"}, {"maxAge": 1, "name": "Premchander (R)", "relation": "Managing Director", "url": "", "transactionDescription": "Acquisition", "latestTransDate": "2012-06-07", "positionDirect": 1275653, "positionDirectDate": "2012-06-07"}, {"maxAge": 1, "name": "Rajan (N)", "relation": "Chairman of the Board", "url": "", "transactionDescription": "Acquisition", "latestTransDate": "2012-06-06", "positionDirect": 1164780, "positionDirectDate": "2012-06-06"}, {"maxAge": 1, "name": "Saroja (R)", "relation": "Promoter", "url": "", "transactionDescription": "Sale", "latestTransDate": "2016-09-23", "positionDirectDate": "2016-09-23"}], "maxAge": 1}, "earnings": {"maxAge": 86400, "earningsChart": {"quarterly": [{"date": "1Q2017", "actual": 3.12, "estimate": 5.85}, {"date": "2Q2017", "actual": 14.51, "estimate": 4.66}], "currentQuarterEstimateDate": "3Q", "currentQuarterEstimateYear": 2017, "earningsDate": []}, "financialsChart": {"yearly": [{"date": 2017, "revenue": 2168203000, "earnings": 151941000}, {"date": 2018, "revenue": 1896714000, "earnings": 129268000}, {"date": 2019, "revenue": 2139913000, "earnings": 152378000}, {"date": 2020, "revenue": 1715944000, "earnings": 108867000}], "quarterly": [{"date": "3Q2019", "revenue": 475100000, "earnings": 31229000}, {"date": "4Q2019", "revenue": 364972000, "earnings": 36502000}, {"date": "1Q2020", "revenue": 368690000, "earnings": 4120000}, {"date": "2Q2020", "revenue": 243558000, "earnings": 1169000}]}, "financialCurrency": "INR"}, "calendarEvents": {"maxAge": 1, "earnings": {"earningsDate": [], "revenueAverage": 437225000, "revenueLow": 556560000, "revenueHigh": 556560000}}, "upgradeDowngradeHistory": {"history": [], "maxAge": 86400}, "price": {"maxAge": 1, "regularMarketChangePercent": -0.007899614, "regularMarketChange": -0.8499985, "regularMarketTime": "2021-04-30 15:50:41", "priceHint": 2, "regularMarketPrice": 106.75, "regularMarketDayHigh": 109.9, "regularMarketDayLow": 105.7, "regularMarketVolume": 4887, "averageDailyVolume10Day": 7563, "averageDailyVolume3Month": 16711, "regularMarketPreviousClose": 107.6, "regularMarketSource": "FREE_REALTIME", "regularMarketOpen": 109.9, "exchange": "BSE", "exchangeName": "BSE", "exchangeDataDelayedBy": 0, "marketState": "CLOSED", "quoteType": "EQUITY", "symbol": "AMARJOTHI.BO", "underlyingSymbol": null, "shortName": "AMARJOTHI SPINNING MILLS LTD.", "longName": "Amarjothi Spinning Mills Limited", "currency": "INR", "quoteSourceName": "Delayed Quote", "currencySymbol": "\u20b9", "fromCurrency": null, "lastMarket": null, "marketCap": 720562496}, "balanceSheetHistory": {"balanceSheetStatements": [{"maxAge": 1, "endDate": "2020-03-31", "cash": 4324000, "netReceivables": 185266000, "inventory": 608552000, "otherCurrentAssets": 433440000, "totalCurrentAssets": 1231582000, "longTermInvestments": 9115000, "propertyPlantEquipment": 1769427000, "intangibleAssets": 45000, "otherAssets": 15861000, "totalAssets": 3026030000, "accountsPayable": 153156000, "shortLongTermDebt": 69456000, "otherCurrentLiab": 33192000, "longTermDebt": 1103771000, "otherLiab": 158297000, "minorityInterest": 82938000, "totalCurrentLiabilities": 338408000, "totalLiab": 1600476000, "commonStock": 67500000, "retainedEarnings": 1243699000, "treasuryStock": 8917000, "capitalSurplus": 22500000, "otherStockholderEquity": 8917000, "totalStockholderEquity": 1342616000, "netTangibleAssets": 1342571000}, {"maxAge": 1, "endDate": "2019-03-31", "cash": 16812000, "netReceivables": 291574000, "inventory": 549952000, "otherCurrentAssets": 473788000, "totalCurrentAssets": 1332126000, "longTermInvestments": 9096000, "propertyPlantEquipment": 1906803000, "intangibleAssets": 105000, "otherAssets": 19872000, "totalAssets": 3268002000, "accountsPayable": 596014000, "shortLongTermDebt": 71519000, "otherCurrentLiab": 36782000, "longTermDebt": 1026287000, "otherLiab": 141576000, "minorityInterest": 80905000, "totalCurrentLiabilities": 771409000, "totalLiab": 1939272000, "commonStock": 67500000, "retainedEarnings": 1151080000, "treasuryStock": 6745000, "capitalSurplus": 22500000, "otherStockholderEquity": 6745000, "totalStockholderEquity": 1247825000, "netTangibleAssets": 1247720000}, {"maxAge": 1, "endDate": "2018-03-31", "cash": 51033000, "netReceivables": 283344000, "inventory": 728574000, "otherCurrentAssets": 210884000, "totalCurrentAssets": 1273835000, "longTermInvestments": 8322000, "propertyPlantEquipment": 1698916000, "goodWill": 32000, "intangibleAssets": 165000, "otherAssets": 37829000, "totalAssets": 3019099000, "accountsPayable": 56839000, "shortLongTermDebt": 49840000, "otherCurrentLiab": 41282000, "longTermDebt": 1523273000, "otherLiab": 116360000, "minorityInterest": 40561000, "totalCurrentLiabilities": 231335000, "totalLiab": 1870968000, "commonStock": 67500000, "retainedEarnings": 1016641000, "treasuryStock": 929000, "capitalSurplus": 22500000, "otherStockholderEquity": 929000, "totalStockholderEquity": 1107570000, "netTangibleAssets": 1107373000}, {"maxAge": 1, "endDate": "2017-03-31", "cash": 4704000, "netReceivables": 276009000, "inventory": 717213000, "otherCurrentAssets": 101900000, "totalCurrentAssets": 1099826000, "longTermInvestments": 8347000, "propertyPlantEquipment": 1036124000, "intangibleAssets": 156000, "otherAssets": 35453000, "totalAssets": 2179906000, "accountsPayable": 83421000, "otherCurrentLiab": 107891000, "longTermDebt": 718950000, "otherLiab": 130385000, "minorityInterest": 59937000, "totalCurrentLiabilities": 272403000, "totalLiab": 1121738000, "commonStock": 67500000, "retainedEarnings": 906661000, "treasuryStock": 1570000, "capitalSurplus": 22500000, "otherStockholderEquity": 1570000, "totalStockholderEquity": 998231000, "netTangibleAssets": 998075000}], "maxAge": 86400}, "earningsTrend": {"trend": [{"maxAge": 1, "period": "0q", "endDate": "2017-09-30", "growth": {}, "earningsEstimate": {"avg": 0.0, "low": 0.0, "high": 0.0, "yearAgoEps": {}, "numberOfAnalysts": 0, "growth": {}}, "revenueEstimate": {"avg": 437225000, "low": 556560000, "high": 556560000, "numberOfAnalysts": 1, "yearAgoRevenue": {}, "growth": {}}, "epsTrend": {"current": 0.0, "7daysAgo": 9.55, "30daysAgo": 9.55, "60daysAgo": 9.55, "90daysAgo": 9.55}, "epsRevisions": {"upLast7days": 0, "upLast30days": 0, "downLast30days": 0, "downLast90days": {}}}, {"maxAge": 1, "period": "+1q", "endDate": "2017-12-31", "growth": {}, "earningsEstimate": {"avg": 0.0, "low": 0.0, "high": 0.0, "yearAgoEps": {}, "numberOfAnalysts": 0, "growth": {}}, "revenueEstimate": {"avg": 423977000, "low": 0, "high": 0, "numberOfAnalysts": 0, "yearAgoRevenue": {}, "growth": {}}, "epsTrend": {"current": 0.0, "7daysAgo": 0.0, "30daysAgo": 0.0, "60daysAgo": 0.0, "90daysAgo": 0.0}, "epsRevisions": {"upLast7days": 0, "upLast30days": 0, "downLast30days": 0, "downLast90days": {}}}, {"maxAge": 1, "period": "0y", "endDate": "2018-03-31", "growth": {}, "earningsEstimate": {"avg": 0.0, "low": 0.0, "high": 0.0, "yearAgoEps": {}, "numberOfAnalysts": 0, "growth": {}}, "revenueEstimate": {"avg": 1921950000, "low": 2298300000, "high": 2298300000, "numberOfAnalysts": 1, "yearAgoRevenue": 2168200000, "growth": -0.11399999}, "epsTrend": {"current": 0.0, "7daysAgo": 27.51, "30daysAgo": 27.51, "60daysAgo": 27.51, "90daysAgo": 27.51}, "epsRevisions": {"upLast7days": 0, "upLast30days": 0, "downLast30days": 0, "downLast90days": {}}}, {"maxAge": 1, "period": "+1y", "endDate": "2019-03-31", "growth": {}, "earningsEstimate": {"avg": 0.0, "low": 0.0, "high": 0.0, "yearAgoEps": {}, "numberOfAnalysts": 0, "growth": {}}, "revenueEstimate": {"avg": 2459180000, "low": 2459180000, "high": 2459180000, "numberOfAnalysts": 1, "yearAgoRevenue": 1921950000, "growth": 0.28}, "epsTrend": {"current": 0.0, "7daysAgo": 32.47, "30daysAgo": 32.47, "60daysAgo": 32.47, "90daysAgo": 32.47}, "epsRevisions": {"upLast7days": 0, "upLast30days": 0, "downLast30days": 0, "downLast90days": {}}}, {"maxAge": 1, "period": "+5y", "endDate": null, "growth": {}, "earningsEstimate": {"avg": {}, "low": {}, "high": {}, "yearAgoEps": {}, "numberOfAnalysts": {}, "growth": {}}, "revenueEstimate": {"avg": {}, "low": {}, "high": {}, "numberOfAnalysts": {}, "yearAgoRevenue": {}, "growth": {}}, "epsTrend": {"current": {}, "7daysAgo": {}, "30daysAgo": {}, "60daysAgo": {}, "90daysAgo": {}}, "epsRevisions": {"upLast7days": {}, "upLast30days": {}, "downLast30days": {}, "downLast90days": {}}}, {"maxAge": 1, "period": "-5y", "endDate": null, "growth": {}, "earningsEstimate": {"avg": {}, "low": {}, "high": {}, "yearAgoEps": {}, "numberOfAnalysts": {}, "growth": {}}, "revenueEstimate": {"avg": {}, "low": {}, "high": {}, "numberOfAnalysts": {}, "yearAgoRevenue": {}, "growth": {}}, "epsTrend": {"current": {}, "7daysAgo": {}, "30daysAgo": {}, "60daysAgo": {}, "90daysAgo": {}}, "epsRevisions": {"upLast7days": {}, "upLast30days": {}, "downLast30days": {}, "downLast90days": {}}}], "maxAge": 1}, "financialData": {"maxAge": 86400, "currentPrice": 106.75, "recommendationKey": "none", "grossProfits": 839486000, "financialCurrency": "INR"}}}