{"AMBALALSA.BO": {"cashflowStatementHistory": {"cashflowStatements": [{"maxAge": 1, "endDate": "2020-03-31", "netIncome": 140616000, "depreciation": 25331000, "changeToNetincome": -174336000, "changeToAccountReceivables": 47906000, "changeToLiabilities": -26732000, "changeToInventory": -14616000, "changeToOperatingActivities": -67287000, "totalCashFromOperatingActivities": -68794000, "capitalExpenditures": -38145000, "investments": -100861000, "otherCashflowsFromInvestingActivities": 20531000, "totalCashflowsFromInvestingActivities": 168876000, "netBorrowings": -108534000, "otherCashflowsFromFinancingActivities": -33621000, "totalCashFromFinancingActivities": -142155000, "changeInCash": -42073000}, {"maxAge": 1, "endDate": "2019-03-31", "netIncome": 42492000, "depreciation": 20418000, "changeToNetincome": -41854000, "changeToAccountReceivables": -13701000, "changeToLiabilities": 70735000, "changeToInventory": -5905000, "changeToOperatingActivities": 115275000, "totalCashFromOperatingActivities": 188025000, "capitalExpenditures": -103898000, "investments": -15799000, "otherCashflowsFromInvestingActivities": 25565000, "totalCashflowsFromInvestingActivities": -92461000, "netBorrowings": -29609000, "otherCashflowsFromFinancingActivities": -31077000, "totalCashFromFinancingActivities": -60686000, "changeInCash": 34878000}, {"maxAge": 1, "endDate": "2018-03-31", "netIncome": 12771000, "depreciation": 20126000, "changeToNetincome": -272564000, "changeToAccountReceivables": -53384000, "changeToLiabilities": 101104000, "changeToInventory": -5839000, "changeToOperatingActivities": 122763000, "totalCashFromOperatingActivities": -73930000, "capitalExpenditures": -115502000, "investments": -7451000, "otherCashflowsFromInvestingActivities": 31257000, "totalCashflowsFromInvestingActivities": 175807000, "netBorrowings": 10281000, "otherCashflowsFromFinancingActivities": -31158000, "totalCashFromFinancingActivities": -20865000, "changeInCash": 81012000, "issuanceOfStock": 12000}, {"maxAge": 1, "endDate": "2017-03-31", "netIncome": -182262000, "depreciation": 41637000, "changeToNetincome": 165815000, "changeToAccountReceivables": -7784000, "changeToLiabilities": 4893000, "changeToInventory": -2993000, "changeToOperatingActivities": 33589000, "totalCashFromOperatingActivities": 53983000, "capitalExpenditures": -50716000, "investments": -4174000, "otherCashflowsFromInvestingActivities": 10230000, "totalCashflowsFromInvestingActivities": -33071000, "netBorrowings": -15508000, "otherCashflowsFromFinancingActivities": -47126000, "totalCashFromFinancingActivities": -62634000, "changeInCash": -41722000, "issuanceOfStock": 12000}], "maxAge": 86400}, "institutionOwnership": {"maxAge": 1, "ownershipList": []}, "balanceSheetHistoryQuarterly": {"balanceSheetStatements": [{"maxAge": 1, "endDate": "2020-06-30", "totalStockholderEquity": 447674000, "netTangibleAssets": 201881000}, {"maxAge": 1, "endDate": "2020-03-31", "cash": 127877000, "netReceivables": 378971000, "inventory": 164465000, "otherCurrentAssets": 363673000, "totalCurrentAssets": 1039683000, "longTermInvestments": 181216000, "propertyPlantEquipment": 332893000, "goodWill": 245259000, "intangibleAssets": 534000, "otherAssets": 64914000, "deferredLongTermAssetCharges": 34224000, "totalAssets": 1864499000, "accountsPayable": 400216000, "shortLongTermDebt": 17935000, "otherCurrentLiab": 250698000, "longTermDebt": 45415000, "otherLiab": 33682000, "minorityInterest": -90000, "totalCurrentLiabilities": 1334654000, "totalLiab": 1416915000, "commonStock": 766333000, "retainedEarnings": -426804000, "treasuryStock": 2053000, "capitalSurplus": 106092000, "otherStockholderEquity": 2053000, "totalStockholderEquity": 447674000, "netTangibleAssets": 201881000}, {"maxAge": 1, "endDate": "2019-12-31", "totalStockholderEquity": 309846000, "netTangibleAssets": 63879000}, {"maxAge": 1, "endDate": "2019-09-30", "cash": 240670000, "shortTermInvestments": 170689000, "netReceivables": 293621000, "inventory": 160707000, "otherCurrentAssets": 291933000, "totalCurrentAssets": 1157620000, "longTermInvestments": 185606000, "propertyPlantEquipment": 593480000, "goodWill": 245259000, "intangibleAssets": 708000, "otherAssets": 65558000, "deferredLongTermAssetCharges": 40732000, "totalAssets": 2248231000, "accountsPayable": 415142000, "otherCurrentLiab": 889883000, "longTermDebt": 64011000, "otherLiab": 36114000, "minorityInterest": -46000, "totalCurrentLiabilities": 1838306000, "totalLiab": 1938431000, "commonStock": 766333000, "treasuryStock": -456487000, "otherStockholderEquity": -456487000, "totalStockholderEquity": 309846000, "netTangibleAssets": 63879000}], "maxAge": 86400}, "indexTrend": {"maxAge": 1, "symbol": "SP5", "peRatio": 19.7411, "pegRatio": 1.34172, "estimates": [{"period": "0q", "growth": 0.549}, {"period": "+1q", "growth": 0.431}, {"period": "0y", "growth": 0.305}, {"period": "+1y", "growth": 0.109}, {"period": "+5y", "growth": 0.120859005}, {"period": "-5y"}]}, "quoteType": {"exchange": "BSE", "quoteType": "EQUITY", "symbol": "AMBALALSA.BO", "underlyingSymbol": "AMBALALSA.BO", "shortName": "AMBALAL SARABHAI ENTERPRISES L", "longName": "Ambalal Sarabhai Enterprises Limited", "firstTradeDateEpochUtc": "2000-05-04 09:15:00", "timeZoneFullName": "Asia/Kolkata", "timeZoneShortName": "IST", "uuid": "73f0b83d-229c-3ee0-9e31-1c1bfc99239b", "messageBoardId": null, "gmtOffSetMilliseconds": 19800000, "maxAge": 1}, "incomeStatementHistory": {"incomeStatementHistory": [{"maxAge": 1, "endDate": "2020-03-31", "totalRevenue": 1334983000, "costOfRevenue": 803322000, "grossProfit": 531661000, "researchDevelopment": {}, "sellingGeneralAdministrative": 278662000, "nonRecurring": {}, "otherOperatingExpenses": 241522000, "totalOperatingExpenses": 1349396000, "operatingIncome": -14413000, "totalOtherIncomeExpenseNet": 163772000, "ebit": -14413000, "interestExpense": -30644000, "incomeBeforeTax": 149359000, "incomeTaxExpense": 8775000, "minorityInterest": -90000, "netIncomeFromContinuingOps": 140584000, "discontinuedOperations": {}, "extraordinaryItems": {}, "effectOfAccountingCharges": {}, "otherItems": {}, "netIncome": 140616000, "netIncomeApplicableToCommonShares": 140616000}, {"maxAge": 1, "endDate": "2019-03-31", "totalRevenue": 1518778000, "costOfRevenue": 905579000, "grossProfit": 613199000, "researchDevelopment": {}, "sellingGeneralAdministrative": 276046000, "nonRecurring": {}, "otherOperatingExpenses": 240938000, "totalOperatingExpenses": 1447893000, "operatingIncome": 70885000, "totalOtherIncomeExpenseNet": 11249000, "ebit": 70885000, "interestExpense": -32171000, "incomeBeforeTax": 82134000, "incomeTaxExpense": 39670000, "minorityInterest": -58000, "netIncomeFromContinuingOps": 42464000, "discontinuedOperations": {}, "extraordinaryItems": {}, "effectOfAccountingCharges": {}, "otherItems": {}, "netIncome": 42492000, "netIncomeApplicableToCommonShares": 42492000}, {"maxAge": 1, "endDate": "2018-03-31", "totalRevenue": 1250046000, "costOfRevenue": 707326000, "grossProfit": 542720000, "researchDevelopment": {}, "sellingGeneralAdministrative": 293556000, "nonRecurring": {}, "otherOperatingExpenses": 345228000, "totalOperatingExpenses": 1368909000, "operatingIncome": -118863000, "totalOtherIncomeExpenseNet": 198505000, "ebit": -118863000, "interestExpense": -32924000, "incomeBeforeTax": 79642000, "incomeTaxExpense": 66898000, "minorityInterest": -30000, "netIncomeFromContinuingOps": 12744000, "discontinuedOperations": {}, "extraordinaryItems": {}, "effectOfAccountingCharges": {}, "otherItems": {}, "netIncome": 12771000, "netIncomeApplicableToCommonShares": 12771000}, {"maxAge": 1, "endDate": "2017-03-31", "totalRevenue": 1338751000, "costOfRevenue": 760533000, "grossProfit": 578218000, "researchDevelopment": {}, "sellingGeneralAdministrative": 309857000, "nonRecurring": {}, "otherOperatingExpenses": 259023000, "totalOperatingExpenses": 1381479000, "operatingIncome": -42728000, "totalOtherIncomeExpenseNet": -93472000, "ebit": -42728000, "interestExpense": -46441000, "incomeBeforeTax": -136200000, "incomeTaxExpense": 46075000, "minorityInterest": -3000, "netIncomeFromContinuingOps": -182275000, "discontinuedOperations": {}, "extraordinaryItems": {}, "effectOfAccountingCharges": {}, "otherItems": {}, "netIncome": -182262000, "netIncomeApplicableToCommonShares": -182262000}], "maxAge": 86400}, "fundOwnership": {"maxAge": 1, "ownershipList": []}, "summaryDetail": {"maxAge": 1, "priceHint": 2, "previousClose": 25.2, "open": 26.0, "dayLow": 25.2, "dayHigh": 27.9, "regularMarketPreviousClose": 25.2, "regularMarketOpen": 26.0, "regularMarketDayLow": 25.2, "regularMarketDayHigh": 27.9, "trailingPE": 14.404954, "volume": 379390, "regularMarketVolume": 379390, "averageVolume": 68279, "averageVolume10days": 66653, "averageDailyVolume10Day": 66653, "bid": 26.75, "ask": 26.75, "bidSize": 0, "askSize": 0, "marketCap": 2049940608, "fiftyTwoWeekLow": 12.5, "fiftyTwoWeekHigh": 30.95, "fiftyDayAverage": 21.652857, "twoHundredDayAverage": 20.99781, "currency": "INR", "fromCurrency": null, "toCurrency": null, "lastMarket": null, "algorithm": null, "tradeable": false}, "incomeStatementHistoryQuarterly": {"incomeStatementHistory": [{"maxAge": 1, "endDate": "2020-06-30", "totalRevenue": 267214000, "costOfRevenue": 154237000, "grossProfit": 112977000, "researchDevelopment": {}, "sellingGeneralAdministrative": 64686000, "nonRecurring": {}, "otherOperatingExpenses": 31737000, "totalOperatingExpenses": 257188000, "operatingIncome": 10026000, "totalOtherIncomeExpenseNet": 3312000, "ebit": 10026000, "interestExpense": -8146000, "incomeBeforeTax": 13338000, "incomeTaxExpense": 4039000, "minorityInterest": {}, "netIncomeFromContinuingOps": 9299000, "discontinuedOperations": {}, "extraordinaryItems": {}, "effectOfAccountingCharges": {}, "otherItems": {}, "netIncome": 9305000, "netIncomeApplicableToCommonShares": 9305000}, {"maxAge": 1, "endDate": "2020-03-31", "totalRevenue": 385610000, "costOfRevenue": 232546000, "grossProfit": 153064000, "researchDevelopment": {}, "sellingGeneralAdministrative": 84175000, "nonRecurring": {}, "otherOperatingExpenses": 106472000, "totalOperatingExpenses": 433715000, "operatingIncome": -48105000, "totalOtherIncomeExpenseNet": 188244000, "ebit": -48105000, "interestExpense": -5965000, "incomeBeforeTax": 140139000, "incomeTaxExpense": 11020000, "minorityInterest": -90000, "netIncomeFromContinuingOps": 129119000, "discontinuedOperations": {}, "extraordinaryItems": {}, "effectOfAccountingCharges": {}, "otherItems": {}, "netIncome": 129133000, "netIncomeApplicableToCommonShares": 129133000}, {"maxAge": 1, "endDate": "2019-12-31", "totalRevenue": 317142000, "costOfRevenue": 188269000, "grossProfit": 128873000, "researchDevelopment": {}, "sellingGeneralAdministrative": 65655000, "nonRecurring": {}, "otherOperatingExpenses": 46629000, "totalOperatingExpenses": 305781000, "operatingIncome": 11361000, "totalOtherIncomeExpenseNet": -7401000, "ebit": 11361000, "interestExpense": -5508000, "incomeBeforeTax": 3960000, "incomeTaxExpense": -666000, "minorityInterest": -90000, "netIncomeFromContinuingOps": 4626000, "discontinuedOperations": {}, "extraordinaryItems": {}, "effectOfAccountingCharges": {}, "otherItems": {}, "netIncome": 4620000, "netIncomeApplicableToCommonShares": 4620000}, {"maxAge": 1, "endDate": "2019-09-30", "totalRevenue": 322745000, "costOfRevenue": 193125000, "grossProfit": 129620000, "researchDevelopment": {}, "sellingGeneralAdministrative": 63416000, "nonRecurring": {}, "otherOperatingExpenses": 49609000, "totalOperatingExpenses": 311158000, "operatingIncome": 11587000, "totalOtherIncomeExpenseNet": -11842000, "ebit": 11587000, "interestExpense": -9924000, "incomeBeforeTax": -255000, "incomeTaxExpense": -1183000, "minorityInterest": -46000, "netIncomeFromContinuingOps": 928000, "discontinuedOperations": {}, "extraordinaryItems": {}, "effectOfAccountingCharges": {}, "otherItems": {}, "netIncome": 973000, "netIncomeApplicableToCommonShares": 973000}], "maxAge": 86400}, "cashflowStatementHistoryQuarterly": {"cashflowStatements": [{"maxAge": 1, "endDate": "2020-06-30", "netIncome": 9305000, "changeToLiabilities": 0}, {"maxAge": 1, "endDate": "2020-03-31", "netIncome": 129133000, "changeToLiabilities": 0}, {"maxAge": 1, "endDate": "2019-12-31", "netIncome": 4620000, "changeToLiabilities": 0}, {"maxAge": 1, "endDate": "2019-09-30", "netIncome": 973000, "changeToLiabilities": 0}], "maxAge": 86400}, "insiderHolders": {"holders": [], "maxAge": 1}, "calendarEvents": {"maxAge": 1, "earnings": {"earningsDate": []}}, "price": {"maxAge": 1, "regularMarketChangePercent": 0.061507903, "regularMarketChange": 1.5499992, "regularMarketTime": "2021-04-30 15:43:26", "priceHint": 2, "regularMarketPrice": 26.75, "regularMarketDayHigh": 27.9, "regularMarketDayLow": 25.2, "regularMarketVolume": 379390, "averageDailyVolume10Day": 66653, "averageDailyVolume3Month": 68279, "regularMarketPreviousClose": 25.2, "regularMarketSource": "FREE_REALTIME", "regularMarketOpen": 26.0, "exchange": "BSE", "exchangeName": "BSE", "exchangeDataDelayedBy": 0, "marketState": "CLOSED", "quoteType": "EQUITY", "symbol": "AMBALALSA.BO", "underlyingSymbol": null, "shortName": "AMBALAL SARABHAI ENTERPRISES L", "longName": "Ambalal Sarabhai Enterprises Limited", "currency": "INR", "quoteSourceName": "Delayed Quote", "currencySymbol": "\u20b9", "fromCurrency": null, "toCurrency": null, "lastMarket": null, "marketCap": 2049940608}, "balanceSheetHistory": {"balanceSheetStatements": [{"maxAge": 1, "endDate": "2020-03-31", "cash": 127877000, "netReceivables": 378971000, "inventory": 164465000, "otherCurrentAssets": 363673000, "totalCurrentAssets": 1039683000, "longTermInvestments": 181216000, "propertyPlantEquipment": 332893000, "goodWill": 245259000, "intangibleAssets": 534000, "otherAssets": 64914000, "deferredLongTermAssetCharges": 34224000, "totalAssets": 1864499000, "accountsPayable": 400216000, "shortLongTermDebt": 17935000, "otherCurrentLiab": 250698000, "longTermDebt": 45415000, "otherLiab": 33682000, "minorityInterest": -90000, "totalCurrentLiabilities": 1334654000, "totalLiab": 1416915000, "commonStock": 766333000, "retainedEarnings": -426804000, "treasuryStock": 2053000, "capitalSurplus": 106092000, "otherStockholderEquity": 2053000, "totalStockholderEquity": 447674000, "netTangibleAssets": 201881000}, {"maxAge": 1, "endDate": "2019-03-31", "cash": 169950000, "shortTermInvestments": 158261000, "netReceivables": 498820000, "inventory": 149849000, "otherCurrentAssets": 340736000, "totalCurrentAssets": 1162621000, "longTermInvestments": 93566000, "propertyPlantEquipment": 570953000, "goodWill": 245259000, "intangibleAssets": 879000, "otherAssets": 71657000, "deferredLongTermAssetCharges": 36544000, "totalAssets": 2144935000, "accountsPayable": 468300000, "shortLongTermDebt": 27403000, "otherCurrentLiab": 483128000, "longTermDebt": 87594000, "otherLiab": 37961000, "minorityInterest": -58000, "totalCurrentLiabilities": 1713208000, "totalLiab": 1838763000, "commonStock": 766333000, "retainedEarnings": -567627000, "treasuryStock": 1432000, "capitalSurplus": 106092000, "otherStockholderEquity": 1432000, "totalStockholderEquity": 306230000, "netTangibleAssets": 60092000}, {"maxAge": 1, "endDate": "2018-03-31", "cash": 135072000, "shortTermInvestments": 27000, "netReceivables": 569285000, "inventory": 143944000, "otherCurrentAssets": 283635000, "totalCurrentAssets": 1135501000, "longTermInvestments": 54274000, "propertyPlantEquipment": 482043000, "goodWill": 245259000, "intangibleAssets": 1170000, "otherAssets": 84291000, "deferredLongTermAssetCharges": 69100000, "totalAssets": 2002538000, "accountsPayable": 397565000, "shortLongTermDebt": 17534000, "otherCurrentLiab": 349100000, "longTermDebt": 111215000, "otherLiab": 71773000, "minorityInterest": -30000, "totalCurrentLiabilities": 1554406000, "totalLiab": 1737394000, "commonStock": 766333000, "retainedEarnings": -607196000, "treasuryStock": -55000, "capitalSurplus": 106092000, "otherStockholderEquity": -55000, "totalStockholderEquity": 265174000, "netTangibleAssets": 18745000}, {"maxAge": 1, "endDate": "2017-03-31", "cash": 54060000, "netReceivables": 334774000, "inventory": 138105000, "otherCurrentAssets": 204296000, "totalCurrentAssets": 732484000, "longTermInvestments": 48764000, "propertyPlantEquipment": 508403000, "goodWill": 245612000, "intangibleAssets": 2828000, "otherAssets": 98154000, "deferredLongTermAssetCharges": 81963000, "totalAssets": 1636245000, "accountsPayable": 291429000, "shortLongTermDebt": 14775000, "otherCurrentLiab": 142160000, "longTermDebt": 51099000, "otherLiab": 89137000, "minorityInterest": -3000, "totalCurrentLiabilities": 1244293000, "totalLiab": 1384529000, "commonStock": 766333000, "retainedEarnings": -621133000, "treasuryStock": 427000, "capitalSurplus": 106092000, "otherStockholderEquity": 427000, "totalStockholderEquity": 251719000, "netTangibleAssets": 3279000}], "maxAge": 86400}, "financialData": {"maxAge": 86400, "currentPrice": 26.75, "recommendationKey": "none", "grossProfits": 531661000, "financialCurrency": "INR"}}}