{"AMBER.NS": {"assetProfile": {"address1": "Universal Trade Tower", "address2": "1st Floor Sector \u00e2\u0080\u0093 49 Sohna Road", "city": "Gurugram", "zip": "122018", "country": "India", "phone": "91 12 4392 3000", "fax": "91 12 4392 3016", "website": "http://www.ambergroupindia.com", "industry": "Consumer Electronics", "sector": "Technology", "longBusinessSummary": "Amber Enterprises India Limited provides solutions to air conditioner OEM/ODM industries in India. It designs and manufactures a range of room air conditioners (RACs), including window air conditioners, indoor units, and outdoor units of split air conditioners; and inverter RACs. The company also offers functional components of RACs, such as heat exchangers, motors, and multi-flow condensers and invertor printed circuit boards; and other RAC components comprising sheet metal components, copper tubing, plastic extrusion, vacuum forming, and injection molding components. In addition, it manufactures components for other consumer durables and automobiles, such as case liners for refrigerators; plastic extrusion sheets for consumer durables and automobile industry; sheet metal components for microwave; and washing machine tub assemblies, as well as products for automobiles and metal ceiling industries. Further, the company provides mobile air conditioners for railway, metro, bus, and defense and telecommunication industries. The company also exports its products. Amber Enterprises India Limited was incorporated in 1990 and is based in Gurugram, India.", "fullTimeEmployees": 1095, "companyOfficers": [{"maxAge": 1, "name": "Mr. Jasbir  Singh", "age": 45, "title": "Chairman & CEO", "yearBorn": 1975, "fiscalYear": 2020, "totalPay": 26200000, "exercisedValue": 0, "unexercisedValue": 0}, {"maxAge": 1, "name": "Mr. Daljit  Singh", "age": 43, "title": "MD & Exec. Director", "yearBorn": 1977, "fiscalYear": 2020, "totalPay": 24400000, "exercisedValue": 0, "unexercisedValue": 0}, {"maxAge": 1, "name": "Mr. Sudhir  Goyal", "age": 43, "title": "Chief Financial Officer", "yearBorn": 1977, "fiscalYear": 2020, "totalPay": 6382928, "exercisedValue": 0, "unexercisedValue": 0}, {"maxAge": 1, "name": "Mr. Sanjay  Arora", "age": 59, "title": "Director of Operations", "yearBorn": 1961, "fiscalYear": 2020, "totalPay": 7046998, "exercisedValue": 0, "unexercisedValue": 0}, {"maxAge": 1, "name": "Ms. Konica  Yadav", "age": 31, "title": "Company Sec. & Compliance Officer", "yearBorn": 1989, "fiscalYear": 2020, "totalPay": 1317802, "exercisedValue": 0, "unexercisedValue": 0}, {"maxAge": 1, "name": "Mr. Udaiveer  Singh", "age": 49, "title": "Pres of RAC Operations", "yearBorn": 1971, "fiscalYear": 2020, "totalPay": 5933955, "exercisedValue": 0, "unexercisedValue": 0}], "compensationAsOfEpochDate": "2020-12-31 05:30:00", "maxAge": 86400}, "recommendationTrend": {"trend": [{"period": "0m", "strongBuy": 0, "buy": 0, "hold": 0, "sell": 0, "strongSell": 0}, {"period": "-1m", "strongBuy": 0, "buy": 0, "hold": 0, "sell": 0, "strongSell": 0}, {"period": "-2m", "strongBuy": 0, "buy": 0, "hold": 0, "sell": 0, "strongSell": 0}, {"period": "-3m", "strongBuy": 0, "buy": 0, "hold": 0, "sell": 0, "strongSell": 0}], "maxAge": 86400}, "cashflowStatementHistory": {"cashflowStatements": [{"maxAge": 1, "endDate": "2020-03-31", "netIncome": 1584037000, "depreciation": 650965000, "changeToNetincome": 406048000, "changeToAccountReceivables": -345883000, "changeToLiabilities": 1373775000, "changeToInventory": -596125000, "changeToOperatingActivities": -387468000, "totalCashFromOperatingActivities": 2882133000, "capitalExpenditures": -1449421000, "investments": -267664000, "otherCashflowsFromInvestingActivities": 84688000, "totalCashflowsFromInvestingActivities": -3265963000, "dividendsPaid": -100629000, "netBorrowings": 1169050000, "otherCashflowsFromFinancingActivities": -434374000, "totalCashFromFinancingActivities": 634047000, "changeInCash": 311632000}, {"maxAge": 1, "endDate": "2019-03-31", "netIncome": 936597000, "depreciation": 465455000, "changeToNetincome": 286709000, "changeToAccountReceivables": -4058027000, "changeToLiabilities": 3510822000, "changeToInventory": -1532105000, "changeToOperatingActivities": -397680000, "totalCashFromOperatingActivities": -630588000, "capitalExpenditures": -1204150000, "investments": 86113000, "otherCashflowsFromInvestingActivities": -34181000, "totalCashflowsFromInvestingActivities": -1129861000, "dividendsPaid": -100629000, "netBorrowings": 1176497000, "otherCashflowsFromFinancingActivities": -244835000, "totalCashFromFinancingActivities": 931662000, "changeInCash": -805603000}, {"maxAge": 1, "endDate": "2018-03-31", "netIncome": 623058000, "depreciation": 365407000, "changeToNetincome": 641934000, "changeToAccountReceivables": -338151000, "changeToLiabilities": 776964000, "changeToInventory": -969120000, "changeToOperatingActivities": 46279000, "totalCashFromOperatingActivities": 1270289000, "capitalExpenditures": -1024177000, "investments": 16318000, "otherCashflowsFromInvestingActivities": 15318000, "totalCashflowsFromInvestingActivities": -1519900000, "dividendsPaid": -100629000, "netBorrowings": -2810097000, "otherCashflowsFromFinancingActivities": -658923000, "totalCashFromFinancingActivities": 1277813000, "changeInCash": 1028202000, "issuanceOfStock": 4746833000}, {"maxAge": 1, "endDate": "2017-03-31", "netIncome": 221438000, "depreciation": 307288000, "changeToNetincome": 611576000, "changeToAccountReceivables": -629602000, "changeToLiabilities": 1233882000, "changeToInventory": -444865000, "changeToOperatingActivities": 26174000, "totalCashFromOperatingActivities": 1417266000, "capitalExpenditures": -813522000, "investments": -69060000, "otherCashflowsFromInvestingActivities": 30037000, "totalCashflowsFromInvestingActivities": -844713000, "dividendsPaid": -50133000, "netBorrowings": -328172000, "otherCashflowsFromFinancingActivities": -586541000, "totalCashFromFinancingActivities": -464847000, "changeInCash": 107706000, "issuanceOfStock": 4746833000}], "maxAge": 86400}, "indexTrend": {"maxAge": 1, "symbol": "SP5", "peRatio": 19.7411, "pegRatio": 1.34172, "estimates": [{"period": "0q", "growth": 0.549}, {"period": "+1q", "growth": 0.431}, {"period": "0y", "growth": 0.305}, {"period": "+1y", "growth": 0.109}, {"period": "+5y", "growth": 0.120865}, {"period": "-5y"}]}, "defaultKeyStatistics": {"maxAge": 1, "priceHint": 2, "enterpriseValue": 106055155712, "forwardPE": 88.80515, "profitMargins": 0.025109999, "floatShares": 15963531, "sharesOutstanding": 33693700, "heldPercentInsiders": 0.53304, "heldPercentInstitutions": 0.28248, "beta": 0.299618, "category": null, "bookValue": 471.594, "priceToBook": 6.5719666, "fundFamily": null, "legalType": null, "lastFiscalYearEnd": "2020-03-31 05:30:00", "nextFiscalYearEnd": "2022-03-31 05:30:00", "mostRecentQuarter": "2020-12-31 05:30:00", "earningsQuarterlyGrowth": 0.193, "netIncomeToCommon": 689801024, "trailingEps": 21.497, "forwardEps": 34.9, "lastSplitFactor": null, "enterpriseToRevenue": 3.86, "enterpriseToEbitda": 58.057, "52WeekChange": 1.8694565, "SandP52WeekChange": 0.48148263, "lastDividendValue": 1.6, "lastDividendDate": 1585180800}, "industryTrend": {"maxAge": 1, "symbol": null, "estimates": []}, "quoteType": {"exchange": "NSI", "quoteType": "EQUITY", "symbol": "AMBER.NS", "underlyingSymbol": "AMBER.NS", "shortName": "AMBER ENTERPRISES", "longName": "Amber Enterprises India Limited", "firstTradeDateEpochUtc": "2018-01-30 09:15:00", "timeZoneFullName": "Asia/Kolkata", "timeZoneShortName": "IST", "uuid": "47323856-d27d-398f-8df7-2f72aa20fb09", "messageBoardId": "finmb_32562100", "gmtOffSetMilliseconds": 19800000, "maxAge": 1}, "incomeStatementHistory": {"incomeStatementHistory": [{"maxAge": 1, "endDate": "2020-03-31", "totalRevenue": 39627933000, "costOfRevenue": 33180487000, "grossProfit": 6447446000, "researchDevelopment": {}, "sellingGeneralAdministrative": 1286679000, "nonRecurring": {}, "otherOperatingExpenses": 1887097000, "totalOperatingExpenses": 37202012000, "operatingIncome": 2425921000, "totalOtherIncomeExpenseNet": -518488000, "ebit": 2425921000, "interestExpense": -358032000, "incomeBeforeTax": 1907433000, "incomeTaxExpense": 265984000, "minorityInterest": 347864000, "netIncomeFromContinuingOps": 1641449000, "discontinuedOperations": {}, "extraordinaryItems": {}, "effectOfAccountingCharges": {}, "otherItems": {}, "netIncome": 1584037000, "netIncomeApplicableToCommonShares": 1584037000}, {"maxAge": 1, "endDate": "2019-03-31", "totalRevenue": 27519907000, "costOfRevenue": 23313448000, "grossProfit": 4206459000, "researchDevelopment": {}, "sellingGeneralAdministrative": 733143000, "nonRecurring": {}, "otherOperatingExpenses": 1341684000, "totalOperatingExpenses": 26007861000, "operatingIncome": 1512046000, "totalOtherIncomeExpenseNet": -152779000, "ebit": 1512046000, "interestExpense": -202179000, "incomeBeforeTax": 1359267000, "incomeTaxExpense": 411558000, "minorityInterest": 189799000, "netIncomeFromContinuingOps": 947709000, "discontinuedOperations": {}, "extraordinaryItems": {}, "effectOfAccountingCharges": {}, "otherItems": {}, "netIncome": 936597000, "netIncomeApplicableToCommonShares": 936597000}, {"maxAge": 1, "endDate": "2018-03-31", "totalRevenue": 21281174000, "costOfRevenue": 17791094000, "grossProfit": 3490080000, "researchDevelopment": {}, "sellingGeneralAdministrative": 612140000, "nonRecurring": {}, "otherOperatingExpenses": 1029158000, "totalOperatingExpenses": 19919359000, "operatingIncome": 1361815000, "totalOtherIncomeExpenseNet": -467771000, "ebit": 1361815000, "interestExpense": -471431000, "incomeBeforeTax": 894044000, "incomeTaxExpense": 270986000, "minorityInterest": 189799000, "netIncomeFromContinuingOps": 623058000, "discontinuedOperations": {}, "extraordinaryItems": {}, "effectOfAccountingCharges": {}, "otherItems": {}, "netIncome": 623058000, "netIncomeApplicableToCommonShares": 623058000}, {"maxAge": 1, "endDate": "2017-03-31", "totalRevenue": 16518603000, "costOfRevenue": 13750013000, "grossProfit": 2768590000, "researchDevelopment": {}, "sellingGeneralAdministrative": 568359000, "nonRecurring": {}, "otherOperatingExpenses": 885804000, "totalOperatingExpenses": 15600881000, "operatingIncome": 917722000, "totalOtherIncomeExpenseNet": -560658000, "ebit": 917722000, "interestExpense": -607254000, "incomeBeforeTax": 357064000, "incomeTaxExpense": 135626000, "minorityInterest": 189799000, "netIncomeFromContinuingOps": 221438000, "discontinuedOperations": {}, "extraordinaryItems": {}, "effectOfAccountingCharges": {}, "otherItems": {}, "netIncome": 221438000, "netIncomeApplicableToCommonShares": 221438000}], "maxAge": 86400}, "fundOwnership": {"maxAge": 1, "ownershipList": [{"maxAge": 1, "reportDate": "2021-01-31", "organization": "Goldman Sachs Emerging Markets Equity Fund", "pctHeld": 0.0148, "position": 499232, "value": 1287893752}, {"maxAge": 1, "reportDate": "2021-03-31", "organization": "iShares Core MSCI Emerging Markets ETF", "pctHeld": 0.008, "position": 269695, "value": 894268165}, {"maxAge": 1, "reportDate": "2021-01-31", "organization": "Vanguard International Stock Index-Emerging Markets Stk", "pctHeld": 0.0074, "position": 249959, "value": 644831730}, {"maxAge": 1, "reportDate": "2021-01-31", "organization": "Vanguard International Stock Index-Total Intl Stock Indx", "pctHeld": 0.0074, "position": 249494, "value": 643632146}, {"maxAge": 1, "reportDate": "2021-02-28", "organization": "Blair (William) Mutual Funds, Inc.- Emerging Markets Small Cap Grw Fd", "pctHeld": 0.0027, "position": 92443, "value": 298840486}, {"maxAge": 1, "reportDate": "2021-02-28", "organization": "Blair (William) Mutual Funds, Inc.-Emerging Markets Growth Fund", "pctHeld": 0.0022, "position": 75205, "value": 243115203}, {"maxAge": 1, "reportDate": "2021-01-31", "organization": "Vanguard Intl Equity Index Fds-FTSE All World ex U.S.Small Cap Index", "pctHeld": 0.0015, "position": 50126, "value": 129312548}, {"maxAge": 1, "reportDate": "2021-01-31", "organization": "Principal International Emerging Markets Fund", "pctHeld": 0.0011999999, "position": 41240, "value": 106388890}, {"maxAge": 1, "reportDate": "2020-12-31", "organization": "Driehaus Emerging Markets Small Cap Growth Fund", "pctHeld": 0.001, "position": 35320, "value": 83100896}, {"maxAge": 1, "reportDate": "2021-03-31", "organization": "iShares MSCI India Small Cap ETF", "pctHeld": 0.00090000004, "position": 31489, "value": 104412800}]}, "summaryDetail": {"maxAge": 1, "priceHint": 2, "previousClose": 3167.6, "open": 3141.0, "dayLow": 3083.0, "dayHigh": 3189.1, "regularMarketPreviousClose": 3167.6, "regularMarketOpen": 3141.0, "regularMarketDayLow": 3083.0, "regularMarketDayHigh": 3189.1, "exDividendDate": "2020-03-26 05:30:00", "payoutRatio": 0.0731, "beta": 0.299618, "trailingPE": 144.17361, "forwardPE": 88.80515, "volume": 66214, "regularMarketVolume": 66214, "averageVolume": 122803, "averageVolume10days": 65439, "averageDailyVolume10Day": 65439, "bid": 0.0, "ask": 0.0, "bidSize": 0, "askSize": 0, "marketCap": 104426889216, "fiftyTwoWeekLow": 1010.0, "fiftyTwoWeekHigh": 3662.0, "priceToSalesTrailing12Months": 3.8011098, "fiftyDayAverage": 3215.2388, "twoHundredDayAverage": 2719.3945, "trailingAnnualDividendRate": 1.6, "trailingAnnualDividendYield": 0.00050511427, "currency": "INR", "fromCurrency": null, "toCurrency": null, "lastMarket": null, "algorithm": null, "tradeable": false}, "insiderHolders": {"holders": [{"maxAge": 1, "name": "Ascent Investment Holdings Pte Ltd", "relation": "Institution- Corporation", "url": "", "transactionDescription": "Sale", "latestTransDate": "2020-09-11", "positionDirect": 3288820, "positionDirectDate": "2020-09-11"}, {"maxAge": 1, "name": "Pradhan (Surender)", "relation": "UNREPORTED", "url": "", "transactionDescription": "Sale", "latestTransDate": "2018-01-25", "positionDirectDate": "2018-01-25"}, {"maxAge": 1, "name": "Singh (Harminder)", "relation": "UNREPORTED", "url": "", "transactionDescription": "Sale", "latestTransDate": "2018-01-25", "positionDirect": 99520, "positionDirectDate": "2018-01-25"}], "maxAge": 1}, "calendarEvents": {"maxAge": 1, "earnings": {"earningsDate": ["2019-08-05 05:30:S", "2019-08-09 05:30:S"], "revenueLow": 7013000000, "revenueHigh": 7317000000}, "exDividendDate": "2020-03-26 05:30:00"}, "price": {"maxAge": 1, "regularMarketChangePercent": -0.02156208, "regularMarketChange": -68.30005, "regularMarketTime": "2021-04-30 15:30:00", "priceHint": 2, "regularMarketPrice": 3099.3, "regularMarketDayHigh": 3189.1, "regularMarketDayLow": 3083.0, "regularMarketVolume": 66214, "averageDailyVolume10Day": 65439, "averageDailyVolume3Month": 122803, "regularMarketPreviousClose": 3167.6, "regularMarketSource": "FREE_REALTIME", "regularMarketOpen": 3141.0, "exchange": "NSI", "exchangeName": "NSE", "exchangeDataDelayedBy": 15, "marketState": "CLOSED", "quoteType": "EQUITY", "symbol": "AMBER.NS", "underlyingSymbol": null, "shortName": "AMBER ENTERPRISES", "longName": "Amber Enterprises India Limited", "currency": "INR", "quoteSourceName": "Delayed Quote", "currencySymbol": "\u20b9", "fromCurrency": null, "toCurrency": null, "lastMarket": null, "marketCap": 104426889216}, "balanceSheetHistory": {"balanceSheetStatements": [{"maxAge": 1, "endDate": "2020-03-31", "cash": 714023000, "shortTermInvestments": 488707000, "netReceivables": 9181605000, "inventory": 6556955000, "otherCurrentAssets": 386459000, "totalCurrentAssets": 17356689000, "longTermInvestments": 17071000, "propertyPlantEquipment": 7506674000, "goodWill": 1222684000, "intangibleAssets": 2446649000, "otherAssets": 478482000, "deferredLongTermAssetCharges": 19144000, "totalAssets": 29028249000, "accountsPayable": 11057937000, "shortLongTermDebt": 469670000, "otherCurrentLiab": 523224000, "longTermDebt": 1388170000, "otherLiab": 1410807000, "minorityInterest": 347864000, "totalCurrentLiabilities": 14468119000, "totalLiab": 17396345000, "commonStock": 314465000, "retainedEarnings": 4626431000, "capitalSurplus": 6343144000, "totalStockholderEquity": 11284040000, "netTangibleAssets": 7614707000}, {"maxAge": 1, "endDate": "2019-03-31", "cash": 401348000, "shortTermInvestments": 45382000, "netReceivables": 8464433000, "inventory": 5606217000, "otherCurrentAssets": 292634000, "totalCurrentAssets": 14828517000, "longTermInvestments": 402000, "propertyPlantEquipment": 6599627000, "goodWill": 668991000, "intangibleAssets": 1162718000, "otherAssets": 478596000, "deferredLongTermAssetCharges": 31398000, "totalAssets": 23738851000, "accountsPayable": 9403691000, "shortLongTermDebt": 151296000, "otherCurrentLiab": 425532000, "longTermDebt": 1412113000, "otherLiab": 772726000, "minorityInterest": 189799000, "totalCurrentLiabilities": 11481498000, "totalLiab": 13687592000, "commonStock": 314465000, "retainedEarnings": 3203851000, "capitalSurplus": 6343144000, "totalStockholderEquity": 9861460000, "netTangibleAssets": 8029751000}, {"maxAge": 1, "endDate": "2018-03-31", "cash": 1194138000, "shortTermInvestments": 143962000, "netReceivables": 4069073000, "inventory": 3956450000, "otherCurrentAssets": 260269000, "totalCurrentAssets": 9639847000, "longTermInvestments": 57235000, "propertyPlantEquipment": 5723475000, "goodWill": 653747000, "intangibleAssets": 1020415000, "otherAssets": 185379000, "totalAssets": 17280098000, "accountsPayable": 5720495000, "shortLongTermDebt": 84601000, "otherCurrentLiab": 133732000, "longTermDebt": 378744000, "otherLiab": 639122000, "totalCurrentLiabilities": 7280320000, "totalLiab": 8352487000, "commonStock": 314465000, "retainedEarnings": 2270002000, "capitalSurplus": 6343144000, "totalStockholderEquity": 8927611000, "netTangibleAssets": 7253449000}, {"maxAge": 1, "endDate": "2017-03-31", "cash": 165936000, "shortTermInvestments": 186448000, "netReceivables": 3240640000, "inventory": 2685027000, "otherCurrentAssets": 220031000, "totalCurrentAssets": 6511523000, "propertyPlantEquipment": 4722281000, "goodWill": 341472000, "intangibleAssets": 717328000, "otherAssets": 214726000, "deferredLongTermAssetCharges": 2266000, "totalAssets": 12507330000, "accountsPayable": 4457439000, "shortLongTermDebt": 204737000, "otherCurrentLiab": 91814000, "longTermDebt": 2144205000, "otherLiab": 129126000, "totalCurrentLiabilities": 6532576000, "totalLiab": 8880718000, "commonStock": 238098000, "retainedEarnings": 1643546000, "treasuryStock": 339825000, "capitalSurplus": 1405143000, "otherStockholderEquity": 339825000, "totalStockholderEquity": 3626612000, "netTangibleAssets": 2567812000}], "maxAge": 86400}, "earningsTrend": {"trend": [{"maxAge": 1, "period": "0q", "endDate": "2018-03-31", "growth": {}, "earningsEstimate": {"avg": 0.0, "low": 0.0, "high": 0.0, "yearAgoEps": {}, "numberOfAnalysts": 0, "growth": {}}, "revenueEstimate": {"avg": 0, "low": 7013000000, "high": 7317000000, "numberOfAnalysts": 2, "yearAgoRevenue": {}, "growth": {}}, "epsTrend": {"current": 0.0, "7daysAgo": 11.6, "30daysAgo": 11.6, "60daysAgo": 11.6, "90daysAgo": 0.0}, "epsRevisions": {"upLast7days": 0, "upLast30days": 0, "downLast30days": 0, "downLast90days": {}}}, {"maxAge": 1, "period": "+1q", "endDate": "2018-06-30", "growth": {}, "earningsEstimate": {"avg": 0.0, "low": 0.0, "high": 0.0, "yearAgoEps": {}, "numberOfAnalysts": 0, "growth": {}}, "revenueEstimate": {"avg": 6746000000, "low": 6746000000, "high": 6746000000, "numberOfAnalysts": 1, "yearAgoRevenue": {}, "growth": {}}, "epsTrend": {"current": 0.0, "7daysAgo": 0.0, "30daysAgo": 0.0, "60daysAgo": 0.0, "90daysAgo": 0.0}, "epsRevisions": {"upLast7days": 0, "upLast30days": 0, "downLast30days": 0, "downLast90days": {}}}, {"maxAge": 1, "period": "0y", "endDate": "2018-03-31", "growth": {}, "earningsEstimate": {"avg": 0.0, "low": 0.0, "high": 0.0, "yearAgoEps": {}, "numberOfAnalysts": 0, "growth": {}}, "revenueEstimate": {"avg": 0, "low": 19792000000, "high": 20764000000, "numberOfAnalysts": 2, "yearAgoRevenue": {}, "growth": {}}, "epsTrend": {"current": 0.0, "7daysAgo": 19.1, "30daysAgo": 19.1, "60daysAgo": 19.1, "90daysAgo": 22.0}, "epsRevisions": {"upLast7days": 0, "upLast30days": 0, "downLast30days": 0, "downLast90days": {}}}, {"maxAge": 1, "period": "+1y", "endDate": "2019-03-31", "growth": {}, "earningsEstimate": {"avg": 34.9, "low": 34.9, "high": 34.9, "yearAgoEps": {}, "numberOfAnalysts": 1, "growth": {}}, "revenueEstimate": {"avg": 23850000000, "low": 23850000000, "high": 23850000000, "numberOfAnalysts": 1, "yearAgoRevenue": {}, "growth": {}}, "epsTrend": {"current": 34.9, "7daysAgo": 34.9, "30daysAgo": 34.9, "60daysAgo": 36.65, "90daysAgo": 33.3}, "epsRevisions": {"upLast7days": 0, "upLast30days": 0, "downLast30days": 0, "downLast90days": {}}}, {"maxAge": 1, "period": "+5y", "endDate": null, "growth": {}, "earningsEstimate": {"avg": {}, "low": {}, "high": {}, "yearAgoEps": {}, "numberOfAnalysts": {}, "growth": {}}, "revenueEstimate": {"avg": {}, "low": {}, "high": {}, "numberOfAnalysts": {}, "yearAgoRevenue": {}, "growth": {}}, "epsTrend": {"current": {}, "7daysAgo": {}, "30daysAgo": {}, "60daysAgo": {}, "90daysAgo": {}}, "epsRevisions": {"upLast7days": {}, "upLast30days": {}, "downLast30days": {}, "downLast90days": {}}}, {"maxAge": 1, "period": "-5y", "endDate": null, "growth": {}, "earningsEstimate": {"avg": {}, "low": {}, "high": {}, "yearAgoEps": {}, "numberOfAnalysts": {}, "growth": {}}, "revenueEstimate": {"avg": {}, "low": {}, "high": {}, "numberOfAnalysts": {}, "yearAgoRevenue": {}, "growth": {}}, "epsTrend": {"current": {}, "7daysAgo": {}, "30daysAgo": {}, "60daysAgo": {}, "90daysAgo": {}}, "epsRevisions": {"upLast7days": {}, "upLast30days": {}, "downLast30days": {}, "downLast90days": {}}}], "maxAge": 1}, "institutionOwnership": {"maxAge": 1, "ownershipList": []}, "majorHoldersBreakdown": {"maxAge": 1, "insidersPercentHeld": 0.53304, "institutionsPercentHeld": 0.28248, "institutionsFloatPercentHeld": 0.60494, "institutionsCount": 57}, "balanceSheetHistoryQuarterly": {"balanceSheetStatements": [{"maxAge": 1, "endDate": "2020-12-31", "totalStockholderEquity": 15013004000, "netTangibleAssets": 11314882000}, {"maxAge": 1, "endDate": "2020-09-30", "cash": 2734335000, "shortTermInvestments": 341729000, "netReceivables": 3596185000, "inventory": 5980918000, "otherCurrentAssets": 484433000, "totalCurrentAssets": 13137600000, "longTermInvestments": 62372000, "propertyPlantEquipment": 7373115000, "goodWill": 1222684000, "intangibleAssets": 2475438000, "otherAssets": 636523000, "deferredLongTermAssetCharges": 27761000, "totalAssets": 24907732000, "accountsPayable": 3606796000, "otherCurrentLiab": 951163000, "longTermDebt": 1183510000, "otherLiab": 653119000, "minorityInterest": 344985000, "totalCurrentLiabilities": 7588529000, "totalLiab": 9549743000, "commonStock": 336937000, "treasuryStock": 14676067000, "otherStockholderEquity": 14676067000, "totalStockholderEquity": 15013004000, "netTangibleAssets": 11314882000}, {"maxAge": 1, "endDate": "2020-06-30", "totalStockholderEquity": 11284040000, "netTangibleAssets": 7614707000}, {"maxAge": 1, "endDate": "2020-03-31", "cash": 714023000, "shortTermInvestments": 488707000, "netReceivables": 9181605000, "inventory": 6556955000, "otherCurrentAssets": 386459000, "totalCurrentAssets": 17356689000, "longTermInvestments": 17071000, "propertyPlantEquipment": 7506674000, "goodWill": 1222684000, "intangibleAssets": 2446649000, "otherAssets": 478482000, "deferredLongTermAssetCharges": 19144000, "totalAssets": 29028249000, "accountsPayable": 11057937000, "shortLongTermDebt": 469670000, "otherCurrentLiab": 523224000, "longTermDebt": 1388170000, "otherLiab": 1410807000, "minorityInterest": 347864000, "totalCurrentLiabilities": 14468119000, "totalLiab": 17396345000, "commonStock": 314465000, "retainedEarnings": 4626431000, "capitalSurplus": 6343144000, "totalStockholderEquity": 11284040000, "netTangibleAssets": 7614707000}], "maxAge": 86400}, "earningsHistory": {"history": [{"maxAge": 1, "epsActual": {}, "epsEstimate": {}, "epsDifference": {}, "surprisePercent": {}, "quarter": {}, "period": "-4q"}, {"maxAge": 1, "epsActual": {}, "epsEstimate": {}, "epsDifference": {}, "surprisePercent": {}, "quarter": {}, "period": "-3q"}, {"maxAge": 1, "epsActual": {}, "epsEstimate": {}, "epsDifference": {}, "surprisePercent": {}, "quarter": {}, "period": "-2q"}, {"maxAge": 1, "epsActual": {}, "epsEstimate": {}, "epsDifference": {}, "surprisePercent": {}, "quarter": {}, "period": "-1q"}], "maxAge": 86400}, "summaryProfile": {"address1": "Universal Trade Tower", "address2": "1st Floor Sector \u00e2\u0080\u0093 49 Sohna Road", "city": "Gurugram", "zip": "122018", "country": "India", "phone": "91 12 4392 3000", "fax": "91 12 4392 3016", "website": "http://www.ambergroupindia.com", "industry": "Consumer Electronics", "sector": "Technology", "longBusinessSummary": "Amber Enterprises India Limited provides solutions to air conditioner OEM/ODM industries in India. It designs and manufactures a range of room air conditioners (RACs), including window air conditioners, indoor units, and outdoor units of split air conditioners; and inverter RACs. The company also offers functional components of RACs, such as heat exchangers, motors, and multi-flow condensers and invertor printed circuit boards; and other RAC components comprising sheet metal components, copper tubing, plastic extrusion, vacuum forming, and injection molding components. In addition, it manufactures components for other consumer durables and automobiles, such as case liners for refrigerators; plastic extrusion sheets for consumer durables and automobile industry; sheet metal components for microwave; and washing machine tub assemblies, as well as products for automobiles and metal ceiling industries. Further, the company provides mobile air conditioners for railway, metro, bus, and defense and telecommunication industries. The company also exports its products. Amber Enterprises India Limited was incorporated in 1990 and is based in Gurugram, India.", "fullTimeEmployees": 1095, "companyOfficers": [], "maxAge": 86400}, "netSharePurchaseActivity": {"maxAge": 1, "period": "6m", "buyInfoCount": 0, "buyInfoShares": 0, "sellInfoCount": 0, "netInfoCount": 0, "netInfoShares": 0, "netPercentInsiderShares": 0.0, "totalInsiderShares": 17963648}, "insiderTransactions": {"transactions": [{"maxAge": 1, "shares": 3288819, "filerUrl": "", "transactionText": "", "filerName": "Ascent Investment Holdings Pte Ltd", "filerRelation": "Institution- Corporation", "moneyText": "", "startDate": "2020-09-11", "ownership": "D"}, {"maxAge": 1, "shares": 628, "value": 16691, "filerUrl": "", "transactionText": "Sale at price 26.58 per share.", "filerName": "Pradhan (Surender)", "filerRelation": "UNREPORTED", "moneyText": "", "startDate": "2018-01-25", "ownership": "D"}, {"maxAge": 1, "shares": 1000, "value": 37789, "filerUrl": "", "transactionText": "Sale at price 37.79 per share.", "filerName": "Singh (Harminder)", "filerRelation": "UNREPORTED", "moneyText": "", "startDate": "2018-01-25", "ownership": "D"}], "maxAge": 1}, "sectorTrend": {"maxAge": 1, "symbol": null, "estimates": []}, "incomeStatementHistoryQuarterly": {"incomeStatementHistory": [{"maxAge": 1, "endDate": "2020-12-31", "totalRevenue": 7647095000, "costOfRevenue": 6231473000, "grossProfit": 1415622000, "researchDevelopment": {}, "sellingGeneralAdministrative": 272711000, "nonRecurring": {}, "otherOperatingExpenses": 512646000, "totalOperatingExpenses": 7252064000, "operatingIncome": 395031000, "totalOtherIncomeExpenseNet": 3680000, "ebit": 395031000, "interestExpense": -86048000, "incomeBeforeTax": 398711000, "incomeTaxExpense": 119936000, "minorityInterest": {}, "netIncomeFromContinuingOps": 278775000, "discontinuedOperations": {}, "extraordinaryItems": {}, "effectOfAccountingCharges": {}, "otherItems": {}, "netIncome": 269266000, "netIncomeApplicableToCommonShares": 269266000}, {"maxAge": 1, "endDate": "2020-09-30", "totalRevenue": 4079297000, "costOfRevenue": 3278790000, "grossProfit": 800507000, "researchDevelopment": {}, "sellingGeneralAdministrative": 225760000, "nonRecurring": {}, "otherOperatingExpenses": 358726000, "totalOperatingExpenses": 4094954000, "operatingIncome": -15657000, "totalOtherIncomeExpenseNet": 9674000, "ebit": -15657000, "interestExpense": -116582000, "incomeBeforeTax": -5983000, "incomeTaxExpense": -34396000, "minorityInterest": 344985000, "netIncomeFromContinuingOps": 28413000, "discontinuedOperations": {}, "extraordinaryItems": {}, "effectOfAccountingCharges": {}, "otherItems": {}, "netIncome": 16554000, "netIncomeApplicableToCommonShares": 16554000}, {"maxAge": 1, "endDate": "2020-06-30", "totalRevenue": 2594514000, "costOfRevenue": 2175935000, "grossProfit": 418579000, "researchDevelopment": {}, "sellingGeneralAdministrative": 224844000, "nonRecurring": {}, "otherOperatingExpenses": 248972000, "totalOperatingExpenses": 2878420000, "operatingIncome": -283906000, "totalOtherIncomeExpenseNet": -71966000, "ebit": -283906000, "interestExpense": -102349000, "incomeBeforeTax": -355872000, "incomeTaxExpense": -116715000, "minorityInterest": 344985000, "netIncomeFromContinuingOps": -239157000, "discontinuedOperations": {}, "extraordinaryItems": {}, "effectOfAccountingCharges": {}, "otherItems": {}, "netIncome": -224460000, "netIncomeApplicableToCommonShares": -224460000}, {"maxAge": 1, "endDate": "2020-03-31", "totalRevenue": 13151830000, "costOfRevenue": 11124247000, "grossProfit": 2027583000, "researchDevelopment": {}, "sellingGeneralAdministrative": 529450000, "nonRecurring": {}, "otherOperatingExpenses": 298270000, "totalOperatingExpenses": 12171486000, "operatingIncome": 980344000, "totalOtherIncomeExpenseNet": -279482000, "ebit": 980344000, "interestExpense": -37244000, "incomeBeforeTax": 700862000, "incomeTaxExpense": 72623000, "minorityInterest": 347864000, "netIncomeFromContinuingOps": 628239000, "discontinuedOperations": {}, "extraordinaryItems": {}, "effectOfAccountingCharges": {}, "otherItems": {}, "netIncome": 628441000, "netIncomeApplicableToCommonShares": 628441000}], "maxAge": 86400}, "cashflowStatementHistoryQuarterly": {"cashflowStatements": [{"maxAge": 1, "endDate": "2020-12-31", "netIncome": 269266000, "changeToLiabilities": 0}, {"maxAge": 1, "endDate": "2020-09-30", "netIncome": 16554000, "changeToLiabilities": 0}, {"maxAge": 1, "endDate": "2020-06-30", "netIncome": -224460000, "changeToLiabilities": 0}, {"maxAge": 1, "endDate": "2020-03-31", "netIncome": 628441000, "changeToLiabilities": 0}], "maxAge": 86400}, "earnings": {"maxAge": 86400, "earningsChart": {"quarterly": [], "earningsDate": ["2019-08-05 05:30:S", "2019-08-09 05:30:S"]}, "financialsChart": {"yearly": [{"date": 2017, "revenue": 16518603000, "earnings": 221438000}, {"date": 2018, "revenue": 21281174000, "earnings": 623058000}, {"date": 2019, "revenue": 27519907000, "earnings": 936597000}, {"date": 2020, "revenue": 39627933000, "earnings": 1584037000}], "quarterly": [{"date": "1Q2020", "revenue": 13151830000, "earnings": 628441000}, {"date": "2Q2020", "revenue": 2594514000, "earnings": -224460000}, {"date": "3Q2020", "revenue": 4079297000, "earnings": 16554000}, {"date": "4Q2020", "revenue": 7647095000, "earnings": 269266000}]}, "financialCurrency": "INR"}, "financialData": {"maxAge": 86400, "currentPrice": 3099.3, "targetHighPrice": 1180.0, "targetLowPrice": 872.0, "targetMeanPrice": 1077.33, "targetMedianPrice": 1180.0, "recommendationMean": 2.7, "recommendationKey": "hold", "numberOfAnalystOpinions": 3, "totalCash": 3076064000, "totalCashPerShare": 91.277, "ebitda": 1826754944, "totalDebt": 4338664960, "totalRevenue": 27472736256, "debtToEquity": 28.25, "revenuePerShare": 856.268, "grossProfits": 6447446000, "earningsGrowth": 0.013, "revenueGrowth": -0.03, "grossMargins": 0.16971001, "ebitdaMargins": 0.06649, "operatingMargins": 0.03916, "profitMargins": 0.025109999, "financialCurrency": "INR"}}}