{"AMBER.BO": {"recommendationTrend": {"trend": [{"period": "0m", "strongBuy": 0, "buy": 0, "hold": 0, "sell": 0, "strongSell": 0}, {"period": "-1m", "strongBuy": 0, "buy": 0, "hold": 0, "sell": 0, "strongSell": 0}, {"period": "-2m", "strongBuy": 0, "buy": 0, "hold": 0, "sell": 0, "strongSell": 0}, {"period": "-3m", "strongBuy": 0, "buy": 0, "hold": 0, "sell": 0, "strongSell": 0}], "maxAge": 86400}, "cashflowStatementHistory": {"cashflowStatements": [{"maxAge": 1, "endDate": "2020-03-31", "netIncome": 1584037000, "depreciation": 650965000, "changeToNetincome": 406048000, "changeToAccountReceivables": -345883000, "changeToLiabilities": 1373775000, "changeToInventory": -596125000, "changeToOperatingActivities": -387468000, "totalCashFromOperatingActivities": 2882133000, "capitalExpenditures": -1449421000, "investments": -267664000, "otherCashflowsFromInvestingActivities": 84688000, "totalCashflowsFromInvestingActivities": -3265963000, "dividendsPaid": -100629000, "netBorrowings": 1169050000, "otherCashflowsFromFinancingActivities": -434374000, "totalCashFromFinancingActivities": 634047000, "changeInCash": 311632000}, {"maxAge": 1, "endDate": "2019-03-31", "netIncome": 936597000, "depreciation": 465455000, "changeToNetincome": 286709000, "changeToAccountReceivables": -4058027000, "changeToLiabilities": 3510822000, "changeToInventory": -1532105000, "changeToOperatingActivities": -397680000, "totalCashFromOperatingActivities": -630588000, "capitalExpenditures": -1204150000, "investments": 86113000, "otherCashflowsFromInvestingActivities": -34181000, "totalCashflowsFromInvestingActivities": -1129861000, "dividendsPaid": -100629000, "netBorrowings": 1176497000, "otherCashflowsFromFinancingActivities": -244835000, "totalCashFromFinancingActivities": 931662000, "changeInCash": -805603000}, {"maxAge": 1, "endDate": "2018-03-31", "netIncome": 623058000, "depreciation": 365407000, "changeToNetincome": 641934000, "changeToAccountReceivables": -338151000, "changeToLiabilities": 776964000, "changeToInventory": -969120000, "changeToOperatingActivities": 46279000, "totalCashFromOperatingActivities": 1270289000, "capitalExpenditures": -1024177000, "investments": 16318000, "otherCashflowsFromInvestingActivities": 15318000, "totalCashflowsFromInvestingActivities": -1519900000, "dividendsPaid": -100629000, "netBorrowings": -2810097000, "otherCashflowsFromFinancingActivities": -658923000, "totalCashFromFinancingActivities": 1277813000, "changeInCash": 1028202000, "issuanceOfStock": 4746833000}, {"maxAge": 1, "endDate": "2017-03-31", "netIncome": 221438000, "depreciation": 307288000, "changeToNetincome": 611576000, "changeToAccountReceivables": -629602000, "changeToLiabilities": 1233882000, "changeToInventory": -444865000, "changeToOperatingActivities": 26174000, "totalCashFromOperatingActivities": 1417266000, "capitalExpenditures": -813522000, "investments": -69060000, "otherCashflowsFromInvestingActivities": 30037000, "totalCashflowsFromInvestingActivities": -844713000, "dividendsPaid": -50133000, "netBorrowings": -328172000, "otherCashflowsFromFinancingActivities": -586541000, "totalCashFromFinancingActivities": -464847000, "changeInCash": 107706000, "issuanceOfStock": 4746833000}], "maxAge": 86400}, "institutionOwnership": {"maxAge": 1, "ownershipList": []}, "balanceSheetHistoryQuarterly": {"balanceSheetStatements": [{"maxAge": 1, "endDate": "2020-06-30", "totalStockholderEquity": 11284040000, "netTangibleAssets": 7614707000}, {"maxAge": 1, "endDate": "2020-03-31", "cash": 714023000, "shortTermInvestments": 488707000, "netReceivables": 9181605000, "inventory": 6556955000, "otherCurrentAssets": 386459000, "totalCurrentAssets": 17356689000, "longTermInvestments": 17071000, "propertyPlantEquipment": 7506674000, "goodWill": 1222684000, "intangibleAssets": 2446649000, "otherAssets": 478482000, "deferredLongTermAssetCharges": 19144000, "totalAssets": 29028249000, "accountsPayable": 11057937000, "shortLongTermDebt": 469670000, "otherCurrentLiab": 523224000, "longTermDebt": 1388170000, "otherLiab": 1410807000, "minorityInterest": 347864000, "totalCurrentLiabilities": 14468119000, "totalLiab": 17396345000, "commonStock": 314465000, "retainedEarnings": 4626431000, "capitalSurplus": 6343144000, "totalStockholderEquity": 11284040000, "netTangibleAssets": 7614707000}, {"maxAge": 1, "endDate": "2019-12-31", "totalStockholderEquity": 10587913000, "netTangibleAssets": 6681153000}, {"maxAge": 1, "endDate": "2019-09-30", "cash": 439089000, "shortTermInvestments": 384930000, "netReceivables": 4392862000, "inventory": 4731775000, "otherCurrentAssets": 510320000, "totalCurrentAssets": 10074046000, "longTermInvestments": 53734000, "propertyPlantEquipment": 7194735000, "goodWill": 1395636000, "intangibleAssets": 2511124000, "otherAssets": 713009000, "deferredLongTermAssetCharges": 75416000, "totalAssets": 21942284000, "accountsPayable": 4262173000, "otherCurrentLiab": 1020286000, "longTermDebt": 1748601000, "otherLiab": 2036984000, "minorityInterest": 224886000, "totalCurrentLiabilities": 7224011000, "totalLiab": 11129485000, "commonStock": 314465000, "treasuryStock": 10273448000, "otherStockholderEquity": 10273448000, "totalStockholderEquity": 10587913000, "netTangibleAssets": 6681153000}], "maxAge": 86400}, "earningsHistory": {"history": [{"maxAge": 1, "epsActual": {}, "epsEstimate": {}, "epsDifference": {}, "surprisePercent": {}, "quarter": {}, "period": "-4q"}, {"maxAge": 1, "epsActual": {}, "epsEstimate": {}, "epsDifference": {}, "surprisePercent": {}, "quarter": {}, "period": "-3q"}, {"maxAge": 1, "epsActual": {}, "epsEstimate": {}, "epsDifference": {}, "surprisePercent": {}, "quarter": {}, "period": "-2q"}, {"maxAge": 1, "epsActual": {}, "epsEstimate": {}, "epsDifference": {}, "surprisePercent": {}, "quarter": {}, "period": "-1q"}], "maxAge": 86400}, "indexTrend": {"maxAge": 1, "symbol": "SP5", "peRatio": 19.7411, "pegRatio": 1.34172, "estimates": [{"period": "0q", "growth": 0.549}, {"period": "+1q", "growth": 0.431}, {"period": "0y", "growth": 0.305}, {"period": "+1y", "growth": 0.109}, {"period": "+5y", "growth": 0.120865}, {"period": "-5y"}]}, "industryTrend": {"maxAge": 1, "symbol": null, "estimates": []}, "insiderTransactions": {"transactions": [{"maxAge": 1, "shares": 3288819, "filerUrl": "", "transactionText": "", "filerName": "Ascent Investment Holdings Pte Ltd", "filerRelation": "Institution- Corporation", "moneyText": "", "startDate": "2020-09-11", "ownership": "D"}], "maxAge": 1}, "quoteType": {"exchange": "BSE", "quoteType": "EQUITY", "symbol": "AMBER.BO", "underlyingSymbol": "AMBER.BO", "shortName": "Amber Enterprises India Limite", "longName": "Amber Enterprises India Limited", "firstTradeDateEpochUtc": "2018-01-30 09:15:00", "timeZoneFullName": "Asia/Kolkata", "timeZoneShortName": "IST", "uuid": "4c0b2fce-04d3-36d4-b18c-de7785b97f85", "messageBoardId": null, "gmtOffSetMilliseconds": 19800000, "maxAge": 1}, "incomeStatementHistory": {"incomeStatementHistory": [{"maxAge": 1, "endDate": "2020-03-31", "totalRevenue": 39627933000, "costOfRevenue": 33180487000, "grossProfit": 6447446000, "researchDevelopment": {}, "sellingGeneralAdministrative": 1286679000, "nonRecurring": {}, "otherOperatingExpenses": 1887097000, "totalOperatingExpenses": 37202012000, "operatingIncome": 2425921000, "totalOtherIncomeExpenseNet": -518488000, "ebit": 2425921000, "interestExpense": -358032000, "incomeBeforeTax": 1907433000, "incomeTaxExpense": 265984000, "minorityInterest": 347864000, "netIncomeFromContinuingOps": 1641449000, "discontinuedOperations": {}, "extraordinaryItems": {}, "effectOfAccountingCharges": {}, "otherItems": {}, "netIncome": 1584037000, "netIncomeApplicableToCommonShares": 1584037000}, {"maxAge": 1, "endDate": "2019-03-31", "totalRevenue": 27519907000, "costOfRevenue": 23313448000, "grossProfit": 4206459000, "researchDevelopment": {}, "sellingGeneralAdministrative": 733143000, "nonRecurring": {}, "otherOperatingExpenses": 1341684000, "totalOperatingExpenses": 26007861000, "operatingIncome": 1512046000, "totalOtherIncomeExpenseNet": -152779000, "ebit": 1512046000, "interestExpense": -202179000, "incomeBeforeTax": 1359267000, "incomeTaxExpense": 411558000, "minorityInterest": 189799000, "netIncomeFromContinuingOps": 947709000, "discontinuedOperations": {}, "extraordinaryItems": {}, "effectOfAccountingCharges": {}, "otherItems": {}, "netIncome": 936597000, "netIncomeApplicableToCommonShares": 936597000}, {"maxAge": 1, "endDate": "2018-03-31", "totalRevenue": 21281174000, "costOfRevenue": 17791094000, "grossProfit": 3490080000, "researchDevelopment": {}, "sellingGeneralAdministrative": 612140000, "nonRecurring": {}, "otherOperatingExpenses": 1029158000, "totalOperatingExpenses": 19919359000, "operatingIncome": 1361815000, "totalOtherIncomeExpenseNet": -467771000, "ebit": 1361815000, "interestExpense": -471431000, "incomeBeforeTax": 894044000, "incomeTaxExpense": 270986000, "minorityInterest": 189799000, "netIncomeFromContinuingOps": 623058000, "discontinuedOperations": {}, "extraordinaryItems": {}, "effectOfAccountingCharges": {}, "otherItems": {}, "netIncome": 623058000, "netIncomeApplicableToCommonShares": 623058000}, {"maxAge": 1, "endDate": "2017-03-31", "totalRevenue": 16518603000, "costOfRevenue": 13750013000, "grossProfit": 2768590000, "researchDevelopment": {}, "sellingGeneralAdministrative": 568359000, "nonRecurring": {}, "otherOperatingExpenses": 885804000, "totalOperatingExpenses": 15600881000, "operatingIncome": 917722000, "totalOtherIncomeExpenseNet": -560658000, "ebit": 917722000, "interestExpense": -607254000, "incomeBeforeTax": 357064000, "incomeTaxExpense": 135626000, "minorityInterest": 189799000, "netIncomeFromContinuingOps": 221438000, "discontinuedOperations": {}, "extraordinaryItems": {}, "effectOfAccountingCharges": {}, "otherItems": {}, "netIncome": 221438000, "netIncomeApplicableToCommonShares": 221438000}], "maxAge": 86400}, "fundOwnership": {"maxAge": 1, "ownershipList": [{"maxAge": 1, "reportDate": "2020-07-31", "organization": "Goldman Sachs Emerging Markets Equity Fund", "pctHeld": 0.0128999995, "position": 435918, "value": 645616353}, {"maxAge": 1, "reportDate": "2020-06-30", "organization": "Matthews International  Fds-Matthews India Fd", "pctHeld": 0.0036000002, "position": 121560, "value": 174493302}, {"maxAge": 1, "reportDate": "2020-06-30", "organization": "Driehaus Emerging Markets Small Cap Growth Fund", "pctHeld": 0.0011, "position": 38249, "value": 54904527}, {"maxAge": 1, "reportDate": "2020-06-30", "organization": "Morgan Stanley Inst Fd Inc-Emerging Markets Small Cap Port", "pctHeld": 0.0007, "position": 24980, "value": 35857541}, {"maxAge": 1, "reportDate": "2020-08-31", "organization": "iShares MSCI India Small Cap ETF", "pctHeld": 0.0007, "position": 24416, "value": 42316590}, {"maxAge": 1, "reportDate": "2020-06-30", "organization": "GuideStone Fds Tr-Emerging Markets Equity Fd", "pctHeld": 0.0007, "position": 22971, "value": 32973721}, {"maxAge": 1, "reportDate": "2020-07-31", "organization": "DFA Emerging Markets Small Cap Series", "pctHeld": 0.00029999999, "position": 9759, "value": 14453566}, {"maxAge": 1, "reportDate": "2020-06-30", "organization": "Oberweis Emerging Markets Fund", "pctHeld": 0.0001, "position": 3900, "value": 5598255}, {"maxAge": 1, "reportDate": "2020-06-30", "organization": "College Retirement Equities Fund-Stock Account", "pctHeld": 0.0001, "position": 2468, "value": 3542690}, {"maxAge": 1, "reportDate": "2020-07-31", "organization": "DFA Emerging Markets Sustainability Core 1 Portfolio", "pctHeld": 0.0001, "position": 1804, "value": 2671814}]}, "summaryDetail": {"maxAge": 1, "priceHint": 2, "previousClose": 3167.55, "open": 3167.0, "dayLow": 3084.35, "dayHigh": 3188.55, "regularMarketPreviousClose": 3167.55, "regularMarketOpen": 3167.0, "regularMarketDayLow": 3084.35, "regularMarketDayHigh": 3188.55, "trailingPE": 125.96119, "forwardPE": 96.863884, "volume": 2855, "regularMarketVolume": 2855, "averageVolume": 12286, "averageVolume10days": 7810, "averageDailyVolume10Day": 7810, "bid": 3102.0, "ask": 3113.7, "bidSize": 0, "askSize": 0, "marketCap": 104277016576, "fiftyTwoWeekLow": 921.6, "fiftyTwoWeekHigh": 3317.3, "fiftyDayAverage": 2741.6157, "twoHundredDayAverage": 2262.5317, "trailingAnnualDividendRate": 3.2, "trailingAnnualDividendYield": 0.0010102445, "currency": "INR", "fromCurrency": null, "toCurrency": null, "lastMarket": null, "algorithm": null, "tradeable": false}, "sectorTrend": {"maxAge": 1, "symbol": null, "estimates": []}, "incomeStatementHistoryQuarterly": {"incomeStatementHistory": [{"maxAge": 1, "endDate": "2020-06-30", "totalRevenue": 2594514000, "costOfRevenue": 2175935000, "grossProfit": 418579000, "researchDevelopment": {}, "sellingGeneralAdministrative": 224844000, "nonRecurring": {}, "otherOperatingExpenses": 248972000, "totalOperatingExpenses": 2878420000, "operatingIncome": -283906000, "totalOtherIncomeExpenseNet": -71966000, "ebit": -283906000, "interestExpense": -102349000, "incomeBeforeTax": -355872000, "incomeTaxExpense": -116715000, "minorityInterest": {}, "netIncomeFromContinuingOps": -239157000, "discontinuedOperations": {}, "extraordinaryItems": {}, "effectOfAccountingCharges": {}, "otherItems": {}, "netIncome": -224460000, "netIncomeApplicableToCommonShares": -224460000}, {"maxAge": 1, "endDate": "2020-03-31", "totalRevenue": 13151830000, "costOfRevenue": 11124247000, "grossProfit": 2027583000, "researchDevelopment": {}, "sellingGeneralAdministrative": 529450000, "nonRecurring": {}, "otherOperatingExpenses": 298270000, "totalOperatingExpenses": 12171486000, "operatingIncome": 980344000, "totalOtherIncomeExpenseNet": -279482000, "ebit": 980344000, "interestExpense": -37244000, "incomeBeforeTax": 700862000, "incomeTaxExpense": 72623000, "minorityInterest": 347864000, "netIncomeFromContinuingOps": 628239000, "discontinuedOperations": {}, "extraordinaryItems": {}, "effectOfAccountingCharges": {}, "otherItems": {}, "netIncome": 628441000, "netIncomeApplicableToCommonShares": 628441000}, {"maxAge": 1, "endDate": "2019-12-31", "totalRevenue": 7884340000, "costOfRevenue": 6539843000, "grossProfit": 1344497000, "researchDevelopment": {}, "sellingGeneralAdministrative": 270504000, "nonRecurring": {}, "otherOperatingExpenses": 531294000, "totalOperatingExpenses": 7556268000, "operatingIncome": 328072000, "totalOtherIncomeExpenseNet": -83257000, "ebit": 328072000, "interestExpense": -105202000, "incomeBeforeTax": 244815000, "incomeTaxExpense": -3290000, "minorityInterest": 347864000, "netIncomeFromContinuingOps": 248105000, "discontinuedOperations": {}, "extraordinaryItems": {}, "effectOfAccountingCharges": {}, "otherItems": {}, "netIncome": 225716000, "netIncomeApplicableToCommonShares": 225716000}, {"maxAge": 1, "endDate": "2019-09-30", "totalRevenue": 6232385000, "costOfRevenue": 5138516000, "grossProfit": 1093869000, "researchDevelopment": {}, "sellingGeneralAdministrative": 251070000, "nonRecurring": {}, "otherOperatingExpenses": 475669000, "totalOperatingExpenses": 6078627000, "operatingIncome": 153758000, "totalOtherIncomeExpenseNet": -107311000, "ebit": 153758000, "interestExpense": -105891000, "incomeBeforeTax": 46447000, "incomeTaxExpense": -75384000, "minorityInterest": 224886000, "netIncomeFromContinuingOps": 121831000, "discontinuedOperations": {}, "extraordinaryItems": {}, "effectOfAccountingCharges": {}, "otherItems": {}, "netIncome": 117709000, "netIncomeApplicableToCommonShares": 117709000}], "maxAge": 86400}, "cashflowStatementHistoryQuarterly": {"cashflowStatements": [{"maxAge": 1, "endDate": "2020-06-30", "netIncome": -224460000, "changeToLiabilities": 0}, {"maxAge": 1, "endDate": "2020-03-31", "netIncome": 628441000, "changeToLiabilities": 0}, {"maxAge": 1, "endDate": "2019-12-31", "netIncome": 225716000, "changeToLiabilities": 0}, {"maxAge": 1, "endDate": "2019-09-30", "netIncome": 117709000, "changeToLiabilities": 0}], "maxAge": 86400}, "insiderHolders": {"holders": [{"maxAge": 1, "name": "Ascent Investment Holdings Pte Ltd", "relation": "Institution- Corporation", "url": "", "transactionDescription": "Sale", "latestTransDate": "2020-09-11", "positionDirect": 3288820, "positionDirectDate": "2020-09-11"}], "maxAge": 1}, "earnings": {"maxAge": 86400, "earningsChart": {"quarterly": [], "earningsDate": ["2020-08-07 05:30:S"]}, "financialsChart": {"yearly": [{"date": 2017, "revenue": 16518603000, "earnings": 221438000}, {"date": 2018, "revenue": 21281174000, "earnings": 623058000}, {"date": 2019, "revenue": 27519907000, "earnings": 936597000}, {"date": 2020, "revenue": 39627933000, "earnings": 1584037000}], "quarterly": [{"date": "3Q2019", "revenue": 6232385000, "earnings": 117709000}, {"date": "4Q2019", "revenue": 7884340000, "earnings": 225716000}, {"date": "1Q2020", "revenue": 13151830000, "earnings": 628441000}, {"date": "2Q2020", "revenue": 2594514000, "earnings": -224460000}]}, "financialCurrency": "INR"}, "calendarEvents": {"maxAge": 1, "earnings": {"earningsDate": ["2020-08-07 05:30:S"], "revenueLow": 7013000000, "revenueHigh": 7317000000}}, "price": {"maxAge": 1, "regularMarketChangePercent": -0.020520592, "regularMarketChange": -65.0, "regularMarketTime": "2021-04-30 15:28:12", "priceHint": 2, "regularMarketPrice": 3102.55, "regularMarketDayHigh": 3188.55, "regularMarketDayLow": 3084.35, "regularMarketVolume": 2855, "averageDailyVolume10Day": 7810, "averageDailyVolume3Month": 12286, "regularMarketPreviousClose": 3167.55, "regularMarketSource": "FREE_REALTIME", "regularMarketOpen": 3167.0, "exchange": "BSE", "exchangeName": "BSE", "exchangeDataDelayedBy": 0, "marketState": "CLOSED", "quoteType": "EQUITY", "symbol": "AMBER.BO", "underlyingSymbol": null, "shortName": "Amber Enterprises India Limite", "longName": "Amber Enterprises India Limited", "currency": "INR", "quoteSourceName": "Delayed Quote", "currencySymbol": "\u20b9", "fromCurrency": null, "toCurrency": null, "lastMarket": null, "marketCap": 104277016576}, "balanceSheetHistory": {"balanceSheetStatements": [{"maxAge": 1, "endDate": "2020-03-31", "cash": 714023000, "shortTermInvestments": 488707000, "netReceivables": 9181605000, "inventory": 6556955000, "otherCurrentAssets": 386459000, "totalCurrentAssets": 17356689000, "longTermInvestments": 17071000, "propertyPlantEquipment": 7506674000, "goodWill": 1222684000, "intangibleAssets": 2446649000, "otherAssets": 478482000, "deferredLongTermAssetCharges": 19144000, "totalAssets": 29028249000, "accountsPayable": 11057937000, "shortLongTermDebt": 469670000, "otherCurrentLiab": 523224000, "longTermDebt": 1388170000, "otherLiab": 1410807000, "minorityInterest": 347864000, "totalCurrentLiabilities": 14468119000, "totalLiab": 17396345000, "commonStock": 314465000, "retainedEarnings": 4626431000, "capitalSurplus": 6343144000, "totalStockholderEquity": 11284040000, "netTangibleAssets": 7614707000}, {"maxAge": 1, "endDate": "2019-03-31", "cash": 401348000, "shortTermInvestments": 45382000, "netReceivables": 8464433000, "inventory": 5606217000, "otherCurrentAssets": 292634000, "totalCurrentAssets": 14828517000, "longTermInvestments": 402000, "propertyPlantEquipment": 6599627000, "goodWill": 668991000, "intangibleAssets": 1162718000, "otherAssets": 478596000, "deferredLongTermAssetCharges": 31398000, "totalAssets": 23738851000, "accountsPayable": 9403691000, "shortLongTermDebt": 151296000, "otherCurrentLiab": 425532000, "longTermDebt": 1412113000, "otherLiab": 772726000, "minorityInterest": 189799000, "totalCurrentLiabilities": 11481498000, "totalLiab": 13687592000, "commonStock": 314465000, "retainedEarnings": 3203851000, "capitalSurplus": 6343144000, "totalStockholderEquity": 9861460000, "netTangibleAssets": 8029751000}, {"maxAge": 1, "endDate": "2018-03-31", "cash": 1194138000, "shortTermInvestments": 143962000, "netReceivables": 4069073000, "inventory": 3956450000, "otherCurrentAssets": 260269000, "totalCurrentAssets": 9639847000, "longTermInvestments": 57235000, "propertyPlantEquipment": 5723475000, "goodWill": 653747000, "intangibleAssets": 1020415000, "otherAssets": 185379000, "totalAssets": 17280098000, "accountsPayable": 5720495000, "shortLongTermDebt": 84601000, "otherCurrentLiab": 133732000, "longTermDebt": 378744000, "otherLiab": 639122000, "totalCurrentLiabilities": 7280320000, "totalLiab": 8352487000, "commonStock": 314465000, "retainedEarnings": 2270002000, "capitalSurplus": 6343144000, "totalStockholderEquity": 8927611000, "netTangibleAssets": 7253449000}, {"maxAge": 1, "endDate": "2017-03-31", "cash": 165936000, "shortTermInvestments": 186448000, "netReceivables": 3240640000, "inventory": 2685027000, "otherCurrentAssets": 220031000, "totalCurrentAssets": 6511523000, "propertyPlantEquipment": 4722281000, "goodWill": 341472000, "intangibleAssets": 717328000, "otherAssets": 214726000, "deferredLongTermAssetCharges": 2266000, "totalAssets": 12507330000, "accountsPayable": 4457439000, "shortLongTermDebt": 204737000, "otherCurrentLiab": 91814000, "longTermDebt": 2144205000, "otherLiab": 129126000, "totalCurrentLiabilities": 6532576000, "totalLiab": 8880718000, "commonStock": 238098000, "retainedEarnings": 1643546000, "treasuryStock": 339825000, "capitalSurplus": 1405143000, "otherStockholderEquity": 339825000, "totalStockholderEquity": 3626612000, "netTangibleAssets": 2567812000}], "maxAge": 86400}, "earningsTrend": {"trend": [{"maxAge": 1, "period": "0q", "endDate": "2018-03-31", "growth": {}, "earningsEstimate": {"avg": 0.0, "low": 0.0, "high": 0.0, "yearAgoEps": {}, "numberOfAnalysts": 0, "growth": {}}, "revenueEstimate": {"avg": 0, "low": 7013000000, "high": 7317000000, "numberOfAnalysts": 2, "yearAgoRevenue": {}, "growth": {}}, "epsTrend": {"current": 0.0, "7daysAgo": 11.6, "30daysAgo": 11.6, "60daysAgo": 11.6, "90daysAgo": 11.6}, "epsRevisions": {"upLast7days": 0, "upLast30days": 0, "downLast30days": 0, "downLast90days": {}}}, {"maxAge": 1, "period": "+1q", "endDate": "2018-06-30", "growth": {}, "earningsEstimate": {"avg": 0.0, "low": 0.0, "high": 0.0, "yearAgoEps": {}, "numberOfAnalysts": 0, "growth": {}}, "revenueEstimate": {"avg": 0, "low": 6746000000, "high": 6746000000, "numberOfAnalysts": 1, "yearAgoRevenue": {}, "growth": {}}, "epsTrend": {"current": 0.0, "7daysAgo": 10.2, "30daysAgo": 10.2, "60daysAgo": 10.2, "90daysAgo": 10.2}, "epsRevisions": {"upLast7days": 0, "upLast30days": 0, "downLast30days": 0, "downLast90days": {}}}, {"maxAge": 1, "period": "0y", "endDate": "2018-03-31", "growth": {}, "earningsEstimate": {"avg": 0.0, "low": 0.0, "high": 0.0, "yearAgoEps": {}, "numberOfAnalysts": 0, "growth": {}}, "revenueEstimate": {"avg": 0, "low": 19792000000, "high": 20764000000, "numberOfAnalysts": 2, "yearAgoRevenue": {}, "growth": {}}, "epsTrend": {"current": 0.0, "7daysAgo": 19.1, "30daysAgo": 19.1, "60daysAgo": 19.1, "90daysAgo": 19.1}, "epsRevisions": {"upLast7days": 0, "upLast30days": 0, "downLast30days": 0, "downLast90days": {}}}, {"maxAge": 1, "period": "+1y", "endDate": "2019-03-31", "growth": {}, "earningsEstimate": {"avg": 0.0, "low": 0.0, "high": 0.0, "yearAgoEps": {}, "numberOfAnalysts": 0, "growth": {}}, "revenueEstimate": {"avg": 22316700000, "low": 21186000000, "high": 23850000000, "numberOfAnalysts": 3, "yearAgoRevenue": {}, "growth": {}}, "epsTrend": {"current": 0.0, "7daysAgo": 32.03, "30daysAgo": 32.03, "60daysAgo": 32.03, "90daysAgo": 32.03}, "epsRevisions": {"upLast7days": 0, "upLast30days": 0, "downLast30days": 0, "downLast90days": {}}}, {"maxAge": 1, "period": "+5y", "endDate": null, "growth": {}, "earningsEstimate": {"avg": {}, "low": {}, "high": {}, "yearAgoEps": {}, "numberOfAnalysts": {}, "growth": {}}, "revenueEstimate": {"avg": {}, "low": {}, "high": {}, "numberOfAnalysts": {}, "yearAgoRevenue": {}, "growth": {}}, "epsTrend": {"current": {}, "7daysAgo": {}, "30daysAgo": {}, "60daysAgo": {}, "90daysAgo": {}}, "epsRevisions": {"upLast7days": {}, "upLast30days": {}, "downLast30days": {}, "downLast90days": {}}}, {"maxAge": 1, "period": "-5y", "endDate": null, "growth": {}, "earningsEstimate": {"avg": {}, "low": {}, "high": {}, "yearAgoEps": {}, "numberOfAnalysts": {}, "growth": {}}, "revenueEstimate": {"avg": {}, "low": {}, "high": {}, "numberOfAnalysts": {}, "yearAgoRevenue": {}, "growth": {}}, "epsTrend": {"current": {}, "7daysAgo": {}, "30daysAgo": {}, "60daysAgo": {}, "90daysAgo": {}}, "epsRevisions": {"upLast7days": {}, "upLast30days": {}, "downLast30days": {}, "downLast90days": {}}}], "maxAge": 1}, "financialData": {"maxAge": 86400, "currentPrice": 3102.55, "targetHighPrice": 1225.0, "targetLowPrice": 872.0, "targetMeanPrice": 1079.88, "targetMedianPrice": 1090.5, "recommendationKey": "none", "numberOfAnalystOpinions": 8, "grossProfits": 6447446000, "financialCurrency": "INR"}}}