{"AMBIKCO.BO": {"recommendationTrend": {"trend": [{"period": "0m", "strongBuy": 0, "buy": 0, "hold": 0, "sell": 0, "strongSell": 0}, {"period": "-1m", "strongBuy": 0, "buy": 0, "hold": 0, "sell": 0, "strongSell": 0}, {"period": "-2m", "strongBuy": 0, "buy": 0, "hold": 0, "sell": 0, "strongSell": 0}, {"period": "-3m", "strongBuy": 0, "buy": 0, "hold": 0, "sell": 0, "strongSell": 0}], "maxAge": 86400}, "cashflowStatementHistory": {"cashflowStatements": [{"maxAge": 1, "endDate": "2020-03-31", "netIncome": 522570000, "depreciation": 275849000, "changeToNetincome": 3355000, "changeToAccountReceivables": -55743000, "changeToLiabilities": 20468000, "changeToInventory": -308453000, "changeToOperatingActivities": 37144000, "totalCashFromOperatingActivities": 495190000, "capitalExpenditures": -188346000, "investments": 154894000, "otherCashflowsFromInvestingActivities": 4458000, "totalCashflowsFromInvestingActivities": -28994000, "dividendsPaid": -171750000, "netBorrowings": -192366000, "otherCashflowsFromFinancingActivities": -93479000, "totalCashFromFinancingActivities": -457595000, "changeInCash": 8601000}, {"maxAge": 1, "endDate": "2019-03-31", "netIncome": 631830000, "depreciation": 288476000, "changeToNetincome": 26275000, "changeToAccountReceivables": 10540000, "changeToLiabilities": -536002000, "changeToInventory": -319618000, "changeToOperatingActivities": 3417000, "totalCashFromOperatingActivities": 104918000, "capitalExpenditures": -309792000, "investments": -157050000, "otherCashflowsFromInvestingActivities": 7825000, "totalCashflowsFromInvestingActivities": -458135000, "dividendsPaid": -143125000, "netBorrowings": 602390000, "otherCashflowsFromFinancingActivities": -94242000, "totalCashFromFinancingActivities": 365023000, "effectOfExchangeRate": 71000, "changeInCash": 11877000}, {"maxAge": 1, "endDate": "2018-03-31", "netIncome": 610677000, "depreciation": 288760000, "changeToNetincome": -498000, "changeToAccountReceivables": 274311000, "changeToLiabilities": 160956000, "changeToInventory": -884363000, "changeToOperatingActivities": -287262000, "totalCashFromOperatingActivities": 162581000, "capitalExpenditures": -348162000, "investments": 12865000, "otherCashflowsFromInvestingActivities": 8123000, "totalCashflowsFromInvestingActivities": -317142000, "dividendsPaid": -57250000, "netBorrowings": 209424000, "otherCashflowsFromFinancingActivities": -49286000, "totalCashFromFinancingActivities": 102888000, "effectOfExchangeRate": 11000, "changeInCash": -51662000}, {"maxAge": 1, "endDate": "2017-03-31", "netIncome": 557383000, "depreciation": 293486000, "changeToNetincome": 23070000, "changeToAccountReceivables": -225352000, "changeToLiabilities": 260957000, "changeToInventory": -273202000, "changeToOperatingActivities": 33644000, "totalCashFromOperatingActivities": 669986000, "capitalExpenditures": -289819000, "investments": -7259000, "otherCashflowsFromInvestingActivities": 3067000, "totalCashflowsFromInvestingActivities": -283414000, "dividendsPaid": -57250000, "netBorrowings": -122221000, "otherCashflowsFromFinancingActivities": -38395000, "totalCashFromFinancingActivities": -321768000, "effectOfExchangeRate": -488000, "changeInCash": 64316000, "repurchaseOfStock": -161152000}], "maxAge": 86400}, "institutionOwnership": {"maxAge": 1, "ownershipList": []}, "balanceSheetHistoryQuarterly": {"balanceSheetStatements": [{"maxAge": 1, "endDate": "2020-06-30", "totalStockholderEquity": 5060600000, "netTangibleAssets": 5060600000}, {"maxAge": 1, "endDate": "2020-03-31", "cash": 67546000, "shortTermInvestments": 2500000, "netReceivables": 411788000, "inventory": 3057740000, "otherCurrentAssets": 48960000, "totalCurrentAssets": 3620962000, "propertyPlantEquipment": 2525688000, "otherAssets": 115168000, "totalAssets": 6261818000, "accountsPayable": 94308000, "otherCurrentLiab": 58767000, "otherLiab": 300660000, "totalCurrentLiabilities": 900477000, "totalLiab": 1201137000, "commonStock": 57250000, "retainedEarnings": 4965825000, "treasuryStock": 1500000, "capitalSurplus": 36106000, "otherStockholderEquity": 1500000, "totalStockholderEquity": 5060681000, "netTangibleAssets": 5060681000}, {"maxAge": 1, "endDate": "2019-12-31", "totalStockholderEquity": 5002000000, "netTangibleAssets": 5002000000}, {"maxAge": 1, "endDate": "2019-09-30", "cash": 54600000, "shortTermInvestments": 213600000, "netReceivables": 113100000, "inventory": 3164800000, "otherCurrentAssets": 89500000, "totalCurrentAssets": 3635600000, "longTermInvestments": 105300000, "propertyPlantEquipment": 2558300000, "otherAssets": 1500000, "totalAssets": 6300700000, "accountsPayable": 654100000, "otherCurrentLiab": 127700000, "otherLiab": 325500000, "totalCurrentLiabilities": 973200000, "totalLiab": 1298700000, "commonStock": 57200000, "treasuryStock": 4944800000, "otherStockholderEquity": 4944800000, "totalStockholderEquity": 5002000000, "netTangibleAssets": 5002000000}], "maxAge": 86400}, "earningsHistory": {"history": [{"maxAge": 1, "epsActual": 24.32, "epsEstimate": 23.11, "epsDifference": 1.21, "surprisePercent": 0.051999997, "quarter": "2017-03-31", "period": "-4q"}, {"maxAge": 1, "epsActual": 27.98, "epsEstimate": 28.37, "epsDifference": -0.39, "surprisePercent": -0.0139999995, "quarter": "2018-03-31", "period": "-3q"}, {"maxAge": 1, "epsActual": 29.31, "epsEstimate": 27.64, "epsDifference": 1.67, "surprisePercent": 0.06, "quarter": "2018-06-30", "period": "-2q"}, {"maxAge": 1, "epsActual": 29.59, "epsEstimate": 29.78, "epsDifference": -0.19, "surprisePercent": -0.006, "quarter": "2018-09-30", "period": "-1q"}], "maxAge": 86400}, "indexTrend": {"maxAge": 1, "symbol": "SP5", "peRatio": 19.7411, "pegRatio": 1.34172, "estimates": [{"period": "0q", "growth": 0.549}, {"period": "+1q", "growth": 0.431}, {"period": "0y", "growth": 0.305}, {"period": "+1y", "growth": 0.109}, {"period": "+5y", "growth": 0.120865}, {"period": "-5y"}]}, "industryTrend": {"maxAge": 1, "symbol": null, "estimates": []}, "insiderTransactions": {"transactions": [{"maxAge": 1, "shares": 2000, "filerUrl": "", "transactionText": "", "filerName": "Chandran (P V)", "filerRelation": "Executive Chairman", "moneyText": "", "startDate": "2019-08-27", "ownership": "D"}, {"maxAge": 1, "shares": 8000, "filerUrl": "", "transactionText": "", "filerName": "Chandran (P V)", "filerRelation": "Executive Chairman", "moneyText": "", "startDate": "2019-08-26", "ownership": "D"}], "maxAge": 1}, "quoteType": {"exchange": "BSE", "quoteType": "EQUITY", "symbol": "AMBIKCO.BO", "underlyingSymbol": "AMBIKCO.BO", "shortName": "AMBIKA COTTON MILLS LTD.", "longName": "Ambika Cotton Mills Limited", "firstTradeDateEpochUtc": "2000-07-25 09:15:00", "timeZoneFullName": "Asia/Kolkata", "timeZoneShortName": "IST", "uuid": "7287ecb9-4a5e-356c-af74-23c0fa211822", "messageBoardId": null, "gmtOffSetMilliseconds": 19800000, "maxAge": 1}, "incomeStatementHistory": {"incomeStatementHistory": [{"maxAge": 1, "endDate": "2020-03-31", "totalRevenue": 6230923000, "costOfRevenue": 3969210000, "grossProfit": 2261713000, "researchDevelopment": {}, "sellingGeneralAdministrative": 417859000, "nonRecurring": {}, "otherOperatingExpenses": 743795000, "totalOperatingExpenses": 5406713000, "operatingIncome": 824210000, "totalOtherIncomeExpenseNet": -132862000, "ebit": 824210000, "interestExpense": -93079000, "incomeBeforeTax": 691348000, "incomeTaxExpense": 168778000, "minorityInterest": {}, "netIncomeFromContinuingOps": 522570000, "discontinuedOperations": {}, "extraordinaryItems": {}, "effectOfAccountingCharges": {}, "otherItems": {}, "netIncome": 522570000, "netIncomeApplicableToCommonShares": 522570000}, {"maxAge": 1, "endDate": "2019-03-31", "totalRevenue": 6560130000, "costOfRevenue": 4187932000, "grossProfit": 2372198000, "researchDevelopment": {}, "sellingGeneralAdministrative": 380745000, "nonRecurring": {}, "otherOperatingExpenses": 706241000, "totalOperatingExpenses": 5563394000, "operatingIncome": 996736000, "totalOtherIncomeExpenseNet": -128469000, "ebit": 996736000, "interestExpense": -93086000, "incomeBeforeTax": 868267000, "incomeTaxExpense": 236437000, "minorityInterest": {}, "netIncomeFromContinuingOps": 631830000, "discontinuedOperations": {}, "extraordinaryItems": {}, "effectOfAccountingCharges": {}, "otherItems": {}, "netIncome": 631830000, "netIncomeApplicableToCommonShares": 631830000}, {"maxAge": 1, "endDate": "2018-03-31", "totalRevenue": 5844668000, "costOfRevenue": 3792651000, "grossProfit": 2052017000, "researchDevelopment": {}, "sellingGeneralAdministrative": 337200000, "nonRecurring": {}, "otherOperatingExpenses": 592886000, "totalOperatingExpenses": 5011497000, "operatingIncome": 833171000, "totalOtherIncomeExpenseNet": -36973000, "ebit": 833171000, "interestExpense": -48707000, "incomeBeforeTax": 796198000, "incomeTaxExpense": 185521000, "minorityInterest": {}, "netIncomeFromContinuingOps": 610677000, "discontinuedOperations": {}, "extraordinaryItems": {}, "effectOfAccountingCharges": {}, "otherItems": {}, "netIncome": 610677000, "netIncomeApplicableToCommonShares": 610677000}, {"maxAge": 1, "endDate": "2017-03-31", "totalRevenue": 5286130000, "costOfRevenue": 3379089000, "grossProfit": 1907041000, "researchDevelopment": {}, "sellingGeneralAdministrative": 263824000, "nonRecurring": {}, "otherOperatingExpenses": 599035000, "totalOperatingExpenses": 4535434000, "operatingIncome": 750696000, "totalOtherIncomeExpenseNet": -30047000, "ebit": 750696000, "interestExpense": -37666000, "incomeBeforeTax": 720649000, "incomeTaxExpense": 163266000, "minorityInterest": {}, "netIncomeFromContinuingOps": 557383000, "discontinuedOperations": {}, "extraordinaryItems": {}, "effectOfAccountingCharges": {}, "otherItems": {}, "netIncome": 557383000, "netIncomeApplicableToCommonShares": 557383000}], "maxAge": 86400}, "fundOwnership": {"maxAge": 1, "ownershipList": []}, "summaryDetail": {"maxAge": 1, "priceHint": 2, "previousClose": 909.0, "open": 906.25, "dayLow": 897.65, "dayHigh": 911.2, "regularMarketPreviousClose": 909.0, "regularMarketOpen": 906.25, "regularMarketDayLow": 897.65, "regularMarketDayHigh": 911.2, "trailingPE": 11.87607, "forwardPE": 6.8490806, "volume": 437, "regularMarketVolume": 437, "averageVolume": 4553, "averageVolume10days": 3396, "averageDailyVolume10Day": 3396, "bid": 900.0, "ask": 906.0, "bidSize": 0, "askSize": 0, "marketCap": 5162518528, "fiftyTwoWeekLow": 421.0, "fiftyTwoWeekHigh": 1200.0, "fiftyDayAverage": 997.0571, "twoHundredDayAverage": 792.34674, "trailingAnnualDividendRate": 15.0, "trailingAnnualDividendYield": 0.01650165, "currency": "INR", "fromCurrency": null, "toCurrency": null, "lastMarket": null, "algorithm": null, "tradeable": false}, "sectorTrend": {"maxAge": 1, "symbol": null, "estimates": []}, "incomeStatementHistoryQuarterly": {"incomeStatementHistory": [{"maxAge": 1, "endDate": "2020-06-30", "totalRevenue": 991600000, "costOfRevenue": 676000000, "grossProfit": 315600000, "researchDevelopment": {}, "sellingGeneralAdministrative": 70700000, "nonRecurring": {}, "otherOperatingExpenses": 94600000, "totalOperatingExpenses": 911600000, "operatingIncome": 80000000, "totalOtherIncomeExpenseNet": -19000000, "ebit": 80000000, "interestExpense": -20200000, "incomeBeforeTax": 61000000, "incomeTaxExpense": 10900000, "minorityInterest": {}, "netIncomeFromContinuingOps": 50100000, "discontinuedOperations": {}, "extraordinaryItems": {}, "effectOfAccountingCharges": {}, "otherItems": {}, "netIncome": 50100000, "netIncomeApplicableToCommonShares": 50100000}, {"maxAge": 1, "endDate": "2020-03-31", "totalRevenue": 1467923000, "costOfRevenue": 953410000, "grossProfit": 514513000, "researchDevelopment": {}, "sellingGeneralAdministrative": 97359000, "nonRecurring": {}, "otherOperatingExpenses": 153395000, "totalOperatingExpenses": 1276413000, "operatingIncome": 191510000, "totalOtherIncomeExpenseNet": -65062000, "ebit": 191510000, "interestExpense": -19379000, "incomeBeforeTax": 126448000, "incomeTaxExpense": 22078000, "minorityInterest": {}, "netIncomeFromContinuingOps": 104370000, "discontinuedOperations": {}, "extraordinaryItems": {}, "effectOfAccountingCharges": {}, "otherItems": {}, "netIncome": 104370000, "netIncomeApplicableToCommonShares": 104370000}, {"maxAge": 1, "endDate": "2019-12-31", "totalRevenue": 1649100000, "costOfRevenue": 1041000000, "grossProfit": 608100000, "researchDevelopment": {}, "sellingGeneralAdministrative": 104700000, "nonRecurring": {}, "otherOperatingExpenses": 197600000, "totalOperatingExpenses": 1411400000, "operatingIncome": 237700000, "totalOtherIncomeExpenseNet": -16900000, "ebit": 237700000, "interestExpense": -17300000, "incomeBeforeTax": 220800000, "incomeTaxExpense": 58400000, "minorityInterest": {}, "netIncomeFromContinuingOps": 162400000, "discontinuedOperations": {}, "extraordinaryItems": {}, "effectOfAccountingCharges": {}, "otherItems": {}, "netIncome": 162400000, "netIncomeApplicableToCommonShares": 162400000}, {"maxAge": 1, "endDate": "2019-09-30", "totalRevenue": -1513100000, "costOfRevenue": -913500000, "grossProfit": -599600000, "researchDevelopment": {}, "sellingGeneralAdministrative": 109300000, "nonRecurring": {}, "otherOperatingExpenses": -199100000, "totalOperatingExpenses": -935000000, "operatingIncome": -578100000, "totalOtherIncomeExpenseNet": -30500000, "ebit": -578100000, "interestExpense": -27300000, "incomeBeforeTax": -608600000, "incomeTaxExpense": 25300000, "minorityInterest": {}, "netIncomeFromContinuingOps": -633900000, "discontinuedOperations": {}, "extraordinaryItems": {}, "effectOfAccountingCharges": {}, "otherItems": {}, "netIncome": -633900000, "netIncomeApplicableToCommonShares": -633900000}], "maxAge": 86400}, "cashflowStatementHistoryQuarterly": {"cashflowStatements": [{"maxAge": 1, "endDate": "2020-06-30", "netIncome": 50100000, "changeToLiabilities": 0}, {"maxAge": 1, "endDate": "2020-03-31", "netIncome": 104370000, "changeToLiabilities": 0}, {"maxAge": 1, "endDate": "2019-12-31", "netIncome": 162400000, "changeToLiabilities": 0}, {"maxAge": 1, "endDate": "2019-09-30", "netIncome": -633900000, "changeToLiabilities": 0}], "maxAge": 86400}, "insiderHolders": {"holders": [{"maxAge": 1, "name": "Chandran (P V)", "relation": "Executive Chairman", "url": "", "transactionDescription": "Acquisition", "latestTransDate": "2019-08-27", "positionDirect": 599784, "positionDirectDate": "2019-08-27"}], "maxAge": 1}, "earnings": {"maxAge": 86400, "earningsChart": {"quarterly": [{"date": "1Q2017", "actual": 24.32, "estimate": 23.11}, {"date": "1Q2018", "actual": 27.98, "estimate": 28.37}, {"date": "2Q2018", "actual": 29.31, "estimate": 27.64}, {"date": "3Q2018", "actual": 29.59, "estimate": 29.78}], "currentQuarterEstimateDate": "4Q", "currentQuarterEstimateYear": 2018, "earningsDate": ["2020-08-08 05:30:S"]}, "financialsChart": {"yearly": [{"date": 2017, "revenue": 5286130000, "earnings": 557383000}, {"date": 2018, "revenue": 5844668000, "earnings": 610677000}, {"date": 2019, "revenue": 6560130000, "earnings": 631830000}, {"date": 2020, "revenue": 6230923000, "earnings": 522570000}], "quarterly": [{"date": "3Q2019", "revenue": -1513100000, "earnings": -633900000}, {"date": "4Q2019", "revenue": 1649100000, "earnings": 162400000}, {"date": "1Q2020", "revenue": 1467923000, "earnings": 104370000}, {"date": "2Q2020", "revenue": 991600000, "earnings": 50100000}]}, "financialCurrency": "INR"}, "calendarEvents": {"maxAge": 1, "earnings": {"earningsDate": ["2020-08-08 05:30:S"]}}, "price": {"maxAge": 1, "regularMarketChangePercent": -0.007975797, "regularMarketChange": -7.25, "regularMarketTime": "2021-04-30 15:26:39", "priceHint": 2, "regularMarketPrice": 901.75, "regularMarketDayHigh": 911.2, "regularMarketDayLow": 897.65, "regularMarketVolume": 437, "averageDailyVolume10Day": 3396, "averageDailyVolume3Month": 4553, "regularMarketPreviousClose": 909.0, "regularMarketSource": "FREE_REALTIME", "regularMarketOpen": 906.25, "exchange": "BSE", "exchangeName": "BSE", "exchangeDataDelayedBy": 0, "marketState": "CLOSED", "quoteType": "EQUITY", "symbol": "AMBIKCO.BO", "underlyingSymbol": null, "shortName": "AMBIKA COTTON MILLS LTD.", "longName": "Ambika Cotton Mills Limited", "currency": "INR", "quoteSourceName": "Delayed Quote", "currencySymbol": "\u20b9", "fromCurrency": null, "toCurrency": null, "lastMarket": null, "marketCap": 5162518528}, "balanceSheetHistory": {"balanceSheetStatements": [{"maxAge": 1, "endDate": "2020-03-31", "cash": 67546000, "shortTermInvestments": 2500000, "netReceivables": 411788000, "inventory": 3057740000, "otherCurrentAssets": 48960000, "totalCurrentAssets": 3620962000, "propertyPlantEquipment": 2525688000, "otherAssets": 115168000, "totalAssets": 6261818000, "accountsPayable": 94308000, "otherCurrentLiab": 58767000, "otherLiab": 300660000, "totalCurrentLiabilities": 900477000, "totalLiab": 1201137000, "commonStock": 57250000, "retainedEarnings": 4965825000, "treasuryStock": 1500000, "capitalSurplus": 36106000, "otherStockholderEquity": 1500000, "totalStockholderEquity": 5060681000, "netTangibleAssets": 5060681000}, {"maxAge": 1, "endDate": "2019-03-31", "cash": 58945000, "shortTermInvestments": 156581000, "netReceivables": 344071000, "inventory": 2740099000, "otherCurrentAssets": 119645000, "totalCurrentAssets": 3449521000, "propertyPlantEquipment": 2613189000, "otherAssets": 69719000, "totalAssets": 6132429000, "accountsPayable": 73840000, "otherCurrentLiab": 19315000, "otherLiab": 349862000, "totalCurrentLiabilities": 1036364000, "totalLiab": 1386226000, "commonStock": 57250000, "retainedEarnings": 4651347000, "treasuryStock": 1500000, "capitalSurplus": 36106000, "otherStockholderEquity": 1500000, "totalStockholderEquity": 4746203000, "netTangibleAssets": 4746203000}, {"maxAge": 1, "endDate": "2018-03-31", "cash": 47068000, "netReceivables": 309166000, "inventory": 2418836000, "otherCurrentAssets": 223725000, "totalCurrentAssets": 3010448000, "propertyPlantEquipment": 2593251000, "otherAssets": 41860000, "totalAssets": 5645559000, "accountsPayable": 609842000, "otherCurrentLiab": 29085000, "otherLiab": 379811000, "totalCurrentLiabilities": 977739000, "totalLiab": 1357550000, "commonStock": 57250000, "retainedEarnings": 4193153000, "treasuryStock": 1500000, "capitalSurplus": 36106000, "otherStockholderEquity": 1500000, "totalStockholderEquity": 4288009000, "netTangibleAssets": 4288009000}, {"maxAge": 1, "endDate": "2017-03-31", "cash": 98730000, "shortTermInvestments": 14476000, "netReceivables": 472276000, "inventory": 1528437000, "otherCurrentAssets": 26794000, "totalCurrentAssets": 2163377000, "longTermInvestments": 21070000, "propertyPlantEquipment": 2539348000, "otherAssets": 36384000, "totalAssets": 4760179000, "accountsPayable": 448886000, "otherCurrentLiab": 38579000, "otherLiab": 324771000, "totalCurrentLiabilities": 688449000, "totalLiab": 1013220000, "commonStock": 57250000, "retainedEarnings": 3652103000, "treasuryStock": 1500000, "capitalSurplus": 36106000, "otherStockholderEquity": 1500000, "totalStockholderEquity": 3746959000, "netTangibleAssets": 3746959000}], "maxAge": 86400}, "earningsTrend": {"trend": [{"maxAge": 1, "period": "0q", "endDate": "2018-12-31", "growth": {}, "earningsEstimate": {"avg": 0.0, "low": 0.0, "high": 0.0, "yearAgoEps": 24.32, "numberOfAnalysts": 0, "growth": {}}, "revenueEstimate": {"avg": 0, "low": 0, "high": 0, "numberOfAnalysts": 0, "yearAgoRevenue": {}, "growth": {}}, "epsTrend": {"current": 0.0, "7daysAgo": 0.0, "30daysAgo": 0.0, "60daysAgo": 0.0, "90daysAgo": 0.0}, "epsRevisions": {"upLast7days": 0, "upLast30days": 0, "downLast30days": 0, "downLast90days": {}}}, {"maxAge": 1, "period": "+1q", "endDate": "2019-03-31", "growth": {}, "earningsEstimate": {"avg": 0.0, "low": 0.0, "high": 0.0, "yearAgoEps": 27.98, "numberOfAnalysts": 0, "growth": {}}, "revenueEstimate": {"avg": 0, "low": 0, "high": 0, "numberOfAnalysts": 0, "yearAgoRevenue": {}, "growth": {}}, "epsTrend": {"current": 0.0, "7daysAgo": 0.0, "30daysAgo": 0.0, "60daysAgo": 0.0, "90daysAgo": 0.0}, "epsRevisions": {"upLast7days": 0, "upLast30days": 0, "downLast30days": 0, "downLast90days": {}}}, {"maxAge": 1, "period": "0y", "endDate": "2019-03-31", "growth": {}, "earningsEstimate": {"avg": 0.0, "low": 0.0, "high": 0.0, "yearAgoEps": {}, "numberOfAnalysts": 0, "growth": {}}, "revenueEstimate": {"avg": 6341500000, "low": 6341500000, "high": 6341500000, "numberOfAnalysts": 1, "yearAgoRevenue": 5844700000, "growth": 0.085}, "epsTrend": {"current": 0.0, "7daysAgo": 117.03, "30daysAgo": 117.03, "60daysAgo": 117.03, "90daysAgo": 117.03}, "epsRevisions": {"upLast7days": 0, "upLast30days": 0, "downLast30days": 0, "downLast90days": {}}}, {"maxAge": 1, "period": "+1y", "endDate": "2020-03-31", "growth": {}, "earningsEstimate": {"avg": 0.0, "low": 0.0, "high": 0.0, "yearAgoEps": {}, "numberOfAnalysts": 0, "growth": {}}, "revenueEstimate": {"avg": 6912230000, "low": 6912230000, "high": 6912230000, "numberOfAnalysts": 1, "yearAgoRevenue": 6341500000, "growth": 0.09}, "epsTrend": {"current": 0.0, "7daysAgo": 131.66, "30daysAgo": 131.66, "60daysAgo": 131.66, "90daysAgo": 131.66}, "epsRevisions": {"upLast7days": 0, "upLast30days": 0, "downLast30days": 0, "downLast90days": {}}}, {"maxAge": 1, "period": "+5y", "endDate": null, "growth": {}, "earningsEstimate": {"avg": {}, "low": {}, "high": {}, "yearAgoEps": {}, "numberOfAnalysts": {}, "growth": {}}, "revenueEstimate": {"avg": {}, "low": {}, "high": {}, "numberOfAnalysts": {}, "yearAgoRevenue": {}, "growth": {}}, "epsTrend": {"current": {}, "7daysAgo": {}, "30daysAgo": {}, "60daysAgo": {}, "90daysAgo": {}}, "epsRevisions": {"upLast7days": {}, "upLast30days": {}, "downLast30days": {}, "downLast90days": {}}}, {"maxAge": 1, "period": "-5y", "endDate": null, "growth": {}, "earningsEstimate": {"avg": {}, "low": {}, "high": {}, "yearAgoEps": {}, "numberOfAnalysts": {}, "growth": {}}, "revenueEstimate": {"avg": {}, "low": {}, "high": {}, "numberOfAnalysts": {}, "yearAgoRevenue": {}, "growth": {}}, "epsTrend": {"current": {}, "7daysAgo": {}, "30daysAgo": {}, "60daysAgo": {}, "90daysAgo": {}}, "epsRevisions": {"upLast7days": {}, "upLast30days": {}, "downLast30days": {}, "downLast90days": {}}}], "maxAge": 1}, "financialData": {"maxAge": 86400, "currentPrice": 901.75, "targetHighPrice": 575.0, "targetLowPrice": 575.0, "targetMeanPrice": 575.0, "targetMedianPrice": 575.0, "recommendationKey": "none", "numberOfAnalystOpinions": 1, "grossProfits": 2261713000, "financialCurrency": "INR"}}}