{"AMBITION.BO": {"cashflowStatementHistory": {"cashflowStatements": [{"maxAge": 1, "endDate": "2020-03-31", "netIncome": 9756468, "depreciation": 9126023, "changeToNetincome": 28185097, "changeToAccountReceivables": 25739454, "changeToLiabilities": 0, "changeToInventory": -40668116, "changeToOperatingActivities": 17435078, "totalCashFromOperatingActivities": 49642857, "capitalExpenditures": -6857749, "investments": 823836, "otherCashflowsFromInvestingActivities": 214720, "totalCashflowsFromInvestingActivities": -5723193, "netBorrowings": -5696439, "otherCashflowsFromFinancingActivities": -38867462, "totalCashFromFinancingActivities": -44563901, "changeInCash": -644236}, {"maxAge": 1, "endDate": "2019-03-31", "netIncome": 11662062, "depreciation": 8384228, "changeToNetincome": 35177440, "changeToAccountReceivables": 93301480, "changeToLiabilities": 0, "changeToInventory": -59472603, "changeToOperatingActivities": -105956976, "totalCashFromOperatingActivities": -16848905, "capitalExpenditures": -36234571, "investments": -1594368, "otherCashflowsFromInvestingActivities": 178194, "totalCashflowsFromInvestingActivities": -34889586, "netBorrowings": 55709579, "otherCashflowsFromFinancingActivities": -38138632, "totalCashFromFinancingActivities": 17570947, "changeInCash": -34167544}, {"maxAge": 1, "endDate": "2018-03-31", "netIncome": 21486250, "depreciation": 6304203, "changeToNetincome": 21958767, "changeToAccountReceivables": -221162642, "changeToLiabilities": 0, "changeToInventory": -111975620, "changeToOperatingActivities": 141180378, "totalCashFromOperatingActivities": -142157664, "capitalExpenditures": -23799167, "investments": 8613061, "otherCashflowsFromInvestingActivities": 678979, "totalCashflowsFromInvestingActivities": -14507127, "netBorrowings": 85839761, "otherCashflowsFromFinancingActivities": -27242321, "totalCashFromFinancingActivities": 184597440, "changeInCash": 27932649, "issuanceOfStock": 126000000}, {"maxAge": 1, "endDate": "2017-03-31", "netIncome": 14792259, "depreciation": 6304203, "changeToNetincome": 21958767, "changeToAccountReceivables": -221162642, "changeToLiabilities": 0, "changeToInventory": -111975620, "changeToOperatingActivities": 141180378, "totalCashFromOperatingActivities": -142157664, "capitalExpenditures": -23799167, "investments": 8613061, "otherCashflowsFromInvestingActivities": 678979, "totalCashflowsFromInvestingActivities": -14507127, "netBorrowings": 85839761, "otherCashflowsFromFinancingActivities": -27242321, "totalCashFromFinancingActivities": 184597440, "changeInCash": 27932649, "issuanceOfStock": 126000000}], "maxAge": 86400}, "institutionOwnership": {"ownershipList": [], "maxAge": 1}, "balanceSheetHistoryQuarterly": {"balanceSheetStatements": [{"maxAge": 1, "endDate": "2020-06-30", "totalStockholderEquity": 304166055, "netTangibleAssets": 304166055}, {"maxAge": 1, "endDate": "2020-03-31", "cash": 1501805, "shortTermInvestments": 2293477, "netReceivables": 319972029, "inventory": 373846732, "otherCurrentAssets": 80331837, "totalCurrentAssets": 778845032, "longTermInvestments": 125000, "propertyPlantEquipment": 127863626, "otherAssets": 24063972, "totalAssets": 930897630, "accountsPayable": 217106215, "shortLongTermDebt": 31442594, "otherCurrentLiab": 20607512, "longTermDebt": 114220395, "otherLiab": 19109151, "totalCurrentLiabilities": 489037411, "totalLiab": 626731575, "commonStock": 149220000, "retainedEarnings": 65477917, "treasuryStock": 178804, "capitalSurplus": 89289334, "otherStockholderEquity": 178804, "totalStockholderEquity": 304166055, "netTangibleAssets": 304166055}, {"maxAge": 1, "endDate": "2019-12-31", "totalStockholderEquity": 268715000, "netTangibleAssets": 268674000}, {"maxAge": 1, "endDate": "2019-09-30", "cash": 4604000, "shortTermInvestments": 20494000, "netReceivables": 358287000, "inventory": 333804000, "otherCurrentAssets": 1000, "totalCurrentAssets": 717190000, "longTermInvestments": 5081000, "propertyPlantEquipment": 160786000, "intangibleAssets": 41000, "otherAssets": 18460000, "totalAssets": 901558000, "accountsPayable": 263462000, "shortLongTermDebt": 38668000, "otherCurrentLiab": 16288000, "longTermDebt": 124760000, "otherLiab": 24130000, "totalCurrentLiabilities": 483953000, "totalLiab": 632843000, "commonStock": 149220000, "treasuryStock": 119495000, "otherStockholderEquity": 119495000, "totalStockholderEquity": 268715000, "netTangibleAssets": 268674000}], "maxAge": 86400}, "indexTrend": {"maxAge": 1, "symbol": "SP5", "peRatio": 19.7411, "pegRatio": 1.34172, "estimates": [{"period": "0q", "growth": 0.549}, {"period": "+1q", "growth": 0.431}, {"period": "0y", "growth": 0.305}, {"period": "+1y", "growth": 0.109}, {"period": "+5y", "growth": 0.120859005}, {"period": "-5y"}]}, "quoteType": {"exchange": "BSE", "quoteType": "EQUITY", "symbol": "AMBITION.BO", "underlyingSymbol": "AMBITION.BO", "shortName": "Ambition Mica Limited", "longName": "Ambition Mica Limited", "firstTradeDateEpochUtc": "2015-07-14 09:15:00", "timeZoneFullName": "Asia/Kolkata", "timeZoneShortName": "IST", "uuid": "32885beb-ae75-3dc1-8ab6-7029900f4793", "gmtOffSetMilliseconds": 19800000, "maxAge": 1}, "incomeStatementHistory": {"incomeStatementHistory": [{"maxAge": 1, "endDate": "2020-03-31", "totalRevenue": 639200803, "costOfRevenue": 458730249, "grossProfit": 180470554, "researchDevelopment": {}, "sellingGeneralAdministrative": 38895402, "nonRecurring": {}, "otherOperatingExpenses": 92440191, "totalOperatingExpenses": 599260718, "operatingIncome": 39940085, "totalOtherIncomeExpenseNet": -38781161, "ebit": 39940085, "interestExpense": -38586385, "incomeBeforeTax": 1158924, "incomeTaxExpense": -8597544, "minorityInterest": {}, "netIncomeFromContinuingOps": 9756468, "discontinuedOperations": {}, "extraordinaryItems": {}, "effectOfAccountingCharges": {}, "otherItems": {}, "netIncome": 9756468, "netIncomeApplicableToCommonShares": 9756468}, {"maxAge": 1, "endDate": "2019-03-31", "totalRevenue": 836466671, "costOfRevenue": 613422125, "grossProfit": 223044546, "researchDevelopment": {}, "sellingGeneralAdministrative": 36642471, "nonRecurring": {}, "otherOperatingExpenses": 123735990, "totalOperatingExpenses": 782240278, "operatingIncome": 54226393, "totalOtherIncomeExpenseNet": -39497976, "ebit": 54226393, "interestExpense": -36252759, "incomeBeforeTax": 14728417, "incomeTaxExpense": 3066355, "minorityInterest": {}, "netIncomeFromContinuingOps": 11662062, "discontinuedOperations": {}, "extraordinaryItems": {}, "effectOfAccountingCharges": {}, "otherItems": {}, "netIncome": 11662062, "netIncomeApplicableToCommonShares": 11662062}, {"maxAge": 1, "endDate": "2018-03-31", "totalRevenue": 893791141, "costOfRevenue": 701790610, "grossProfit": 192000531, "researchDevelopment": {}, "sellingGeneralAdministrative": 28664471, "nonRecurring": {}, "otherOperatingExpenses": 107909949, "totalOperatingExpenses": 844720233, "operatingIncome": 49070908, "totalOtherIncomeExpenseNet": -21393819, "ebit": 49070908, "interestExpense": -19423793, "incomeBeforeTax": 27677089, "incomeTaxExpense": 6190839, "minorityInterest": {}, "netIncomeFromContinuingOps": 21486250, "discontinuedOperations": {}, "extraordinaryItems": {}, "effectOfAccountingCharges": {}, "otherItems": {}, "netIncome": 21486250, "netIncomeApplicableToCommonShares": 21486250}, {"maxAge": 1, "endDate": "2017-03-31", "totalRevenue": 515226227, "costOfRevenue": 355697720, "grossProfit": 159528507, "researchDevelopment": {}, "sellingGeneralAdministrative": 33155632, "nonRecurring": {}, "otherOperatingExpenses": 73257535, "totalOperatingExpenses": 467703410, "operatingIncome": 47522817, "totalOtherIncomeExpenseNet": -22573633, "ebit": 47522817, "interestExpense": -15640612, "incomeBeforeTax": 24949184, "incomeTaxExpense": 10156925, "minorityInterest": {}, "netIncomeFromContinuingOps": 14792259, "discontinuedOperations": {}, "extraordinaryItems": {}, "effectOfAccountingCharges": {}, "otherItems": {}, "netIncome": 14792259, "netIncomeApplicableToCommonShares": 14792259}], "maxAge": 86400}, "fundOwnership": {"ownershipList": [], "maxAge": 1}, "summaryDetail": {"maxAge": 1, "priceHint": 2, "previousClose": 5.47, "open": 5.2, "dayLow": 5.2, "dayHigh": 5.2, "regularMarketPreviousClose": 5.47, "regularMarketOpen": 5.2, "regularMarketDayLow": 5.2, "regularMarketDayHigh": 5.2, "trailingPE": 6.6326528, "volume": 150, "regularMarketVolume": 150, "averageVolume": 2456, "averageVolume10days": 15016, "averageDailyVolume10Day": 15016, "bid": 0.0, "ask": 5.2, "bidSize": 0, "askSize": 0, "marketCap": 77594400, "fiftyTwoWeekLow": 3.98, "fiftyTwoWeekHigh": 7.4, "fiftyDayAverage": 6.0024242, "twoHundredDayAverage": 6.1763234, "currency": "INR", "fromCurrency": null, "lastMarket": null, "algorithm": null, "tradeable": false}, "incomeStatementHistoryQuarterly": {"incomeStatementHistory": [{"maxAge": 1, "endDate": "2020-06-30", "totalRevenue": 30163000, "costOfRevenue": 26821000, "grossProfit": 3342000, "researchDevelopment": {}, "sellingGeneralAdministrative": 2508000, "nonRecurring": {}, "otherOperatingExpenses": 1011000, "totalOperatingExpenses": 32321000, "operatingIncome": -2158000, "totalOtherIncomeExpenseNet": -4033000, "ebit": -2158000, "interestExpense": -4034000, "incomeBeforeTax": -6191000, "incomeTaxExpense": 339000, "minorityInterest": {}, "netIncomeFromContinuingOps": -6530000, "discontinuedOperations": {}, "extraordinaryItems": {}, "effectOfAccountingCharges": {}, "otherItems": {}, "netIncome": -6530000, "netIncomeApplicableToCommonShares": -6530000}, {"maxAge": 1, "endDate": "2020-03-31", "totalRevenue": 140193803, "costOfRevenue": 41167249, "grossProfit": 99026554, "researchDevelopment": {}, "sellingGeneralAdministrative": 17757402, "nonRecurring": {}, "otherOperatingExpenses": 48483191, "totalOperatingExpenses": 110179718, "operatingIncome": 30014085, "totalOtherIncomeExpenseNet": -9227161, "ebit": 30014085, "interestExpense": -8843385, "incomeBeforeTax": 20786924, "incomeTaxExpense": -10000544, "minorityInterest": {}, "netIncomeFromContinuingOps": 30787468, "discontinuedOperations": {}, "extraordinaryItems": {}, "effectOfAccountingCharges": {}, "otherItems": {}, "netIncome": 30787468, "netIncomeApplicableToCommonShares": 30787468}, {"maxAge": 1, "endDate": "2019-12-31", "totalRevenue": 157058000, "costOfRevenue": 120387000, "grossProfit": 36671000, "researchDevelopment": {}, "sellingGeneralAdministrative": 6491000, "nonRecurring": {}, "otherOperatingExpenses": 12786000, "totalOperatingExpenses": 141837000, "operatingIncome": 15221000, "totalOtherIncomeExpenseNet": -10172000, "ebit": 15221000, "interestExpense": -10212000, "incomeBeforeTax": 5049000, "incomeTaxExpense": 423000, "minorityInterest": {}, "netIncomeFromContinuingOps": 4626000, "discontinuedOperations": {}, "extraordinaryItems": {}, "effectOfAccountingCharges": {}, "otherItems": {}, "netIncome": 4626000, "netIncomeApplicableToCommonShares": 4626000}, {"maxAge": 1, "endDate": "2019-09-30", "totalRevenue": 152360000, "costOfRevenue": 134461000, "grossProfit": 17899000, "researchDevelopment": {}, "sellingGeneralAdministrative": 6544000, "nonRecurring": {}, "otherOperatingExpenses": 15613000, "totalOperatingExpenses": 158767000, "operatingIncome": -6407000, "totalOtherIncomeExpenseNet": -10222000, "ebit": -6407000, "interestExpense": -10318000, "incomeBeforeTax": -16629000, "incomeTaxExpense": 598000, "minorityInterest": {}, "netIncomeFromContinuingOps": -17227000, "discontinuedOperations": {}, "extraordinaryItems": {}, "effectOfAccountingCharges": {}, "otherItems": {}, "netIncome": -17227000, "netIncomeApplicableToCommonShares": -17227000}], "maxAge": 86400}, "cashflowStatementHistoryQuarterly": {"cashflowStatements": [{"maxAge": 1, "endDate": "2020-06-30", "netIncome": -6530000, "changeToLiabilities": 0}, {"maxAge": 1, "endDate": "2020-03-31", "netIncome": 30787468, "changeToLiabilities": 0}, {"maxAge": 1, "endDate": "2019-12-31", "netIncome": 4626000, "changeToLiabilities": 0}, {"maxAge": 1, "endDate": "2019-09-30", "netIncome": -17227000, "changeToLiabilities": 0}], "maxAge": 86400}, "insiderHolders": {"holders": [], "maxAge": 1}, "calendarEvents": {"maxAge": 1, "earnings": {"earningsDate": []}}, "upgradeDowngradeHistory": {"history": [], "maxAge": 86400}, "price": {"maxAge": 1, "regularMarketChangePercent": -0.049360145, "regularMarketChange": -0.26999998, "regularMarketTime": "2021-04-30 11:15:00", "priceHint": 2, "regularMarketPrice": 5.2, "regularMarketDayHigh": 5.2, "regularMarketDayLow": 5.2, "regularMarketVolume": 150, "averageDailyVolume10Day": 15016, "averageDailyVolume3Month": 2456, "regularMarketPreviousClose": 5.47, "regularMarketSource": "FREE_REALTIME", "regularMarketOpen": 5.2, "exchange": "BSE", "exchangeName": "BSE", "exchangeDataDelayedBy": 0, "marketState": "CLOSED", "quoteType": "EQUITY", "symbol": "AMBITION.BO", "underlyingSymbol": null, "shortName": "Ambition Mica Limited", "longName": "Ambition Mica Limited", "currency": "INR", "quoteSourceName": "Delayed Quote", "currencySymbol": "\u20b9", "fromCurrency": null, "lastMarket": null, "marketCap": 77594400}, "balanceSheetHistory": {"balanceSheetStatements": [{"maxAge": 1, "endDate": "2020-03-31", "cash": 1501805, "shortTermInvestments": 2293477, "netReceivables": 319972029, "inventory": 373846732, "otherCurrentAssets": 80331837, "totalCurrentAssets": 778845032, "longTermInvestments": 125000, "propertyPlantEquipment": 127863626, "otherAssets": 24063972, "totalAssets": 930897630, "accountsPayable": 217106215, "shortLongTermDebt": 31442594, "otherCurrentLiab": 20607512, "longTermDebt": 114220395, "otherLiab": 19109151, "totalCurrentLiabilities": 489037411, "totalLiab": 626731575, "commonStock": 149220000, "retainedEarnings": 65477917, "treasuryStock": 178804, "capitalSurplus": 89289334, "otherStockholderEquity": 178804, "totalStockholderEquity": 304166055, "netTangibleAssets": 304166055}, {"maxAge": 1, "endDate": "2019-03-31", "cash": 2146042, "shortTermInvestments": 3117313, "netReceivables": 343039845, "inventory": 333178616, "otherCurrentAssets": 9532364, "totalCurrentAssets": 692550188, "longTermInvestments": 125000, "propertyPlantEquipment": 161073000, "intangibleAssets": 68853, "otherAssets": 38992377, "totalAssets": 892809418, "accountsPayable": 194548840, "shortLongTermDebt": 26337101, "otherCurrentLiab": 8416272, "longTermDebt": 130260404, "otherLiab": 39010548, "totalCurrentLiabilities": 427145854, "totalLiab": 596416806, "commonStock": 149220000, "retainedEarnings": 57771531, "treasuryStock": 111747, "capitalSurplus": 89289334, "otherStockholderEquity": 111747, "totalStockholderEquity": 296392612, "netTangibleAssets": 296323759}, {"maxAge": 1, "endDate": "2018-03-31", "cash": 36313586, "shortTermInvestments": 1647945, "netReceivables": 429765622, "inventory": 273706013, "otherCurrentAssets": 11023530, "totalCurrentAssets": 753105004, "longTermInvestments": 100000, "propertyPlantEquipment": 136694214, "intangibleAssets": 102000, "otherAssets": 34268222, "totalAssets": 924269440, "accountsPayable": 294318802, "shortLongTermDebt": 46964391, "otherCurrentLiab": 6845967, "longTermDebt": 114873030, "otherLiab": 33324601, "totalCurrentLiabilities": 490015053, "totalLiab": 638212684, "commonStock": 149220000, "retainedEarnings": 47494382, "treasuryStock": 53040, "capitalSurplus": 89289334, "otherStockholderEquity": 53040, "totalStockholderEquity": 286056756, "netTangibleAssets": 285954756}, {"maxAge": 1, "endDate": "2017-03-31", "cash": 8591943, "netReceivables": 223937449, "inventory": 161730393, "otherCurrentAssets": 12906850, "totalCurrentAssets": 407719811, "longTermInvestments": 5261943, "propertyPlantEquipment": 119176425, "intangibleAssets": 153000, "otherAssets": 17583723, "totalAssets": 549894902, "accountsPayable": 179216874, "shortLongTermDebt": 27580270, "otherCurrentLiab": 19030983, "longTermDebt": 32575004, "otherLiab": 26907582, "totalCurrentLiabilities": 350063105, "totalLiab": 409545691, "commonStock": 119220000, "retainedEarnings": 21129211, "totalStockholderEquity": 140349211, "netTangibleAssets": 140196211}], "maxAge": 86400}, "financialData": {"maxAge": 86400, "currentPrice": 5.2, "recommendationKey": "none", "grossProfits": 180470554, "financialCurrency": "INR"}}}