{"AMBUJACEM.BO": {"recommendationTrend": {"trend": [{"period": "0m", "strongBuy": 0, "buy": 0, "hold": 0, "sell": 0, "strongSell": 0}, {"period": "-1m", "strongBuy": 0, "buy": 0, "hold": 0, "sell": 0, "strongSell": 0}, {"period": "-2m", "strongBuy": 0, "buy": 0, "hold": 0, "sell": 0, "strongSell": 0}, {"period": "-3m", "strongBuy": 0, "buy": 0, "hold": 0, "sell": 0, "strongSell": 0}], "maxAge": 86400}, "cashflowStatementHistory": {"cashflowStatements": [{"maxAge": 1, "endDate": "2019-12-31", "netIncome": 20950000000, "depreciation": 11516000000, "changeToNetincome": 8400300000, "changeToAccountReceivables": -2519400000, "changeToLiabilities": 632400000, "changeToInventory": 8398500000, "totalCashFromOperatingActivities": 47387000000, "capitalExpenditures": -16674300000, "investments": 184000000, "otherCashflowsFromInvestingActivities": 3957600000, "totalCashflowsFromInvestingActivities": -11928800000, "dividendsPaid": -2978500000, "otherCashflowsFromFinancingActivities": -3315200000, "totalCashFromFinancingActivities": -6293700000, "changeInCash": 29187700000}, {"maxAge": 1, "endDate": "2018-12-31", "netIncome": 21774000000, "depreciation": 11530000000, "changeToNetincome": -6018500000, "changeToAccountReceivables": -5695600000, "changeToLiabilities": 499000000, "changeToInventory": -5064200000, "totalCashFromOperatingActivities": 17034100000, "capitalExpenditures": -11079900000, "investments": 901200000, "otherCashflowsFromInvestingActivities": 2354800000, "totalCashflowsFromInvestingActivities": -7662200000, "dividendsPaid": -3982900000, "netBorrowings": 215500000, "otherCashflowsFromFinancingActivities": -3422700000, "totalCashFromFinancingActivities": -7190100000, "changeInCash": 2196000000}, {"maxAge": 1, "endDate": "2017-12-31", "netIncome": 15163600000, "depreciation": 12186200000, "changeToNetincome": 5345200000, "changeToAccountReceivables": -9589700000, "changeToLiabilities": 13823900000, "changeToInventory": -2812400000, "totalCashFromOperatingActivities": 34162300000, "capitalExpenditures": -10880200000, "investments": 1166800000, "otherCashflowsFromInvestingActivities": 2060100000, "totalCashflowsFromInvestingActivities": -7620200000, "dividendsPaid": -7145100000, "netBorrowings": -27300000, "otherCashflowsFromFinancingActivities": -2974300000, "totalCashFromFinancingActivities": -10146700000, "changeInCash": 16634600000}, {"maxAge": 1, "endDate": "2016-12-31", "netIncome": 11050800000, "depreciation": 12248900000, "changeToNetincome": 2656300000, "changeToAccountReceivables": -3679300000, "changeToLiabilities": 6824300000, "changeToInventory": -1002200000, "totalCashFromOperatingActivities": 28102900000, "capitalExpenditures": -9144300000, "investments": -1214900000, "otherCashflowsFromInvestingActivities": 3557100000, "totalCashflowsFromInvestingActivities": -41649200000, "dividendsPaid": -7105900000, "netBorrowings": 40700000, "otherCashflowsFromFinancingActivities": -2510700000, "totalCashFromFinancingActivities": -9575900000, "changeInCash": -23105700000}], "maxAge": 86400}, "institutionOwnership": {"maxAge": 1, "ownershipList": []}, "balanceSheetHistoryQuarterly": {"balanceSheetStatements": [{"maxAge": 1, "endDate": "2020-06-30", "cash": 102610100000, "shortTermInvestments": 4057900000, "netReceivables": 9506100000, "inventory": 22535500000, "otherCurrentAssets": 11226600000, "totalCurrentAssets": 149936200000, "longTermInvestments": 11813400000, "propertyPlantEquipment": 145954800000, "goodWill": 78814900000, "intangibleAssets": 2169100000, "otherAssets": 23979400000, "deferredLongTermAssetCharges": 42700000, "totalAssets": 412667800000, "accountsPayable": 22699900000, "otherCurrentLiab": 64942000000, "longTermDebt": 420300000, "otherLiab": 16246600000, "minorityInterest": 59279600000, "totalCurrentLiabilities": 88914900000, "totalLiab": 105581800000, "commonStock": 3971300000, "treasuryStock": 243835100000, "otherStockholderEquity": 243835100000, "totalStockholderEquity": 247806400000, "netTangibleAssets": 166822400000}, {"maxAge": 1, "endDate": "2020-03-31", "totalStockholderEquity": 240779900000, "netTangibleAssets": 159826400000}, {"maxAge": 1, "endDate": "2019-12-31", "cash": 90118800000, "shortTermInvestments": 2800000, "netReceivables": 15794600000, "inventory": 20965000000, "otherCurrentAssets": 16308900000, "totalCurrentAssets": 143190100000, "longTermInvestments": 1536500000, "propertyPlantEquipment": 141604200000, "goodWill": 78814900000, "intangibleAssets": 2138600000, "otherAssets": 34539100000, "deferredLongTermAssetCharges": 41600000, "totalAssets": 401823400000, "accountsPayable": 23328800000, "shortLongTermDebt": 57800000, "otherCurrentLiab": 46434000000, "longTermDebt": 352800000, "otherLiab": 12620000000, "minorityInterest": 57367600000, "totalCurrentLiabilities": 90703100000, "totalLiab": 103675900000, "commonStock": 3971300000, "retainedEarnings": 110631900000, "treasuryStock": 1465100000, "capitalSurplus": 124711600000, "otherStockholderEquity": 1465100000, "totalStockholderEquity": 240779900000, "netTangibleAssets": 159826400000}, {"maxAge": 1, "endDate": "2019-09-30", "totalStockholderEquity": 231105400000, "netTangibleAssets": 150933600000}], "maxAge": 86400}, "earningsHistory": {"history": [{"maxAge": 1, "epsActual": 1.7, "epsEstimate": 1.7, "epsDifference": 0.0, "surprisePercent": 0.0, "quarter": "2017-12-31", "period": "-4q"}, {"maxAge": 1, "epsActual": 1.37, "epsEstimate": 1.78, "epsDifference": -0.41, "surprisePercent": -0.23, "quarter": "2018-03-31", "period": "-3q"}, {"maxAge": 1, "epsActual": 2.51, "epsEstimate": 1.64, "epsDifference": 0.87, "surprisePercent": 0.53, "quarter": "2018-06-30", "period": "-2q"}, {"maxAge": 1, "epsActual": 0.9, "epsEstimate": 1.52, "epsDifference": -0.62, "surprisePercent": -0.408, "quarter": "2018-09-30", "period": "-1q"}], "maxAge": 86400}, "indexTrend": {"maxAge": 1, "symbol": "SP5", "peRatio": 19.7411, "pegRatio": 1.34172, "estimates": [{"period": "0q", "growth": 0.549}, {"period": "+1q", "growth": 0.431}, {"period": "0y", "growth": 0.305}, {"period": "+1y", "growth": 0.109}, {"period": "+5y", "growth": 0.120865}, {"period": "-5y"}]}, "esgScores": {"maxAge": 86400, "totalEsg": 24.72, "environmentScore": 12.73, "socialScore": 3.76, "governanceScore": 8.23, "ratingYear": 2020, "ratingMonth": 10, "highestControversy": 2.0, "peerCount": 17, "esgPerformance": "AVG_PERF", "peerGroup": "Construction Materials", "relatedControversy": ["Employee Incidents", "Customer Incidents", "Business Ethics Incidents"], "peerEsgScorePerformance": {"min": 20.19, "avg": 30.421764705882357, "max": 37.24}, "peerGovernancePerformance": {"min": 5.32, "avg": 8.651875, "max": 10.87}, "peerSocialPerformance": {"min": 2.81, "avg": 4.5912500000000005, "max": 6.54}, "peerEnvironmentPerformance": {"min": 11.06, "avg": 16.754375, "max": 21.64}, "peerHighestControversyPerformance": {"min": 1.0, "avg": 2.1176470588235294, "max": 3.0}, "percentile": 36.86, "environmentPercentile": null, "socialPercentile": null, "governancePercentile": null, "adult": false, "alcoholic": false, "animalTesting": false, "catholic": false, "controversialWeapons": false, "smallArms": false, "furLeather": false, "gambling": false, "gmo": false, "militaryContract": false, "nuclear": false, "pesticides": false, "palmOil": false, "coal": false, "tobacco": false}, "industryTrend": {"maxAge": 1, "symbol": null, "estimates": []}, "insiderTransactions": {"transactions": [{"maxAge": 1, "shares": 1000, "value": 2856, "filerUrl": "", "transactionText": "Sale at price 2.86 per share.", "filerName": "Mota (Pankaj)", "filerRelation": "UNREPORTED", "moneyText": "", "startDate": "2020-07-28", "ownership": "D"}, {"maxAge": 1, "shares": 5000, "value": 13939, "filerUrl": "", "transactionText": "Sale at price 2.79 per share.", "filerName": "Mota (Pankaj)", "filerRelation": "UNREPORTED", "moneyText": "", "startDate": "2020-07-27", "ownership": "D"}, {"maxAge": 1, "shares": 1950, "filerUrl": "", "transactionText": "", "filerName": "Chitale (Rajendra P)", "filerRelation": "Director", "moneyText": "", "startDate": "2020-03-25", "ownership": "D"}, {"maxAge": 1, "shares": 1060, "filerUrl": "", "transactionText": "", "filerName": "Chitale (Rajendra P)", "filerRelation": "Director", "moneyText": "", "startDate": "2020-03-24", "ownership": "D"}, {"maxAge": 1, "shares": 110, "filerUrl": "", "transactionText": "", "filerName": "Chitale (Rajendra P)", "filerRelation": "Director", "moneyText": "", "startDate": "2020-03-23", "ownership": "D"}, {"maxAge": 1, "shares": 95, "filerUrl": "", "transactionText": "", "filerName": "Chitale (Rajendra P)", "filerRelation": "Director", "moneyText": "", "startDate": "2020-03-19", "ownership": "D"}, {"maxAge": 1, "shares": 820, "filerUrl": "", "transactionText": "", "filerName": "Chitale (Rajendra P)", "filerRelation": "Director", "moneyText": "", "startDate": "2020-03-18", "ownership": "D"}, {"maxAge": 1, "shares": 500, "filerUrl": "", "transactionText": "", "filerName": "Chitale (Rajendra P)", "filerRelation": "Director", "moneyText": "", "startDate": "2020-03-17", "ownership": "D"}, {"maxAge": 1, "shares": 410, "filerUrl": "", "transactionText": "", "filerName": "Chitale (Rajendra P)", "filerRelation": "Director", "moneyText": "", "startDate": "2020-03-16", "ownership": "D"}, {"maxAge": 1, "shares": 33500, "filerUrl": "", "transactionText": "", "filerName": "Gupta (Sudhansh Kumar)", "filerRelation": "UNREPORTED", "moneyText": "", "startDate": "2019-05-24", "ownership": "D"}, {"maxAge": 1, "shares": 110000, "filerUrl": "", "transactionText": "", "filerName": "Taparia (B. L.)", "filerRelation": "Non-Independent Non-Executive Director", "moneyText": "", "startDate": "2019-03-05", "ownership": "D"}, {"maxAge": 1, "shares": 10000, "filerUrl": "", "transactionText": "", "filerName": "Taparia (B. L.)", "filerRelation": "Director (Non-Executive)", "moneyText": "", "startDate": "2018-12-19", "ownership": "D"}, {"maxAge": 1, "shares": 30000, "filerUrl": "", "transactionText": "", "filerName": "Taparia (B. L.)", "filerRelation": "Director (Non-Executive)", "moneyText": "", "startDate": "2018-12-19", "ownership": "D"}, {"maxAge": 1, "shares": 35000, "filerUrl": "", "transactionText": "", "filerName": "Taparia (B. L.)", "filerRelation": "Director (Non-Executive)", "moneyText": "", "startDate": "2018-12-19", "ownership": "D"}, {"maxAge": 1, "shares": 15000, "filerUrl": "", "transactionText": "", "filerName": "Taparia (B. L.)", "filerRelation": "Director (Non-Executive)", "moneyText": "", "startDate": "2018-12-17", "ownership": "D"}, {"maxAge": 1, "shares": 25000, "filerUrl": "", "transactionText": "", "filerName": "Taparia (B. L.)", "filerRelation": "Director (Non-Executive)", "moneyText": "", "startDate": "2018-12-17", "ownership": "D"}, {"maxAge": 1, "shares": 25000, "filerUrl": "", "transactionText": "", "filerName": "Taparia (B. L.)", "filerRelation": "Director (Non-Executive)", "moneyText": "", "startDate": "2018-12-17", "ownership": "D"}, {"maxAge": 1, "shares": 19650, "filerUrl": "", "transactionText": "", "filerName": "Haribhakti (Shailesh V)", "filerRelation": "Director (Non-Executive)", "moneyText": "", "startDate": "2018-10-26", "ownership": "D"}], "maxAge": 1}, "quoteType": {"exchange": "BSE", "quoteType": "EQUITY", "symbol": "AMBUJACEM.BO", "underlyingSymbol": "AMBUJACEM.BO", "shortName": "AMBUJA CEMENTS LTD.", "longName": "Ambuja Cements Limited", "firstTradeDateEpochUtc": "2000-01-03 09:15:00", "timeZoneFullName": "Asia/Kolkata", "timeZoneShortName": "IST", "uuid": "bd8080c1-1fe4-3fa3-a7d0-f172fb699e28", "messageBoardId": null, "gmtOffSetMilliseconds": 19800000, "maxAge": 1}, "incomeStatementHistory": {"incomeStatementHistory": [{"maxAge": 1, "endDate": "2019-12-31", "totalRevenue": 271035500000, "costOfRevenue": 97718900000, "grossProfit": 173316600000, "researchDevelopment": {}, "sellingGeneralAdministrative": 90950100000, "nonRecurring": {}, "otherOperatingExpenses": 36474700000, "totalOperatingExpenses": 236668900000, "operatingIncome": 34366600000, "totalOtherIncomeExpenseNet": 4386500000, "ebit": 34366600000, "interestExpense": -2385300000, "incomeBeforeTax": 38753100000, "incomeTaxExpense": 10921500000, "minorityInterest": 57367600000, "netIncomeFromContinuingOps": 27831600000, "discontinuedOperations": {}, "extraordinaryItems": {}, "effectOfAccountingCharges": {}, "otherItems": {}, "netIncome": 20950000000, "netIncomeApplicableToCommonShares": 20950000000}, {"maxAge": 1, "endDate": "2018-12-31", "totalRevenue": 260409400000, "costOfRevenue": 91556100000, "grossProfit": 168853300000, "researchDevelopment": {}, "sellingGeneralAdministrative": 91193500000, "nonRecurring": {}, "otherOperatingExpenses": 37556400000, "totalOperatingExpenses": 231845400000, "operatingIncome": 28564000000, "totalOtherIncomeExpenseNet": 621400000, "ebit": 28564000000, "interestExpense": -1546500000, "incomeBeforeTax": 29185400000, "incomeTaxExpense": -541500000, "minorityInterest": 52311900000, "netIncomeFromContinuingOps": 29726900000, "discontinuedOperations": {}, "extraordinaryItems": {}, "effectOfAccountingCharges": {}, "otherItems": {}, "netIncome": 21774000000, "netIncomeApplicableToCommonShares": 21774000000}, {"maxAge": 1, "endDate": "2017-12-31", "totalRevenue": 235855000000, "costOfRevenue": 80552100000, "grossProfit": 155302900000, "researchDevelopment": {}, "sellingGeneralAdministrative": 81745000000, "nonRecurring": {}, "otherOperatingExpenses": 35076900000, "totalOperatingExpenses": 209568500000, "operatingIncome": 26286500000, "totalOtherIncomeExpenseNet": 1390800000, "ebit": 26286500000, "interestExpense": -1685200000, "incomeBeforeTax": 27677300000, "incomeTaxExpense": 8228500000, "minorityInterest": 46079600000, "netIncomeFromContinuingOps": 19448800000, "discontinuedOperations": {}, "extraordinaryItems": {}, "effectOfAccountingCharges": {}, "otherItems": {}, "netIncome": 15163600000, "netIncomeApplicableToCommonShares": 15163600000}, {"maxAge": 1, "endDate": "2016-12-31", "totalRevenue": 201319300000, "costOfRevenue": 66961800000, "grossProfit": 134357500000, "researchDevelopment": {}, "sellingGeneralAdministrative": 68209400000, "nonRecurring": {}, "otherOperatingExpenses": 34430500000, "totalOperatingExpenses": 181854700000, "operatingIncome": 19464600000, "totalOtherIncomeExpenseNet": 613800000, "ebit": 19464600000, "interestExpense": -1953600000, "incomeBeforeTax": 20078400000, "incomeTaxExpense": 5737700000, "minorityInterest": 43702400000, "netIncomeFromContinuingOps": 14340700000, "discontinuedOperations": {}, "extraordinaryItems": {}, "effectOfAccountingCharges": {}, "otherItems": {}, "netIncome": 11050800000, "netIncomeApplicableToCommonShares": 11050800000}], "maxAge": 86400}, "fundOwnership": {"maxAge": 1, "ownershipList": []}, "summaryDetail": {"maxAge": 1, "priceHint": 2, "previousClose": 314.0, "open": 314.85, "dayLow": 306.85, "dayHigh": 319.85, "regularMarketPreviousClose": 314.0, "regularMarketOpen": 314.85, "regularMarketDayLow": 306.85, "regularMarketDayHigh": 319.85, "trailingPE": 30.869131, "forwardPE": 37.31884, "volume": 673516, "regularMarketVolume": 673516, "averageVolume": 423236, "averageVolume10days": 402247, "averageDailyVolume10Day": 402247, "bid": 308.15, "ask": 309.0, "bidSize": 0, "askSize": 0, "marketCap": 613565857792, "fiftyTwoWeekLow": 136.65, "fiftyTwoWeekHigh": 319.85, "fiftyDayAverage": 266.4157, "twoHundredDayAverage": 244.72409, "trailingAnnualDividendRate": 1.5, "trailingAnnualDividendYield": 0.00477707, "currency": "INR", "fromCurrency": null, "toCurrency": null, "lastMarket": null, "algorithm": null, "tradeable": false}, "sectorTrend": {"maxAge": 1, "symbol": null, "estimates": []}, "incomeStatementHistoryQuarterly": {"incomeStatementHistory": [{"maxAge": 1, "endDate": "2020-06-30", "totalRevenue": 46441700000, "costOfRevenue": 16821500000, "grossProfit": 29620200000, "researchDevelopment": {}, "sellingGeneralAdministrative": 12383400000, "nonRecurring": {}, "otherOperatingExpenses": 6015100000, "totalOperatingExpenses": 38140800000, "operatingIncome": 8300900000, "totalOtherIncomeExpenseNet": 815800000, "ebit": 8300900000, "interestExpense": -313300000, "incomeBeforeTax": 9116700000, "incomeTaxExpense": 3191600000, "minorityInterest": 59279600000, "netIncomeFromContinuingOps": 5925100000, "discontinuedOperations": {}, "extraordinaryItems": {}, "effectOfAccountingCharges": {}, "otherItems": {}, "netIncome": 4571400000, "netIncomeApplicableToCommonShares": 4571400000}, {"maxAge": 1, "endDate": "2020-03-31", "totalRevenue": 62496600000, "costOfRevenue": 22552500000, "grossProfit": 39944100000, "researchDevelopment": {}, "sellingGeneralAdministrative": 17767400000, "nonRecurring": {}, "otherOperatingExpenses": 10263400000, "totalOperatingExpenses": 53547300000, "operatingIncome": 8949300000, "totalOtherIncomeExpenseNet": 1116800000, "ebit": 8949300000, "interestExpense": -336500000, "incomeBeforeTax": 10066100000, "incomeTaxExpense": 2640200000, "minorityInterest": 59279600000, "netIncomeFromContinuingOps": 7425900000, "discontinuedOperations": {}, "extraordinaryItems": {}, "effectOfAccountingCharges": {}, "otherItems": {}, "netIncome": 5542500000, "netIncomeApplicableToCommonShares": 5542500000}, {"maxAge": 1, "endDate": "2019-12-31", "totalRevenue": 71264400000, "costOfRevenue": 21653500000, "grossProfit": 49610900000, "researchDevelopment": {}, "sellingGeneralAdministrative": 35088400000, "nonRecurring": {}, "otherOperatingExpenses": 3427300000, "totalOperatingExpenses": 63269000000, "operatingIncome": 7995400000, "totalOtherIncomeExpenseNet": 563200000, "ebit": 7995400000, "interestExpense": -1216600000, "incomeBeforeTax": 8558600000, "incomeTaxExpense": 1336000000, "minorityInterest": 57367600000, "netIncomeFromContinuingOps": 7222600000, "discontinuedOperations": {}, "extraordinaryItems": {}, "effectOfAccountingCharges": {}, "otherItems": {}, "netIncome": 5915400000, "netIncomeApplicableToCommonShares": 5915400000}, {"maxAge": 1, "endDate": "2019-09-30", "totalRevenue": 60776200000, "costOfRevenue": 22083300000, "grossProfit": 38692900000, "researchDevelopment": {}, "sellingGeneralAdministrative": 17603600000, "nonRecurring": {}, "otherOperatingExpenses": 11100800000, "totalOperatingExpenses": 53634400000, "operatingIncome": 7141800000, "totalOtherIncomeExpenseNet": 795100000, "ebit": 7141800000, "interestExpense": -378300000, "incomeBeforeTax": 7936900000, "incomeTaxExpense": 2598400000, "minorityInterest": 57367600000, "netIncomeFromContinuingOps": 5338500000, "discontinuedOperations": {}, "extraordinaryItems": {}, "effectOfAccountingCharges": {}, "otherItems": {}, "netIncome": 3850900000, "netIncomeApplicableToCommonShares": 3850900000}], "maxAge": 86400}, "cashflowStatementHistoryQuarterly": {"cashflowStatements": [{"maxAge": 1, "endDate": "2020-06-30", "netIncome": 4571400000, "changeToLiabilities": 0}, {"maxAge": 1, "endDate": "2020-03-31", "netIncome": 5542500000, "changeToLiabilities": 0}, {"maxAge": 1, "endDate": "2019-12-31", "netIncome": 5915400000, "changeToLiabilities": 0}, {"maxAge": 1, "endDate": "2019-09-30", "netIncome": 3850900000, "changeToLiabilities": 0}], "maxAge": 86400}, "insiderHolders": {"holders": [{"maxAge": 1, "name": "Chitale (Rajendra P)", "relation": "Director", "url": "", "transactionDescription": "Acquisition", "latestTransDate": "2020-03-25", "positionDirect": 4945, "positionDirectDate": "2020-03-25"}, {"maxAge": 1, "name": "Gupta (Sudhansh Kumar)", "relation": "UNREPORTED", "url": "", "transactionDescription": "Sale", "latestTransDate": "2019-05-24", "positionDirect": 300, "positionDirectDate": "2019-05-24"}, {"maxAge": 1, "name": "Haribhakti (Shailesh V)", "relation": "Director (Non-Executive)", "url": "", "transactionDescription": "Sale", "latestTransDate": "2018-10-26", "positionDirectDate": "2018-10-26"}, {"maxAge": 1, "name": "Mota (Pankaj)", "relation": "UNREPORTED", "url": "", "transactionDescription": "Sale", "latestTransDate": "2020-07-28", "positionDirect": 15400, "positionDirectDate": "2020-07-28"}, {"maxAge": 1, "name": "Taparia (B. L.)", "relation": "Non-Independent Non-Executive Director", "url": "", "transactionDescription": "Sale", "latestTransDate": "2019-03-05", "positionDirect": 107284, "positionDirectDate": "2019-03-05"}], "maxAge": 1}, "earnings": {"maxAge": 86400, "earningsChart": {"quarterly": [{"date": "4Q2017", "actual": 1.7, "estimate": 1.7}, {"date": "1Q2018", "actual": 1.37, "estimate": 1.78}, {"date": "2Q2018", "actual": 2.51, "estimate": 1.64}, {"date": "3Q2018", "actual": 0.9, "estimate": 1.52}], "currentQuarterEstimateDate": "4Q", "currentQuarterEstimateYear": 2018, "earningsDate": []}, "financialsChart": {"yearly": [{"date": 2016, "revenue": 201319300000, "earnings": 11050800000}, {"date": 2017, "revenue": 235855000000, "earnings": 15163600000}, {"date": 2018, "revenue": 260409400000, "earnings": 21774000000}, {"date": 2019, "revenue": 271035500000, "earnings": 20950000000}], "quarterly": [{"date": "3Q2019", "revenue": 60776200000, "earnings": 3850900000}, {"date": "4Q2019", "revenue": 71264400000, "earnings": 5915400000}, {"date": "1Q2020", "revenue": 62496600000, "earnings": 5542500000}, {"date": "2Q2020", "revenue": 46441700000, "earnings": 4571400000}]}, "financialCurrency": "INR"}, "calendarEvents": {"maxAge": 1, "earnings": {"earningsDate": [], "revenueAverage": 30183400000, "revenueLow": 29836000000, "revenueHigh": 30530800000}}, "price": {"maxAge": 1, "regularMarketChangePercent": -0.015923567, "regularMarketChange": -5.0, "regularMarketTime": "2021-04-30 15:50:43", "priceHint": 2, "regularMarketPrice": 309.0, "regularMarketDayHigh": 319.85, "regularMarketDayLow": 306.85, "regularMarketVolume": 673516, "averageDailyVolume10Day": 402247, "averageDailyVolume3Month": 423236, "regularMarketPreviousClose": 314.0, "regularMarketSource": "FREE_REALTIME", "regularMarketOpen": 314.85, "exchange": "BSE", "exchangeName": "BSE", "exchangeDataDelayedBy": 0, "marketState": "CLOSED", "quoteType": "EQUITY", "symbol": "AMBUJACEM.BO", "underlyingSymbol": null, "shortName": "AMBUJA CEMENTS LTD.", "longName": "Ambuja Cements Limited", "currency": "INR", "quoteSourceName": "Delayed Quote", "currencySymbol": "\u20b9", "fromCurrency": null, "toCurrency": null, "lastMarket": null, "marketCap": 613565857792}, "balanceSheetHistory": {"balanceSheetStatements": [{"maxAge": 1, "endDate": "2019-12-31", "cash": 90118800000, "shortTermInvestments": 2800000, "netReceivables": 15794600000, "inventory": 20965000000, "otherCurrentAssets": 16308900000, "totalCurrentAssets": 143190100000, "longTermInvestments": 1536500000, "propertyPlantEquipment": 141604200000, "goodWill": 78814900000, "intangibleAssets": 2138600000, "otherAssets": 34539100000, "deferredLongTermAssetCharges": 41600000, "totalAssets": 401823400000, "accountsPayable": 23328800000, "shortLongTermDebt": 57800000, "otherCurrentLiab": 46434000000, "longTermDebt": 352800000, "otherLiab": 12620000000, "minorityInterest": 57367600000, "totalCurrentLiabilities": 90703100000, "totalLiab": 103675900000, "commonStock": 3971300000, "retainedEarnings": 110631900000, "treasuryStock": 1465100000, "capitalSurplus": 124711600000, "otherStockholderEquity": 1465100000, "totalStockholderEquity": 240779900000, "netTangibleAssets": 159826400000}, {"maxAge": 1, "endDate": "2018-12-31", "cash": 60931100000, "shortTermInvestments": 32100000, "netReceivables": 18505200000, "inventory": 29578900000, "otherCurrentAssets": 15021200000, "totalCurrentAssets": 124068500000, "longTermInvestments": 1408300000, "propertyPlantEquipment": 136246500000, "goodWill": 78814900000, "intangibleAssets": 1379700000, "otherAssets": 31489400000, "deferredLongTermAssetCharges": 38600000, "totalAssets": 373407300000, "accountsPayable": 30062000000, "otherCurrentLiab": 35937400000, "longTermDebt": 396800000, "otherLiab": 13051200000, "minorityInterest": 52311900000, "totalCurrentLiabilities": 83942600000, "totalLiab": 97390600000, "commonStock": 3971300000, "retainedEarnings": 93565300000, "treasuryStock": 1456600000, "capitalSurplus": 124711600000, "otherStockholderEquity": 1456600000, "totalStockholderEquity": 223704800000, "netTangibleAssets": 143510200000}, {"maxAge": 1, "endDate": "2017-12-31", "cash": 58735100000, "shortTermInvestments": 31000000, "netReceivables": 11279600000, "inventory": 24582700000, "otherCurrentAssets": 16317200000, "totalCurrentAssets": 110945600000, "longTermInvestments": 1649000000, "propertyPlantEquipment": 135658900000, "goodWill": 78814900000, "intangibleAssets": 1180400000, "otherAssets": 26880400000, "deferredLongTermAssetCharges": 37000000, "totalAssets": 355129200000, "accountsPayable": 28160100000, "otherCurrentLiab": 48865100000, "longTermDebt": 241200000, "otherLiab": 13313200000, "minorityInterest": 46079600000, "totalCurrentLiabilities": 88773200000, "totalLiab": 102327600000, "commonStock": 3971300000, "retainedEarnings": 76582500000, "treasuryStock": 1456600000, "capitalSurplus": 124711600000, "otherStockholderEquity": 1456600000, "totalStockholderEquity": 206722000000, "netTangibleAssets": 126726700000}, {"maxAge": 1, "endDate": "2016-12-31", "cash": 42100500000, "shortTermInvestments": 766100000, "netReceivables": 9852400000, "inventory": 21635100000, "otherCurrentAssets": 8527500000, "totalCurrentAssets": 82881600000, "longTermInvestments": 2224800000, "propertyPlantEquipment": 140647000000, "goodWill": 78814900000, "intangibleAssets": 461800000, "otherAssets": 23208000000, "totalAssets": 328238100000, "accountsPayable": 20684800000, "shortLongTermDebt": 132300000, "otherCurrentLiab": 45658800000, "longTermDebt": 157300000, "otherLiab": 12087900000, "minorityInterest": 43702400000, "totalCurrentLiabilities": 74081300000, "totalLiab": 86326500000, "commonStock": 3971300000, "retainedEarnings": 68029700000, "treasuryStock": 1496600000, "capitalSurplus": 124711600000, "otherStockholderEquity": 1496600000, "totalStockholderEquity": 198209200000, "netTangibleAssets": 118932500000}], "maxAge": 86400}, "earningsTrend": {"trend": [{"maxAge": 1, "period": "0q", "endDate": "2018-12-31", "growth": {}, "earningsEstimate": {"avg": 0.0, "low": 0.0, "high": 0.0, "yearAgoEps": 1.7, "numberOfAnalysts": 0, "growth": {}}, "revenueEstimate": {"avg": 30183400000, "low": 29836000000, "high": 30530800000, "numberOfAnalysts": 2, "yearAgoRevenue": 27126100000, "growth": 0.113000005}, "epsTrend": {"current": 0.0, "7daysAgo": 1.17, "30daysAgo": 1.17, "60daysAgo": 1.17, "90daysAgo": 1.17}, "epsRevisions": {"upLast7days": 0, "upLast30days": 0, "downLast30days": 0, "downLast90days": {}}}, {"maxAge": 1, "period": "+1q", "endDate": "2019-03-31", "growth": {}, "earningsEstimate": {"avg": 0.0, "low": 0.0, "high": 0.0, "yearAgoEps": 1.37, "numberOfAnalysts": 0, "growth": {}}, "revenueEstimate": {"avg": 0, "low": 0, "high": 0, "numberOfAnalysts": 0, "yearAgoRevenue": {}, "growth": {}}, "epsTrend": {"current": 0.0, "7daysAgo": 2.3, "30daysAgo": 2.3, "60daysAgo": 2.3, "90daysAgo": 2.3}, "epsRevisions": {"upLast7days": 0, "upLast30days": 0, "downLast30days": 0, "downLast90days": {}}}, {"maxAge": 1, "period": "0y", "endDate": "2018-12-31", "growth": {}, "earningsEstimate": {"avg": 0.0, "low": 0.0, "high": 0.0, "yearAgoEps": {}, "numberOfAnalysts": 0, "growth": {}}, "revenueEstimate": {"avg": 114580000000, "low": 110882000000, "high": 118096000000, "numberOfAnalysts": 19, "yearAgoRevenue": 104468000000, "growth": 0.096999995}, "epsTrend": {"current": 0.0, "7daysAgo": 6.98, "30daysAgo": 6.98, "60daysAgo": 6.98, "90daysAgo": 6.98}, "epsRevisions": {"upLast7days": 0, "upLast30days": 0, "downLast30days": 0, "downLast90days": {}}}, {"maxAge": 1, "period": "+1y", "endDate": "2019-12-31", "growth": {}, "earningsEstimate": {"avg": 0.0, "low": 0.0, "high": 0.0, "yearAgoEps": {}, "numberOfAnalysts": 0, "growth": {}}, "revenueEstimate": {"avg": 124971000000, "low": 119289000000, "high": 130821000000, "numberOfAnalysts": 19, "yearAgoRevenue": 114580000000, "growth": 0.091000006}, "epsTrend": {"current": 0.0, "7daysAgo": 8.28, "30daysAgo": 8.28, "60daysAgo": 8.28, "90daysAgo": 8.28}, "epsRevisions": {"upLast7days": 0, "upLast30days": 0, "downLast30days": 0, "downLast90days": {}}}, {"maxAge": 1, "period": "+5y", "endDate": null, "growth": -0.053000003, "earningsEstimate": {"avg": {}, "low": {}, "high": {}, "yearAgoEps": {}, "numberOfAnalysts": {}, "growth": {}}, "revenueEstimate": {"avg": {}, "low": {}, "high": {}, "numberOfAnalysts": {}, "yearAgoRevenue": {}, "growth": {}}, "epsTrend": {"current": {}, "7daysAgo": {}, "30daysAgo": {}, "60daysAgo": {}, "90daysAgo": {}}, "epsRevisions": {"upLast7days": {}, "upLast30days": {}, "downLast30days": {}, "downLast90days": {}}}, {"maxAge": 1, "period": "-5y", "endDate": null, "growth": {}, "earningsEstimate": {"avg": {}, "low": {}, "high": {}, "yearAgoEps": {}, "numberOfAnalysts": {}, "growth": {}}, "revenueEstimate": {"avg": {}, "low": {}, "high": {}, "numberOfAnalysts": {}, "yearAgoRevenue": {}, "growth": {}}, "epsTrend": {"current": {}, "7daysAgo": {}, "30daysAgo": {}, "60daysAgo": {}, "90daysAgo": {}}, "epsRevisions": {"upLast7days": {}, "upLast30days": {}, "downLast30days": {}, "downLast90days": {}}}], "maxAge": 1}, "financialData": {"maxAge": 86400, "currentPrice": 309.0, "targetHighPrice": 300.0, "targetLowPrice": 195.0, "targetMeanPrice": 234.2, "targetMedianPrice": 230.0, "recommendationKey": "none", "numberOfAnalystOpinions": 35, "grossProfits": 173316600000, "financialCurrency": "INR"}}}