{"AMCOIND.BO": {"cashflowStatementHistory": {"cashflowStatements": [{"maxAge": 1, "endDate": "2020-03-31", "netIncome": 8810659, "depreciation": 8771959, "changeToNetincome": 8803922, "changeToAccountReceivables": 9985276, "changeToLiabilities": -72789829, "changeToInventory": -11305991, "totalCashFromOperatingActivities": -47724004, "capitalExpenditures": -18289408, "investments": -319645, "otherCashflowsFromInvestingActivities": 8609645, "totalCashflowsFromInvestingActivities": -6754408, "netBorrowings": 66864667, "otherCashflowsFromFinancingActivities": -12554592, "totalCashFromFinancingActivities": 54310075, "changeInCash": -168338}, {"maxAge": 1, "endDate": "2019-03-31", "netIncome": 7596028, "depreciation": 8802032, "changeToNetincome": 3232146, "changeToAccountReceivables": 5129050, "changeToLiabilities": 8807949, "changeToInventory": 7446138, "totalCashFromOperatingActivities": 41013343, "capitalExpenditures": -45571447, "investments": 2046302, "otherCashflowsFromInvestingActivities": 328966, "totalCashflowsFromInvestingActivities": -39138855, "netBorrowings": 8596338, "otherCashflowsFromFinancingActivities": -10282782, "totalCashFromFinancingActivities": -1686444, "changeInCash": 188044}, {"maxAge": 1, "endDate": "2018-03-31", "netIncome": 10291574, "depreciation": 11070904, "changeToNetincome": 13995856, "changeToAccountReceivables": -24774862, "changeToLiabilities": -206225, "changeToInventory": -2206728, "totalCashFromOperatingActivities": 8170519, "capitalExpenditures": -22760129, "investments": 8535452, "otherCashflowsFromInvestingActivities": 272709, "totalCashflowsFromInvestingActivities": 2848032, "netBorrowings": -2295511, "otherCashflowsFromFinancingActivities": -10494860, "totalCashFromFinancingActivities": -12790371, "changeInCash": -1771821}, {"maxAge": 1, "endDate": "2017-03-31", "netIncome": 16781532, "depreciation": 11291573, "changeToNetincome": -6384977, "changeToAccountReceivables": -38223317, "changeToLiabilities": 24674750, "changeToInventory": 9203274, "totalCashFromOperatingActivities": 17342835, "capitalExpenditures": -16931810, "investments": 10948314, "otherCashflowsFromInvestingActivities": 432811, "totalCashflowsFromInvestingActivities": -1869685, "netBorrowings": -4520095, "otherCashflowsFromFinancingActivities": -10039770, "totalCashFromFinancingActivities": -14559865, "changeInCash": 913285}], "maxAge": 86400}, "institutionOwnership": {"maxAge": 1, "ownershipList": []}, "balanceSheetHistoryQuarterly": {"balanceSheetStatements": [{"maxAge": 1, "endDate": "2020-06-30", "totalStockholderEquity": 289323918, "netTangibleAssets": 289323918}, {"maxAge": 1, "endDate": "2020-03-31", "cash": 982346, "netReceivables": 186746328, "inventory": 72345403, "otherCurrentAssets": 13074806, "totalCurrentAssets": 273779939, "longTermInvestments": 1250000, "propertyPlantEquipment": 140239268, "otherAssets": 76668690, "totalAssets": 491937897, "accountsPayable": 35855266, "shortLongTermDebt": 1208941, "otherCurrentLiab": 12039982, "longTermDebt": 12530106, "otherLiab": 9006453, "totalCurrentLiabilities": 181077420, "totalLiab": 202613979, "commonStock": 41100000, "retainedEarnings": 221193830, "treasuryStock": 272858, "capitalSurplus": 26757230, "otherStockholderEquity": 272858, "totalStockholderEquity": 289323918, "netTangibleAssets": 289323918}, {"maxAge": 1, "endDate": "2019-12-31", "totalStockholderEquity": 288635000, "netTangibleAssets": 288635000}, {"maxAge": 1, "endDate": "2019-09-30", "cash": 6121000, "netReceivables": 193942000, "inventory": 59559000, "otherCurrentAssets": 5769000, "totalCurrentAssets": 265391000, "longTermInvestments": 1250000, "propertyPlantEquipment": 170354000, "otherAssets": 47680000, "totalAssets": 484675000, "accountsPayable": 61519000, "shortLongTermDebt": 84075000, "otherCurrentLiab": 15060000, "longTermDebt": 25110000, "otherLiab": 8592000, "totalCurrentLiabilities": 162338000, "totalLiab": 196040000, "commonStock": 41100000, "treasuryStock": 247535000, "otherStockholderEquity": 247535000, "totalStockholderEquity": 288635000, "netTangibleAssets": 288635000}], "maxAge": 86400}, "indexTrend": {"maxAge": 1, "symbol": "SP5", "peRatio": 19.7411, "pegRatio": 1.34172, "estimates": [{"period": "0q", "growth": 0.549}, {"period": "+1q", "growth": 0.431}, {"period": "0y", "growth": 0.305}, {"period": "+1y", "growth": 0.109}, {"period": "+5y", "growth": 0.120859005}, {"period": "-5y"}]}, "quoteType": {"exchange": "BSE", "quoteType": "EQUITY", "symbol": "AMCOIND.BO", "underlyingSymbol": "AMCOIND.BO", "shortName": "AMCO INDIA LTD.", "longName": "Amco India Limited", "firstTradeDateEpochUtc": "2002-01-21 09:15:00", "timeZoneFullName": "Asia/Kolkata", "timeZoneShortName": "IST", "uuid": "f76514c2-f2f1-3f09-8ab3-820af19031c3", "messageBoardId": null, "gmtOffSetMilliseconds": 19800000, "maxAge": 1}, "incomeStatementHistory": {"incomeStatementHistory": [{"maxAge": 1, "endDate": "2020-03-31", "totalRevenue": 860465109, "costOfRevenue": 726133511, "grossProfit": 134331598, "researchDevelopment": {}, "sellingGeneralAdministrative": 31705332, "nonRecurring": {}, "otherOperatingExpenses": 47605733, "totalOperatingExpenses": 830898266, "operatingIncome": 29566843, "totalOtherIncomeExpenseNet": -17051672, "ebit": 29566843, "interestExpense": -12590783, "incomeBeforeTax": 12515171, "incomeTaxExpense": 3704512, "minorityInterest": {}, "netIncomeFromContinuingOps": 8810659, "discontinuedOperations": {}, "extraordinaryItems": {}, "effectOfAccountingCharges": {}, "otherItems": {}, "netIncome": 8810659, "netIncomeApplicableToCommonShares": 8810659}, {"maxAge": 1, "endDate": "2019-03-31", "totalRevenue": 799404578, "costOfRevenue": 690733355, "grossProfit": 108671223, "researchDevelopment": {}, "sellingGeneralAdministrative": 24811651, "nonRecurring": {}, "otherOperatingExpenses": 53503468, "totalOperatingExpenses": 782728696, "operatingIncome": 16675882, "totalOtherIncomeExpenseNet": -9855178, "ebit": 16675882, "interestExpense": -10139079, "incomeBeforeTax": 6820704, "incomeTaxExpense": -775324, "minorityInterest": {}, "netIncomeFromContinuingOps": 7596028, "discontinuedOperations": {}, "extraordinaryItems": {}, "effectOfAccountingCharges": {}, "otherItems": {}, "netIncome": 7596028, "netIncomeApplicableToCommonShares": 7596028}, {"maxAge": 1, "endDate": "2018-03-31", "totalRevenue": 660367634, "costOfRevenue": 540476143, "grossProfit": 119891491, "researchDevelopment": {}, "sellingGeneralAdministrative": 24547632, "nonRecurring": {}, "otherOperatingExpenses": 55582444, "totalOperatingExpenses": 634383235, "operatingIncome": 25984399, "totalOtherIncomeExpenseNet": -13974080, "ebit": 25984399, "interestExpense": -10427768, "incomeBeforeTax": 12010319, "incomeTaxExpense": 1718745, "minorityInterest": {}, "netIncomeFromContinuingOps": 10291574, "discontinuedOperations": {}, "extraordinaryItems": {}, "effectOfAccountingCharges": {}, "otherItems": {}, "netIncome": 10291574, "netIncomeApplicableToCommonShares": 10291574}, {"maxAge": 1, "endDate": "2017-03-31", "totalRevenue": 510669799, "costOfRevenue": 400262678, "grossProfit": 110407121, "researchDevelopment": {}, "sellingGeneralAdministrative": 27150061, "nonRecurring": {}, "otherOperatingExpenses": 56493360, "totalOperatingExpenses": 499463900, "operatingIncome": 11205899, "totalOtherIncomeExpenseNet": 3679516, "ebit": 11205899, "interestExpense": -9455369, "incomeBeforeTax": 14885415, "incomeTaxExpense": -1896117, "minorityInterest": {}, "netIncomeFromContinuingOps": 16781532, "discontinuedOperations": {}, "extraordinaryItems": {}, "effectOfAccountingCharges": {}, "otherItems": {}, "netIncome": 16781532, "netIncomeApplicableToCommonShares": 16781532}], "maxAge": 86400}, "fundOwnership": {"maxAge": 1, "ownershipList": []}, "summaryDetail": {"maxAge": 1, "priceHint": 2, "previousClose": 30.95, "open": 29.5, "dayLow": 29.5, "dayHigh": 32.45, "regularMarketPreviousClose": 30.95, "regularMarketOpen": 29.5, "regularMarketDayLow": 29.5, "regularMarketDayHigh": 32.45, "trailingPE": 18.761011, "volume": 379, "regularMarketVolume": 379, "averageVolume": 516, "averageVolume10days": 811, "averageDailyVolume10Day": 811, "bid": 30.0, "ask": 31.95, "bidSize": 0, "askSize": 0, "marketCap": 131314504, "fiftyTwoWeekLow": 15.5, "fiftyTwoWeekHigh": 34.5, "fiftyDayAverage": 26.155882, "twoHundredDayAverage": 24.49044, "currency": "INR", "fromCurrency": null, "toCurrency": null, "lastMarket": null, "algorithm": null, "tradeable": false}, "incomeStatementHistoryQuarterly": {"incomeStatementHistory": [{"maxAge": 1, "endDate": "2020-06-30", "totalRevenue": 122086000, "costOfRevenue": 102802000, "grossProfit": 19284000, "researchDevelopment": {}, "sellingGeneralAdministrative": 6402000, "nonRecurring": {}, "otherOperatingExpenses": 5241000, "totalOperatingExpenses": 116725000, "operatingIncome": 5361000, "totalOtherIncomeExpenseNet": -2873000, "ebit": 5361000, "interestExpense": -2873000, "incomeBeforeTax": 2488000, "incomeTaxExpense": 647000, "minorityInterest": {}, "netIncomeFromContinuingOps": 1841000, "discontinuedOperations": {}, "extraordinaryItems": {}, "effectOfAccountingCharges": {}, "otherItems": {}, "netIncome": 1841000, "netIncomeApplicableToCommonShares": 1841000}, {"maxAge": 1, "endDate": "2020-03-31", "totalRevenue": 207811109, "costOfRevenue": 174625511, "grossProfit": 33185598, "researchDevelopment": {}, "sellingGeneralAdministrative": 11110332, "nonRecurring": {}, "otherOperatingExpenses": -6576267, "totalOperatingExpenses": 197773266, "operatingIncome": 10037843, "totalOtherIncomeExpenseNet": -14541672, "ebit": 10037843, "interestExpense": -3603783, "incomeBeforeTax": -4503829, "incomeTaxExpense": -765488, "minorityInterest": {}, "netIncomeFromContinuingOps": -3738341, "discontinuedOperations": {}, "extraordinaryItems": {}, "effectOfAccountingCharges": {}, "otherItems": {}, "netIncome": -3738341, "netIncomeApplicableToCommonShares": -3738341}, {"maxAge": 1, "endDate": "2019-12-31", "totalRevenue": 230621000, "costOfRevenue": 195567000, "grossProfit": 35054000, "researchDevelopment": {}, "sellingGeneralAdministrative": 7124000, "nonRecurring": {}, "otherOperatingExpenses": 19089000, "totalOperatingExpenses": 224060000, "operatingIncome": 6561000, "totalOtherIncomeExpenseNet": -914000, "ebit": 6561000, "interestExpense": -3065000, "incomeBeforeTax": 5647000, "incomeTaxExpense": 1513000, "minorityInterest": {}, "netIncomeFromContinuingOps": 4134000, "discontinuedOperations": {}, "extraordinaryItems": {}, "effectOfAccountingCharges": {}, "otherItems": {}, "netIncome": 4134000, "netIncomeApplicableToCommonShares": 4134000}, {"maxAge": 1, "endDate": "2019-09-30", "totalRevenue": 218648000, "costOfRevenue": 185796000, "grossProfit": 32852000, "researchDevelopment": {}, "sellingGeneralAdministrative": 7496000, "nonRecurring": {}, "otherOperatingExpenses": 16050000, "totalOperatingExpenses": 211622000, "operatingIncome": 7026000, "totalOtherIncomeExpenseNet": -699000, "ebit": 7026000, "interestExpense": -2985000, "incomeBeforeTax": 6327000, "incomeTaxExpense": 1645000, "minorityInterest": {}, "netIncomeFromContinuingOps": 4682000, "discontinuedOperations": {}, "extraordinaryItems": {}, "effectOfAccountingCharges": {}, "otherItems": {}, "netIncome": 4682000, "netIncomeApplicableToCommonShares": 4682000}], "maxAge": 86400}, "cashflowStatementHistoryQuarterly": {"cashflowStatements": [{"maxAge": 1, "endDate": "2020-06-30", "netIncome": 1841000, "changeToLiabilities": 0}, {"maxAge": 1, "endDate": "2020-03-31", "netIncome": -3738341, "changeToLiabilities": 0}, {"maxAge": 1, "endDate": "2019-12-31", "netIncome": 4134000, "changeToLiabilities": 0}, {"maxAge": 1, "endDate": "2019-09-30", "netIncome": 4682000, "changeToLiabilities": 0}], "maxAge": 86400}, "insiderHolders": {"holders": [], "maxAge": 1}, "calendarEvents": {"maxAge": 1, "earnings": {"earningsDate": []}}, "price": {"maxAge": 1, "regularMarketChangePercent": 0.032310177, "regularMarketChange": 1.0, "regularMarketTime": "2021-04-30 15:05:17", "priceHint": 2, "regularMarketPrice": 31.95, "regularMarketDayHigh": 32.45, "regularMarketDayLow": 29.5, "regularMarketVolume": 379, "averageDailyVolume10Day": 811, "averageDailyVolume3Month": 516, "regularMarketPreviousClose": 30.95, "regularMarketSource": "FREE_REALTIME", "regularMarketOpen": 29.5, "exchange": "BSE", "exchangeName": "BSE", "exchangeDataDelayedBy": 0, "marketState": "CLOSED", "quoteType": "EQUITY", "symbol": "AMCOIND.BO", "underlyingSymbol": null, "shortName": "AMCO INDIA LTD.", "longName": "Amco India Limited", "currency": "INR", "quoteSourceName": "Delayed Quote", "currencySymbol": "\u20b9", "fromCurrency": null, "toCurrency": null, "lastMarket": null, "marketCap": 131314504}, "balanceSheetHistory": {"balanceSheetStatements": [{"maxAge": 1, "endDate": "2020-03-31", "cash": 982346, "netReceivables": 186746328, "inventory": 72345403, "otherCurrentAssets": 13074806, "totalCurrentAssets": 273779939, "longTermInvestments": 1250000, "propertyPlantEquipment": 140239268, "otherAssets": 76668690, "totalAssets": 491937897, "accountsPayable": 35855266, "shortLongTermDebt": 1208941, "otherCurrentLiab": 12039982, "longTermDebt": 12530106, "otherLiab": 9006453, "totalCurrentLiabilities": 181077420, "totalLiab": 202613979, "commonStock": 41100000, "retainedEarnings": 221193830, "treasuryStock": 272858, "capitalSurplus": 26757230, "otherStockholderEquity": 272858, "totalStockholderEquity": 289323918, "netTangibleAssets": 289323918}, {"maxAge": 1, "endDate": "2019-03-31", "cash": 1150683, "netReceivables": 195076794, "inventory": 61039412, "otherCurrentAssets": 10065217, "totalCurrentAssets": 267809971, "longTermInvestments": 1250000, "propertyPlantEquipment": 170637562, "otherAssets": 47667732, "totalAssets": 487365265, "accountsPayable": 67952832, "shortLongTermDebt": 1208941, "otherCurrentLiab": 49501248, "longTermDebt": 18992817, "otherLiab": 8591941, "totalCurrentLiabilities": 179560956, "totalLiab": 207145714, "commonStock": 41100000, "retainedEarnings": 212383171, "treasuryStock": -20850, "capitalSurplus": 26757230, "otherStockholderEquity": -20850, "totalStockholderEquity": 280219551, "netTangibleAssets": 280219551}, {"maxAge": 1, "endDate": "2018-03-31", "cash": 962640, "netReceivables": 194970649, "inventory": 68485550, "otherCurrentAssets": 16284119, "totalCurrentAssets": 281165406, "longTermInvestments": 1250000, "propertyPlantEquipment": 137964954, "otherAssets": 46723740, "totalAssets": 467104100, "accountsPayable": 79504840, "shortLongTermDebt": 1750400, "otherCurrentLiab": 32506875, "longTermDebt": 7687897, "otherLiab": 10030376, "totalCurrentLiabilities": 176727454, "totalLiab": 194445727, "commonStock": 41100000, "retainedEarnings": 204787143, "treasuryStock": 14000, "capitalSurplus": 26757230, "otherStockholderEquity": 14000, "totalStockholderEquity": 272658373, "netTangibleAssets": 272658373}, {"maxAge": 1, "endDate": "2017-03-31", "cash": 2734460, "netReceivables": 183050347, "inventory": 66278823, "otherCurrentAssets": 9508846, "totalCurrentAssets": 262693299, "longTermInvestments": 1250000, "propertyPlantEquipment": 154177404, "otherAssets": 38662762, "totalAssets": 456783465, "accountsPayable": 65267205, "shortLongTermDebt": 2411558, "otherCurrentLiab": 40709111, "longTermDebt": 12890022, "otherLiab": 13262413, "totalCurrentLiabilities": 168295963, "totalLiab": 194448398, "commonStock": 41100000, "treasuryStock": 221235067, "otherStockholderEquity": 221235067, "totalStockholderEquity": 262335067, "netTangibleAssets": 262335067}], "maxAge": 86400}, "financialData": {"maxAge": 86400, "currentPrice": 31.95, "recommendationKey": "none", "grossProfits": 134331598, "financialCurrency": "INR"}}}