{"AMDIND.BO": {"recommendationTrend": {"trend": [{"period": "0m", "strongBuy": 0, "buy": 0, "hold": 0, "sell": 0, "strongSell": 0}, {"period": "-1m", "strongBuy": 0, "buy": 0, "hold": 0, "sell": 0, "strongSell": 0}, {"period": "-2m", "strongBuy": 0, "buy": 0, "hold": 0, "sell": 0, "strongSell": 0}, {"period": "-3m", "strongBuy": 0, "buy": 0, "hold": 0, "sell": 0, "strongSell": 0}], "maxAge": 86400}, "cashflowStatementHistory": {"cashflowStatements": [{"maxAge": 1, "endDate": "2020-03-31", "netIncome": 51816000, "depreciation": 101966000, "changeToNetincome": 81829000, "changeToAccountReceivables": -101350000, "changeToLiabilities": -44980000, "changeToInventory": 34756000, "changeToOperatingActivities": 58661000, "totalCashFromOperatingActivities": 182917000, "otherCashflowsFromInvestingActivities": 2323000, "totalCashflowsFromInvestingActivities": 37559000, "netBorrowings": -155339000, "otherCashflowsFromFinancingActivities": -65301000, "totalCashFromFinancingActivities": -220640000, "changeInCash": -164000}, {"maxAge": 1, "endDate": "2019-03-31", "netIncome": 2307000, "depreciation": 102859000, "changeToNetincome": 61432000, "changeToAccountReceivables": 526000, "changeToLiabilities": 153464000, "changeToInventory": -180410000, "changeToOperatingActivities": 99343000, "totalCashFromOperatingActivities": 239820000, "capitalExpenditures": -76661000, "otherCashflowsFromInvestingActivities": 87709000, "totalCashflowsFromInvestingActivities": 11048000, "netBorrowings": -165437000, "otherCashflowsFromFinancingActivities": -85500000, "totalCashFromFinancingActivities": -250937000, "changeInCash": -69000}, {"maxAge": 1, "endDate": "2018-03-31", "netIncome": -7410000, "depreciation": 101880000, "changeToNetincome": 26365000, "changeToAccountReceivables": -65129000, "changeToLiabilities": -42083000, "changeToInventory": 143452000, "changeToOperatingActivities": 136971000, "totalCashFromOperatingActivities": 294345000, "capitalExpenditures": -95701000, "otherCashflowsFromInvestingActivities": 17090000, "totalCashflowsFromInvestingActivities": -78611000, "netBorrowings": -126247000, "otherCashflowsFromFinancingActivities": -89896000, "totalCashFromFinancingActivities": -216143000, "changeInCash": -409000}, {"maxAge": 1, "endDate": "2017-03-31", "netIncome": 20195000, "depreciation": 115444000, "changeToNetincome": 77619000, "changeToAccountReceivables": 19150000, "changeToLiabilities": 140343000, "changeToInventory": -72170000, "changeToOperatingActivities": -6555000, "totalCashFromOperatingActivities": 294618000, "capitalExpenditures": -177093000, "investments": 926000, "otherCashflowsFromInvestingActivities": 4410000, "totalCashflowsFromInvestingActivities": -171130000, "dividendsPaid": -9583000, "netBorrowings": -21980000, "otherCashflowsFromFinancingActivities": -92316000, "totalCashFromFinancingActivities": -123879000, "effectOfExchangeRate": -2000, "changeInCash": -393000}], "maxAge": 86400}, "institutionOwnership": {"maxAge": 1, "ownershipList": []}, "balanceSheetHistoryQuarterly": {"balanceSheetStatements": [{"maxAge": 1, "endDate": "2020-06-30", "totalStockholderEquity": 1286829000, "netTangibleAssets": 1286665000}, {"maxAge": 1, "endDate": "2020-03-31", "cash": 870000, "netReceivables": 488000000, "inventory": 505387000, "otherCurrentAssets": 51243000, "totalCurrentAssets": 1052048000, "longTermInvestments": 290000, "propertyPlantEquipment": 883239000, "intangibleAssets": 164000, "otherAssets": 383276000, "totalAssets": 2319017000, "accountsPayable": 399750000, "shortLongTermDebt": 96491000, "otherCurrentLiab": 87805000, "longTermDebt": 141122000, "otherLiab": 46466000, "totalCurrentLiabilities": 844600000, "totalLiab": 1032188000, "commonStock": 191667000, "retainedEarnings": 449586000, "treasuryStock": -4814000, "capitalSurplus": 650390000, "otherStockholderEquity": -4814000, "totalStockholderEquity": 1286829000, "netTangibleAssets": 1286665000}, {"maxAge": 1, "endDate": "2019-12-31", "totalStockholderEquity": 1300463000, "netTangibleAssets": 1300190000}, {"maxAge": 1, "endDate": "2019-09-30", "cash": 8045000, "shortTermInvestments": 5623000, "netReceivables": 372490000, "inventory": 317712000, "otherCurrentAssets": 22179000, "totalCurrentAssets": 726049000, "longTermInvestments": 398000, "propertyPlantEquipment": 914369000, "intangibleAssets": 273000, "otherAssets": 331498000, "totalAssets": 1972587000, "accountsPayable": 61683000, "shortLongTermDebt": 117090000, "otherCurrentLiab": 62216000, "longTermDebt": 135797000, "otherLiab": 45268000, "totalCurrentLiabilities": 491059000, "totalLiab": 672124000, "commonStock": 191667000, "treasuryStock": 1108796000, "otherStockholderEquity": 1108796000, "totalStockholderEquity": 1300463000, "netTangibleAssets": 1300190000}], "maxAge": 86400}, "earningsHistory": {"history": [{"maxAge": 1, "epsActual": {}, "epsEstimate": {}, "epsDifference": {}, "surprisePercent": {}, "quarter": {}, "period": "-4q"}, {"maxAge": 1, "epsActual": {}, "epsEstimate": {}, "epsDifference": {}, "surprisePercent": {}, "quarter": {}, "period": "-3q"}, {"maxAge": 1, "epsActual": {}, "epsEstimate": {}, "epsDifference": {}, "surprisePercent": {}, "quarter": {}, "period": "-2q"}, {"maxAge": 1, "epsActual": {}, "epsEstimate": {}, "epsDifference": {}, "surprisePercent": {}, "quarter": {}, "period": "-1q"}], "maxAge": 86400}, "indexTrend": {"maxAge": 1, "symbol": "SP5", "peRatio": 19.7411, "pegRatio": 1.34172, "estimates": [{"period": "0q", "growth": 0.549}, {"period": "+1q", "growth": 0.431}, {"period": "0y", "growth": 0.305}, {"period": "+1y", "growth": 0.109}, {"period": "+5y", "growth": 0.120865}, {"period": "-5y"}]}, "industryTrend": {"maxAge": 1, "symbol": null, "estimates": []}, "insiderTransactions": {"transactions": [{"maxAge": 1, "shares": 600000, "filerUrl": "", "transactionText": "", "filerName": "Ashoka Productions & Communications Pvt. ltd.", "filerRelation": "Promoter", "moneyText": "", "startDate": "2019-03-20", "ownership": "D"}, {"maxAge": 1, "shares": 600000, "filerUrl": "", "transactionText": "", "filerName": "Gupta (Adit)", "filerRelation": "Promoter", "moneyText": "", "startDate": "2019-03-20", "ownership": "D"}], "maxAge": 1}, "quoteType": {"exchange": "BSE", "quoteType": "EQUITY", "symbol": "AMDIND.BO", "underlyingSymbol": "AMDIND.BO", "shortName": "AMD INDUSTRIES LTD.", "longName": "AMD Industries Limited", "firstTradeDateEpochUtc": "2007-03-19 09:15:00", "timeZoneFullName": "Asia/Kolkata", "timeZoneShortName": "IST", "uuid": "e1489105-8b30-37cf-a829-61775cab2df3", "messageBoardId": null, "gmtOffSetMilliseconds": 19800000, "maxAge": 1}, "incomeStatementHistory": {"incomeStatementHistory": [{"maxAge": 1, "endDate": "2020-03-31", "totalRevenue": 1745457000, "costOfRevenue": 1003115000, "grossProfit": 742342000, "researchDevelopment": {}, "sellingGeneralAdministrative": 183922000, "nonRecurring": {}, "otherOperatingExpenses": 383229000, "totalOperatingExpenses": 1672451000, "operatingIncome": 73006000, "totalOtherIncomeExpenseNet": -13692000, "ebit": 73006000, "interestExpense": -62321000, "incomeBeforeTax": 59314000, "incomeTaxExpense": 7498000, "minorityInterest": {}, "netIncomeFromContinuingOps": 51816000, "discontinuedOperations": {}, "extraordinaryItems": {}, "effectOfAccountingCharges": {}, "otherItems": {}, "netIncome": 51816000, "netIncomeApplicableToCommonShares": 51816000}, {"maxAge": 1, "endDate": "2019-03-31", "totalRevenue": 1557206000, "costOfRevenue": 901998000, "grossProfit": 655208000, "researchDevelopment": {}, "sellingGeneralAdministrative": 189070000, "nonRecurring": {}, "otherOperatingExpenses": 290971000, "totalOperatingExpenses": 1485197000, "operatingIncome": 72009000, "totalOtherIncomeExpenseNet": -75936000, "ebit": 72009000, "interestExpense": -82104000, "incomeBeforeTax": -3927000, "incomeTaxExpense": -6234000, "minorityInterest": {}, "netIncomeFromContinuingOps": 2307000, "discontinuedOperations": {}, "extraordinaryItems": {}, "effectOfAccountingCharges": {}, "otherItems": {}, "netIncome": 2307000, "netIncomeApplicableToCommonShares": 2307000}, {"maxAge": 1, "endDate": "2018-03-31", "totalRevenue": 1450655000, "costOfRevenue": 860963000, "grossProfit": 589692000, "researchDevelopment": {}, "sellingGeneralAdministrative": 185686000, "nonRecurring": {}, "otherOperatingExpenses": 270366000, "totalOperatingExpenses": 1419194000, "operatingIncome": 31461000, "totalOtherIncomeExpenseNet": -52981000, "ebit": 31461000, "interestExpense": -88722000, "incomeBeforeTax": -21520000, "incomeTaxExpense": -14110000, "minorityInterest": {}, "netIncomeFromContinuingOps": -7410000, "discontinuedOperations": {}, "extraordinaryItems": {}, "effectOfAccountingCharges": {}, "otherItems": {}, "netIncome": -7410000, "netIncomeApplicableToCommonShares": -7410000}, {"maxAge": 1, "endDate": "2017-03-31", "totalRevenue": 1491004000, "costOfRevenue": 739710000, "grossProfit": 751294000, "researchDevelopment": {}, "sellingGeneralAdministrative": 201382000, "nonRecurring": {}, "otherOperatingExpenses": 325995000, "totalOperatingExpenses": 1382922000, "operatingIncome": 108082000, "totalOtherIncomeExpenseNet": -83884000, "ebit": 108082000, "interestExpense": -88635000, "incomeBeforeTax": 24198000, "incomeTaxExpense": 4003000, "minorityInterest": {}, "netIncomeFromContinuingOps": 20195000, "discontinuedOperations": {}, "extraordinaryItems": {}, "effectOfAccountingCharges": {}, "otherItems": {}, "netIncome": 20195000, "netIncomeApplicableToCommonShares": 20195000}], "maxAge": 86400}, "fundOwnership": {"maxAge": 1, "ownershipList": []}, "summaryDetail": {"maxAge": 1, "priceHint": 2, "previousClose": 18.3, "open": 17.75, "dayLow": 17.45, "dayHigh": 18.5, "regularMarketPreviousClose": 18.3, "regularMarketOpen": 17.75, "regularMarketDayLow": 17.45, "regularMarketDayHigh": 18.5, "volume": 14362, "regularMarketVolume": 14362, "averageVolume": 10625, "averageVolume10days": 29943, "averageDailyVolume10Day": 29943, "bid": 17.85, "ask": 18.2, "bidSize": 0, "askSize": 0, "marketCap": 345000608, "fiftyTwoWeekLow": 8.4, "fiftyTwoWeekHigh": 23.8, "fiftyDayAverage": 19.481428, "twoHundredDayAverage": 17.450146, "currency": "INR", "fromCurrency": null, "toCurrency": null, "lastMarket": null, "algorithm": null, "tradeable": false}, "sectorTrend": {"maxAge": 1, "symbol": null, "estimates": []}, "incomeStatementHistoryQuarterly": {"incomeStatementHistory": [{"maxAge": 1, "endDate": "2020-06-30", "totalRevenue": 243587000, "costOfRevenue": 146448000, "grossProfit": 97139000, "researchDevelopment": {}, "sellingGeneralAdministrative": 25009000, "nonRecurring": {}, "otherOperatingExpenses": 47339000, "totalOperatingExpenses": 240167000, "operatingIncome": 3420000, "totalOtherIncomeExpenseNet": -11904000, "ebit": 3420000, "interestExpense": -13498000, "incomeBeforeTax": -8484000, "incomeTaxExpense": -944000, "minorityInterest": {}, "netIncomeFromContinuingOps": -7540000, "discontinuedOperations": {}, "extraordinaryItems": {}, "effectOfAccountingCharges": {}, "otherItems": {}, "netIncome": -7540000, "netIncomeApplicableToCommonShares": -7540000}, {"maxAge": 1, "endDate": "2020-03-31", "totalRevenue": 521290000, "costOfRevenue": 334446000, "grossProfit": 186844000, "researchDevelopment": {}, "sellingGeneralAdministrative": 82313000, "nonRecurring": {}, "otherOperatingExpenses": 105348000, "totalOperatingExpenses": 547116000, "operatingIncome": -25826000, "totalOtherIncomeExpenseNet": 30163000, "ebit": -25826000, "interestExpense": -12759000, "incomeBeforeTax": 4337000, "incomeTaxExpense": -2042000, "minorityInterest": {}, "netIncomeFromContinuingOps": 6379000, "discontinuedOperations": {}, "extraordinaryItems": {}, "effectOfAccountingCharges": {}, "otherItems": {}, "netIncome": 6379000, "netIncomeApplicableToCommonShares": 6379000}, {"maxAge": 1, "endDate": "2019-12-31", "totalRevenue": 189489000, "costOfRevenue": 68773000, "grossProfit": 120716000, "researchDevelopment": {}, "sellingGeneralAdministrative": 32750000, "nonRecurring": {}, "otherOperatingExpenses": 69155000, "totalOperatingExpenses": 194199000, "operatingIncome": -4710000, "totalOtherIncomeExpenseNet": -10199000, "ebit": -4710000, "interestExpense": -12881000, "incomeBeforeTax": -14909000, "incomeTaxExpense": 4340000, "minorityInterest": {}, "netIncomeFromContinuingOps": -19249000, "discontinuedOperations": {}, "extraordinaryItems": {}, "effectOfAccountingCharges": {}, "otherItems": {}, "netIncome": -19249000, "netIncomeApplicableToCommonShares": -19249000}, {"maxAge": 1, "endDate": "2019-09-30", "totalRevenue": 342395000, "costOfRevenue": 179696000, "grossProfit": 162699000, "researchDevelopment": {}, "sellingGeneralAdministrative": 32599000, "nonRecurring": {}, "otherOperatingExpenses": 88558000, "totalOperatingExpenses": 324635000, "operatingIncome": 17760000, "totalOtherIncomeExpenseNet": -14910000, "ebit": 17760000, "interestExpense": -15651000, "incomeBeforeTax": 2850000, "incomeTaxExpense": 4541000, "minorityInterest": {}, "netIncomeFromContinuingOps": -1691000, "discontinuedOperations": {}, "extraordinaryItems": {}, "effectOfAccountingCharges": {}, "otherItems": {}, "netIncome": -1691000, "netIncomeApplicableToCommonShares": -1691000}], "maxAge": 86400}, "cashflowStatementHistoryQuarterly": {"cashflowStatements": [{"maxAge": 1, "endDate": "2020-06-30", "netIncome": -7540000, "changeToLiabilities": 0}, {"maxAge": 1, "endDate": "2020-03-31", "netIncome": 6379000, "changeToLiabilities": 0}, {"maxAge": 1, "endDate": "2019-12-31", "netIncome": -19249000, "changeToLiabilities": 0}, {"maxAge": 1, "endDate": "2019-09-30", "netIncome": -1691000, "changeToLiabilities": 0}], "maxAge": 86400}, "insiderHolders": {"holders": [{"maxAge": 1, "name": "Ashoka Productions & Communications Pvt. ltd.", "relation": "Promoter", "url": "", "transactionDescription": "Purchase", "latestTransDate": "2019-03-20", "positionDirect": 600100, "positionDirectDate": "2019-03-20"}, {"maxAge": 1, "name": "Gupta (Adit)", "relation": "Promoter", "url": "", "transactionDescription": "Sale", "latestTransDate": "2019-03-20", "positionDirect": 6148241, "positionDirectDate": "2019-03-20"}], "maxAge": 1}, "earnings": {"maxAge": 86400, "earningsChart": {"quarterly": [], "earningsDate": ["2020-09-14 05:30:S"]}, "financialsChart": {"yearly": [{"date": 2017, "revenue": 1491004000, "earnings": 20195000}, {"date": 2018, "revenue": 1450655000, "earnings": -7410000}, {"date": 2019, "revenue": 1557206000, "earnings": 2307000}, {"date": 2020, "revenue": 1745457000, "earnings": 51816000}], "quarterly": [{"date": "3Q2019", "revenue": 342395000, "earnings": -1691000}, {"date": "4Q2019", "revenue": 189489000, "earnings": -19249000}, {"date": "1Q2020", "revenue": 521290000, "earnings": 6379000}, {"date": "2Q2020", "revenue": 243587000, "earnings": -7540000}]}, "financialCurrency": "INR"}, "calendarEvents": {"maxAge": 1, "earnings": {"earningsDate": ["2020-09-14 05:30:S"]}}, "price": {"maxAge": 1, "regularMarketChangePercent": -0.0163934, "regularMarketChange": -0.29999924, "regularMarketTime": "2021-04-30 15:29:37", "priceHint": 2, "regularMarketPrice": 18.0, "regularMarketDayHigh": 18.5, "regularMarketDayLow": 17.45, "regularMarketVolume": 14362, "averageDailyVolume10Day": 29943, "averageDailyVolume3Month": 10625, "regularMarketPreviousClose": 18.3, "regularMarketSource": "FREE_REALTIME", "regularMarketOpen": 17.75, "exchange": "BSE", "exchangeName": "BSE", "exchangeDataDelayedBy": 0, "marketState": "CLOSED", "quoteType": "EQUITY", "symbol": "AMDIND.BO", "underlyingSymbol": null, "shortName": "AMD INDUSTRIES LTD.", "longName": "AMD Industries Limited", "currency": "INR", "quoteSourceName": "Delayed Quote", "currencySymbol": "\u20b9", "fromCurrency": null, "toCurrency": null, "lastMarket": null, "marketCap": 345000608}, "balanceSheetHistory": {"balanceSheetStatements": [{"maxAge": 1, "endDate": "2020-03-31", "cash": 870000, "netReceivables": 488000000, "inventory": 505387000, "otherCurrentAssets": 51243000, "totalCurrentAssets": 1052048000, "longTermInvestments": 290000, "propertyPlantEquipment": 883239000, "intangibleAssets": 164000, "otherAssets": 383276000, "totalAssets": 2319017000, "accountsPayable": 399750000, "shortLongTermDebt": 96491000, "otherCurrentLiab": 87805000, "longTermDebt": 141122000, "otherLiab": 46466000, "totalCurrentLiabilities": 844600000, "totalLiab": 1032188000, "commonStock": 191667000, "retainedEarnings": 449586000, "treasuryStock": -4814000, "capitalSurplus": 650390000, "otherStockholderEquity": -4814000, "totalStockholderEquity": 1286829000, "netTangibleAssets": 1286665000}, {"maxAge": 1, "endDate": "2019-03-31", "cash": 1034000, "netReceivables": 470852000, "inventory": 540143000, "otherCurrentAssets": 111580000, "totalCurrentAssets": 1130277000, "longTermInvestments": 300000, "propertyPlantEquipment": 955634000, "intangibleAssets": 383000, "otherAssets": 324458000, "totalAssets": 2411052000, "accountsPayable": 445407000, "shortLongTermDebt": 115935000, "otherCurrentLiab": 28821000, "longTermDebt": 183105000, "otherLiab": 49751000, "totalCurrentLiabilities": 942224000, "totalLiab": 1175080000, "commonStock": 191667000, "retainedEarnings": 397770000, "treasuryStock": -3855000, "capitalSurplus": 650390000, "otherStockholderEquity": -3855000, "totalStockholderEquity": 1235972000, "netTangibleAssets": 1235589000}, {"maxAge": 1, "endDate": "2018-03-31", "cash": 1103000, "netReceivables": 493286000, "inventory": 359733000, "otherCurrentAssets": 68256000, "totalCurrentAssets": 927779000, "longTermInvestments": 840000, "propertyPlantEquipment": 982053000, "intangibleAssets": 682000, "otherAssets": 449075000, "totalAssets": 2360429000, "accountsPayable": 294876000, "shortLongTermDebt": 154012000, "otherCurrentLiab": 27369000, "longTermDebt": 330326000, "otherLiab": 57868000, "totalCurrentLiabilities": 738181000, "totalLiab": 1126375000, "commonStock": 191667000, "retainedEarnings": 395463000, "treasuryStock": -3466000, "capitalSurplus": 650390000, "otherStockholderEquity": -3466000, "totalStockholderEquity": 1234054000, "netTangibleAssets": 1233372000}, {"maxAge": 1, "endDate": "2017-03-31", "cash": 1512000, "netReceivables": 382722000, "inventory": 503185000, "otherCurrentAssets": 225801000, "totalCurrentAssets": 1118122000, "longTermInvestments": 640000, "propertyPlantEquipment": 987359000, "intangibleAssets": 981000, "otherAssets": 481363000, "totalAssets": 2588465000, "accountsPayable": 343813000, "shortLongTermDebt": 155430000, "otherCurrentLiab": 24847000, "longTermDebt": 422530000, "otherLiab": 75791000, "totalCurrentLiabilities": 847424000, "totalLiab": 1345745000, "commonStock": 191667000, "retainedEarnings": 402873000, "treasuryStock": -2210000, "capitalSurplus": 650390000, "otherStockholderEquity": -2210000, "totalStockholderEquity": 1242720000, "netTangibleAssets": 1241739000}], "maxAge": 86400}, "earningsTrend": {"trend": [{"maxAge": 1, "period": "0q", "endDate": null, "growth": {}, "earningsEstimate": {"avg": 0.0, "low": 0.0, "high": 0.0, "yearAgoEps": {}, "numberOfAnalysts": 0, "growth": {}}, "revenueEstimate": {"avg": 0, "low": 0, "high": 0, "numberOfAnalysts": 0, "yearAgoRevenue": {}, "growth": {}}, "epsTrend": {"current": 0.0, "7daysAgo": 0.0, "30daysAgo": 0.0, "60daysAgo": 0.0, "90daysAgo": 0.0}, "epsRevisions": {"upLast7days": 0, "upLast30days": 0, "downLast30days": 0, "downLast90days": {}}}, {"maxAge": 1, "period": "+1q", "endDate": null, "growth": {}, "earningsEstimate": {"avg": 0.0, "low": 0.0, "high": 0.0, "yearAgoEps": {}, "numberOfAnalysts": 0, "growth": {}}, "revenueEstimate": {"avg": 0, "low": 0, "high": 0, "numberOfAnalysts": 0, "yearAgoRevenue": {}, "growth": {}}, "epsTrend": {"current": 0.0, "7daysAgo": 0.0, "30daysAgo": 0.0, "60daysAgo": 0.0, "90daysAgo": 0.0}, "epsRevisions": {"upLast7days": 0, "upLast30days": 0, "downLast30days": 0, "downLast90days": {}}}, {"maxAge": 1, "period": "0y", "endDate": null, "growth": {}, "earningsEstimate": {"avg": 0.0, "low": 0.0, "high": 0.0, "yearAgoEps": {}, "numberOfAnalysts": 0, "growth": {}}, "revenueEstimate": {"avg": 0, "low": 0, "high": 0, "numberOfAnalysts": 0, "yearAgoRevenue": {}, "growth": {}}, "epsTrend": {"current": 0.0, "7daysAgo": 0.0, "30daysAgo": 0.0, "60daysAgo": 0.0, "90daysAgo": 0.0}, "epsRevisions": {"upLast7days": 0, "upLast30days": 0, "downLast30days": 0, "downLast90days": {}}}, {"maxAge": 1, "period": "+1y", "endDate": null, "growth": {}, "earningsEstimate": {"avg": 0.0, "low": 0.0, "high": 0.0, "yearAgoEps": {}, "numberOfAnalysts": 0, "growth": {}}, "revenueEstimate": {"avg": 0, "low": 0, "high": 0, "numberOfAnalysts": 0, "yearAgoRevenue": {}, "growth": {}}, "epsTrend": {"current": 0.0, "7daysAgo": 0.0, "30daysAgo": 0.0, "60daysAgo": 0.0, "90daysAgo": 0.0}, "epsRevisions": {"upLast7days": 0, "upLast30days": 0, "downLast30days": 0, "downLast90days": {}}}, {"maxAge": 1, "period": "+5y", "endDate": null, "growth": {}, "earningsEstimate": {"avg": {}, "low": {}, "high": {}, "yearAgoEps": {}, "numberOfAnalysts": {}, "growth": {}}, "revenueEstimate": {"avg": {}, "low": {}, "high": {}, "numberOfAnalysts": {}, "yearAgoRevenue": {}, "growth": {}}, "epsTrend": {"current": {}, "7daysAgo": {}, "30daysAgo": {}, "60daysAgo": {}, "90daysAgo": {}}, "epsRevisions": {"upLast7days": {}, "upLast30days": {}, "downLast30days": {}, "downLast90days": {}}}, {"maxAge": 1, "period": "-5y", "endDate": null, "growth": {}, "earningsEstimate": {"avg": {}, "low": {}, "high": {}, "yearAgoEps": {}, "numberOfAnalysts": {}, "growth": {}}, "revenueEstimate": {"avg": {}, "low": {}, "high": {}, "numberOfAnalysts": {}, "yearAgoRevenue": {}, "growth": {}}, "epsTrend": {"current": {}, "7daysAgo": {}, "30daysAgo": {}, "60daysAgo": {}, "90daysAgo": {}}, "epsRevisions": {"upLast7days": {}, "upLast30days": {}, "downLast30days": {}, "downLast90days": {}}}], "maxAge": 1}, "financialData": {"maxAge": 86400, "currentPrice": 18.0, "targetHighPrice": 30.0, "targetLowPrice": 30.0, "targetMeanPrice": 30.0, "targetMedianPrice": 30.0, "recommendationKey": "none", "numberOfAnalystOpinions": 1, "grossProfits": 742342000, "financialCurrency": "INR"}}}