{"AMFL.BO": {"cashflowStatementHistory": {"cashflowStatements": [{"maxAge": 1, "endDate": "2020-03-31", "netIncome": 16630, "changeToLiabilities": 0}, {"maxAge": 1, "endDate": "2019-03-31", "netIncome": 126670, "changeToNetincome": -1, "changeToAccountReceivables": 3687420, "changeToLiabilities": 1932078, "changeToInventory": 3043393, "changeToOperatingActivities": -12615043, "totalCashFromOperatingActivities": -3825483, "netBorrowings": 3817048, "otherCashflowsFromFinancingActivities": 1, "totalCashFromFinancingActivities": 3817049, "changeInCash": -8434}, {"maxAge": 1, "endDate": "2018-03-31", "netIncome": 47093, "changeToNetincome": -1720527, "changeToAccountReceivables": -36749024, "changeToLiabilities": 10944984, "changeToInventory": 3043393, "changeToOperatingActivities": -36911619, "totalCashFromOperatingActivities": -64389093, "otherCashflowsFromInvestingActivities": -668160, "totalCashflowsFromInvestingActivities": -668160, "netBorrowings": -3492973, "otherCashflowsFromFinancingActivities": 1, "totalCashFromFinancingActivities": 63323027, "changeInCash": -1734227, "issuanceOfStock": 66816000}, {"maxAge": 1, "endDate": "2017-03-31", "netIncome": 4629111, "depreciation": 403777, "changeToNetincome": 6171174, "changeToAccountReceivables": -4868249, "changeToLiabilities": -27190996, "changeToInventory": -23102155, "changeToOperatingActivities": 2694994, "totalCashFromOperatingActivities": -41262344, "capitalExpenditures": -28892452, "otherCashflowsFromInvestingActivities": 683, "totalCashflowsFromInvestingActivities": -28891769, "netBorrowings": 26359416, "otherCashflowsFromFinancingActivities": -4103003, "totalCashFromFinancingActivities": 71339873, "changeInCash": 1185761, "issuanceOfStock": 49083460}], "maxAge": 86400}, "institutionOwnership": {"ownershipList": [], "maxAge": 1}, "balanceSheetHistoryQuarterly": {"balanceSheetStatements": [{"maxAge": 1, "endDate": "2020-03-31", "cash": 8716297, "netReceivables": 5429363, "inventory": 33442947, "otherCurrentAssets": 44525366, "totalCurrentAssets": 92113973, "propertyPlantEquipment": 32453927, "otherAssets": 93649617, "totalAssets": 218217517, "accountsPayable": 428266, "shortLongTermDebt": 2700000, "otherCurrentLiab": 4642360, "longTermDebt": 52820857, "otherLiab": 3117589, "totalCurrentLiabilities": 31664546, "totalLiab": 87602992, "commonStock": 128132050, "treasuryStock": 2482475, "otherStockholderEquity": 2482475, "totalStockholderEquity": 130614525, "netTangibleAssets": 130614525}, {"maxAge": 1, "endDate": "2019-12-31", "cash": 8716297, "netReceivables": 5429363, "inventory": 33442947, "otherCurrentAssets": 44525366, "totalCurrentAssets": 92113973, "propertyPlantEquipment": 32453927, "otherAssets": 93649617, "totalAssets": 218217517, "accountsPayable": 428266, "shortLongTermDebt": 2700000, "otherCurrentLiab": 4642360, "longTermDebt": 52820857, "otherLiab": 3117589, "totalCurrentLiabilities": 31664546, "totalLiab": 87602992, "commonStock": 128132050, "treasuryStock": 2482475, "otherStockholderEquity": 2482475, "totalStockholderEquity": 130614525, "netTangibleAssets": 130614525}, {"maxAge": 1, "endDate": "2019-09-30", "cash": 138612, "netReceivables": 37096999, "inventory": 50967133, "otherCurrentAssets": 52368040, "totalCurrentAssets": 140570784, "propertyPlantEquipment": 32453927, "otherAssets": 123580861, "totalAssets": 296605572, "accountsPayable": 74137000, "shortLongTermDebt": 2700000, "otherCurrentLiab": 2901588, "longTermDebt": 29875143, "otherLiab": 24212681, "totalCurrentLiabilities": 104365194, "totalLiab": 158453018, "commonStock": 128132050, "treasuryStock": 10020504, "otherStockholderEquity": 10020504, "totalStockholderEquity": 138152554, "netTangibleAssets": 138152554}, {"maxAge": 1, "endDate": "2019-06-30", "cash": 138612, "netReceivables": 37096999, "inventory": 50967133, "otherCurrentAssets": 52368040, "totalCurrentAssets": 140570784, "propertyPlantEquipment": 32453927, "otherAssets": 123580861, "totalAssets": 296605572, "accountsPayable": 74137000, "shortLongTermDebt": 2700000, "otherCurrentLiab": 2901588, "longTermDebt": 29875143, "otherLiab": 24212681, "totalCurrentLiabilities": 104365194, "totalLiab": 158453018, "commonStock": 128132050, "treasuryStock": 10020504, "otherStockholderEquity": 10020504, "totalStockholderEquity": 138152554, "netTangibleAssets": 138152554}], "maxAge": 86400}, "indexTrend": {"maxAge": 1, "symbol": "SP5", "peRatio": 19.7411, "pegRatio": 1.34172, "estimates": [{"period": "0q", "growth": 0.549}, {"period": "+1q", "growth": 0.431}, {"period": "0y", "growth": 0.305}, {"period": "+1y", "growth": 0.109}, {"period": "+5y", "growth": 0.120859005}, {"period": "-5y"}]}, "insiderTransactions": {"transactions": [{"maxAge": 1, "shares": 50348, "value": 775, "filerUrl": "", "transactionText": "Sale at price 0.02 per share.", "filerName": "Purveshbhai (Parikh zalak)", "filerRelation": "Promoter", "moneyText": "", "startDate": "2020-11-05", "ownership": "D"}, {"maxAge": 1, "shares": 111472, "value": 1794, "filerUrl": "", "transactionText": "Sale at price 0.02 per share.", "filerName": "Purveshbhai (Parikh zalak)", "filerRelation": "Promoter", "moneyText": "", "startDate": "2020-11-04", "ownership": "D"}, {"maxAge": 1, "shares": 50045, "value": 840, "filerUrl": "", "transactionText": "Sale at price 0.02 per share.", "filerName": "Purveshbhai (Parikh zalak)", "filerRelation": "Promoter", "moneyText": "", "startDate": "2020-11-03", "ownership": "D"}, {"maxAge": 1, "shares": 182366, "value": 3227, "filerUrl": "", "transactionText": "Sale at price 0.02 per share.", "filerName": "Purveshbhai (Parikh zalak)", "filerRelation": "Promoter", "moneyText": "", "startDate": "2020-11-02", "ownership": "D"}, {"maxAge": 1, "shares": 75142, "value": 1390, "filerUrl": "", "transactionText": "Sale at price 0.02 per share.", "filerName": "Purveshbhai (Parikh zalak)", "filerRelation": "Promoter", "moneyText": "", "startDate": "2020-10-30", "ownership": "D"}, {"maxAge": 1, "shares": 174871, "value": 3567, "filerUrl": "", "transactionText": "Sale at price 0.02 per share.", "filerName": "Purveshbhai (Parikh zalak)", "filerRelation": "Promoter", "moneyText": "", "startDate": "2020-10-28", "ownership": "D"}, {"maxAge": 1, "shares": 200000, "value": 4300, "filerUrl": "", "transactionText": "Sale at price 0.02 per share.", "filerName": "Purveshbhai (Parikh zalak)", "filerRelation": "Promoter", "moneyText": "", "startDate": "2020-10-27", "ownership": "D"}, {"maxAge": 1, "shares": 270000, "value": 5535, "filerUrl": "", "transactionText": "Sale at price 0.02 per share.", "filerName": "Purveshbhai (Parikh zalak)", "filerRelation": "Promoter", "moneyText": "", "startDate": "2020-10-26", "ownership": "D"}, {"maxAge": 1, "shares": 200000, "value": 3839, "filerUrl": "", "transactionText": "Sale at price 0.02 per share.", "filerName": "Purveshbhai (Parikh zalak)", "filerRelation": "Promoter", "moneyText": "", "startDate": "2020-10-23", "ownership": "D"}, {"maxAge": 1, "shares": 50000, "value": 940, "filerUrl": "", "transactionText": "Sale at price 0.02 per share.", "filerName": "Purveshbhai (Parikh zalak)", "filerRelation": "Promoter", "moneyText": "", "startDate": "2020-10-22", "ownership": "D"}, {"maxAge": 1, "shares": 25238, "value": 499, "filerUrl": "", "transactionText": "Sale at price 0.02 per share.", "filerName": "Purveshbhai (Parikh zalak)", "filerRelation": "Promoter", "moneyText": "", "startDate": "2020-10-21", "ownership": "D"}, {"maxAge": 1, "shares": 47495, "value": 987, "filerUrl": "", "transactionText": "Sale at price 0.02 per share.", "filerName": "Purveshbhai (Parikh zalak)", "filerRelation": "Promoter", "moneyText": "", "startDate": "2020-10-20", "ownership": "D"}, {"maxAge": 1, "shares": 17991, "value": 394, "filerUrl": "", "transactionText": "Sale at price 0.02 per share.", "filerName": "Purveshbhai (Parikh zalak)", "filerRelation": "Promoter", "moneyText": "", "startDate": "2020-10-19", "ownership": "D"}, {"maxAge": 1, "shares": 11630, "value": 267, "filerUrl": "", "transactionText": "Sale at price 0.02 per share.", "filerName": "Purveshbhai (Parikh zalak)", "filerRelation": "Promoter", "moneyText": "", "startDate": "2020-10-16", "ownership": "D"}, {"maxAge": 1, "shares": 92216, "value": 2222, "filerUrl": "", "transactionText": "Sale at price 0.02 per share.", "filerName": "Purveshbhai (Parikh zalak)", "filerRelation": "Promoter", "moneyText": "", "startDate": "2020-10-15", "ownership": "D"}, {"maxAge": 1, "shares": 11793, "filerUrl": "", "transactionText": "", "filerName": "Purveshbhai (Parikh zalak)", "filerRelation": "Promoter", "moneyText": "", "startDate": "2020-10-06", "ownership": "D"}, {"maxAge": 1, "shares": 5577, "filerUrl": "", "transactionText": "", "filerName": "Purveshbhai (Parikh zalak)", "filerRelation": "Promoter", "moneyText": "", "startDate": "2020-10-05", "ownership": "D"}, {"maxAge": 1, "shares": 12096, "filerUrl": "", "transactionText": "", "filerName": "Purveshbhai (Parikh zalak)", "filerRelation": "Promoter", "moneyText": "", "startDate": "2020-10-01", "ownership": "D"}, {"maxAge": 1, "shares": 6828, "value": 236, "filerUrl": "", "transactionText": "Sale at price 0.03 per share.", "filerName": "Purveshbhai (Parikh zalak)", "filerRelation": "Promoter", "moneyText": "", "startDate": "2020-09-30", "ownership": "D"}, {"maxAge": 1, "shares": 70741, "value": 2490, "filerUrl": "", "transactionText": "Sale at price 0.04 per share.", "filerName": "Purveshbhai (Parikh zalak)", "filerRelation": "Promoter", "moneyText": "", "startDate": "2020-09-29", "ownership": "D"}, {"maxAge": 1, "shares": 27745, "value": 996, "filerUrl": "", "transactionText": "Sale at price 0.04 per share.", "filerName": "Purveshbhai (Parikh zalak)", "filerRelation": "Promoter", "moneyText": "", "startDate": "2020-09-28", "ownership": "D"}, {"maxAge": 1, "shares": 232960, "filerUrl": "", "transactionText": "", "filerName": "Patel (Tejas Harshadbhai)", "filerRelation": "Promoter", "moneyText": "", "startDate": "2019-11-08", "ownership": "D"}, {"maxAge": 1, "shares": 100800, "filerUrl": "", "transactionText": "", "filerName": "Patel (Nandita Tejaskumar)", "filerRelation": "UNREPORTED", "moneyText": "", "startDate": "2019-11-06", "ownership": "D"}], "maxAge": 1}, "quoteType": {"exchange": "BSE", "quoteType": "EQUITY", "symbol": "AMFL.BO", "underlyingSymbol": "AMFL.BO", "shortName": "A & M Febcon Limited", "longName": "A & M Febcon Limited", "firstTradeDateEpochUtc": "2017-09-14 09:15:00", "timeZoneFullName": "Asia/Kolkata", "timeZoneShortName": "IST", "uuid": "c50e36b0-50d3-34d8-8ae0-ca010d6e1896", "gmtOffSetMilliseconds": 19800000, "maxAge": 1}, "incomeStatementHistory": {"incomeStatementHistory": [{"maxAge": 1, "endDate": "2020-03-31", "totalRevenue": 108250098, "costOfRevenue": 102819225, "grossProfit": 5430873, "researchDevelopment": {}, "sellingGeneralAdministrative": 60000, "nonRecurring": {}, "otherOperatingExpenses": 291781, "totalOperatingExpenses": 103171006, "operatingIncome": 5079092, "totalOtherIncomeExpenseNet": -5062462, "ebit": 5079092, "interestExpense": -5062462, "incomeBeforeTax": 16630, "incomeTaxExpense": 0, "minorityInterest": {}, "netIncomeFromContinuingOps": 16630, "discontinuedOperations": {}, "extraordinaryItems": {}, "effectOfAccountingCharges": {}, "otherItems": {}, "netIncome": 16630, "netIncomeApplicableToCommonShares": 16630}, {"maxAge": 1, "endDate": "2019-03-31", "totalRevenue": 3331000, "costOfRevenue": 3204330, "grossProfit": 126670, "researchDevelopment": {}, "sellingGeneralAdministrative": 60000, "nonRecurring": {}, "otherOperatingExpenses": 291781, "totalOperatingExpenses": 3204330, "operatingIncome": 126670, "totalOtherIncomeExpenseNet": 0, "ebit": 126670, "interestExpense": -5062462, "incomeBeforeTax": 126670, "incomeTaxExpense": 0, "minorityInterest": {}, "netIncomeFromContinuingOps": 126670, "discontinuedOperations": {}, "extraordinaryItems": {}, "effectOfAccountingCharges": {}, "otherItems": {}, "netIncome": 126670, "netIncomeApplicableToCommonShares": 126670}, {"maxAge": 1, "endDate": "2018-03-31", "totalRevenue": 35148780, "costOfRevenue": 35050480, "grossProfit": 98300, "researchDevelopment": {}, "sellingGeneralAdministrative": 60000, "nonRecurring": {}, "otherOperatingExpenses": 291781, "totalOperatingExpenses": 35050480, "operatingIncome": 98300, "totalOtherIncomeExpenseNet": -51207, "ebit": 98300, "interestExpense": -5062462, "incomeBeforeTax": 47093, "incomeTaxExpense": 0, "minorityInterest": {}, "netIncomeFromContinuingOps": 47093, "discontinuedOperations": {}, "extraordinaryItems": {}, "effectOfAccountingCharges": {}, "otherItems": {}, "netIncome": 47093, "netIncomeApplicableToCommonShares": 47093}, {"maxAge": 1, "endDate": "2017-03-31", "totalRevenue": 100110061, "costOfRevenue": 82191396, "grossProfit": 17918665, "researchDevelopment": {}, "sellingGeneralAdministrative": 4709853, "nonRecurring": {}, "otherOperatingExpenses": 1884492, "totalOperatingExpenses": 89355223, "operatingIncome": 10754838, "totalOtherIncomeExpenseNet": -3936703, "ebit": 10754838, "interestExpense": -3649110, "incomeBeforeTax": 6818135, "incomeTaxExpense": 2189024, "minorityInterest": {}, "netIncomeFromContinuingOps": 4629111, "discontinuedOperations": {}, "extraordinaryItems": {}, "effectOfAccountingCharges": {}, "otherItems": {}, "netIncome": 4629111, "netIncomeApplicableToCommonShares": 4629111}], "maxAge": 86400}, "fundOwnership": {"ownershipList": [], "maxAge": 1}, "summaryDetail": {"maxAge": 1, "priceHint": 4, "previousClose": 1.5, "open": 1.45, "dayLow": 1.43, "dayHigh": 1.5, "regularMarketPreviousClose": 1.5, "regularMarketOpen": 1.45, "regularMarketDayLow": 1.43, "regularMarketDayHigh": 1.5, "trailingPE": 1429.9999, "volume": 41601, "regularMarketVolume": 41601, "averageVolume": 86923, "averageVolume10days": 43170, "averageDailyVolume10Day": 43170, "bid": 0.0, "ask": 1.43, "bidSize": 0, "askSize": 0, "marketCap": 13087774, "fiftyTwoWeekLow": 1.09, "fiftyTwoWeekHigh": 22.0, "fiftyDayAverage": 2.0687878, "twoHundredDayAverage": 2.509853, "currency": "INR", "fromCurrency": null, "lastMarket": null, "algorithm": null, "tradeable": false}, "incomeStatementHistoryQuarterly": {"incomeStatementHistory": [{"maxAge": 1, "endDate": "2020-03-31", "totalRevenue": 67652365, "costOfRevenue": 62913884, "grossProfit": 4738481, "researchDevelopment": {}, "sellingGeneralAdministrative": 30000, "nonRecurring": {}, "otherOperatingExpenses": 51063, "totalOperatingExpenses": 62994947, "operatingIncome": 4657418, "totalOtherIncomeExpenseNet": -1064834, "ebit": 4657418, "interestExpense": -1064834, "incomeBeforeTax": 3592584, "incomeTaxExpense": 0, "minorityInterest": {}, "netIncomeFromContinuingOps": 3592584, "discontinuedOperations": {}, "extraordinaryItems": {}, "effectOfAccountingCharges": {}, "otherItems": {}, "netIncome": 3592584, "netIncomeApplicableToCommonShares": 3592584}, {"maxAge": 1, "endDate": "2019-12-31", "totalRevenue": 2422549, "costOfRevenue": 6270613, "grossProfit": -3848063, "researchDevelopment": {}, "sellingGeneralAdministrative": 30000, "nonRecurring": {}, "otherOperatingExpenses": 50391, "totalOperatingExpenses": 6351003, "operatingIncome": -3928454, "totalOtherIncomeExpenseNet": -1167731, "ebit": -3928454, "interestExpense": -1167731, "incomeBeforeTax": -5096185, "incomeTaxExpense": -1327000, "minorityInterest": {}, "netIncomeFromContinuingOps": -3769185, "discontinuedOperations": {}, "extraordinaryItems": {}, "effectOfAccountingCharges": {}, "otherItems": {}, "netIncome": -3769185, "netIncomeApplicableToCommonShares": -3769185}, {"maxAge": 1, "endDate": "2019-09-30", "totalRevenue": 51702500, "costOfRevenue": 45139000, "grossProfit": 6563500, "researchDevelopment": {}, "sellingGeneralAdministrative": 30000, "nonRecurring": {}, "otherOperatingExpenses": 95500, "totalOperatingExpenses": 45234500, "operatingIncome": 6468000, "totalOtherIncomeExpenseNet": -1363500, "ebit": 6468000, "interestExpense": -1363500, "incomeBeforeTax": 5104500, "incomeTaxExpense": 1327000, "minorityInterest": {}, "netIncomeFromContinuingOps": 3777500, "discontinuedOperations": {}, "extraordinaryItems": {}, "effectOfAccountingCharges": {}, "otherItems": {}, "netIncome": 3777500, "netIncomeApplicableToCommonShares": 3777500}, {"maxAge": 1, "endDate": "2019-06-30", "totalRevenue": 51702500, "costOfRevenue": 45139000, "grossProfit": 6563500, "researchDevelopment": {}, "sellingGeneralAdministrative": 30000, "nonRecurring": {}, "otherOperatingExpenses": 95500, "totalOperatingExpenses": 45234500, "operatingIncome": 6468000, "totalOtherIncomeExpenseNet": -1363500, "ebit": 6468000, "interestExpense": -1363500, "incomeBeforeTax": 5104500, "incomeTaxExpense": 1327000, "minorityInterest": {}, "netIncomeFromContinuingOps": 3777500, "discontinuedOperations": {}, "extraordinaryItems": {}, "effectOfAccountingCharges": {}, "otherItems": {}, "netIncome": 3777500, "netIncomeApplicableToCommonShares": 3777500}], "maxAge": 86400}, "cashflowStatementHistoryQuarterly": {"cashflowStatements": [{"maxAge": 1, "endDate": "2020-03-31", "netIncome": 3592584, "changeToLiabilities": 0}, {"maxAge": 1, "endDate": "2019-12-31", "netIncome": -3769185, "changeToLiabilities": 0}, {"maxAge": 1, "endDate": "2019-09-30", "netIncome": 3777500, "changeToNetincome": 1363330, "changeToAccountReceivables": -18548500, "changeToLiabilities": 41941136, "changeToInventory": -6311000, "changeToOperatingActivities": -21905988, "totalCashFromOperatingActivities": 316478, "totalCashflowsFromInvestingActivities": -363372, "netBorrowings": 1386116, "otherCashflowsFromFinancingActivities": -1363500, "totalCashFromFinancingActivities": 22616, "changeInCash": -24278}, {"maxAge": 1, "endDate": "2019-06-30", "netIncome": 3777500, "changeToNetincome": 1363330, "changeToAccountReceivables": -18548500, "changeToLiabilities": 41941136, "changeToInventory": -6311000, "changeToOperatingActivities": -21905988, "totalCashFromOperatingActivities": 316478, "totalCashflowsFromInvestingActivities": -363372, "netBorrowings": 1386116, "otherCashflowsFromFinancingActivities": -1363500, "totalCashFromFinancingActivities": 22616, "changeInCash": -24278}], "maxAge": 86400}, "insiderHolders": {"holders": [{"maxAge": 1, "name": "Patel (Nandita Tejaskumar)", "relation": "UNREPORTED", "url": "", "transactionDescription": "Acquisition", "latestTransDate": "2019-11-06", "positionDirect": 100800, "positionDirectDate": "2019-11-06"}, {"maxAge": 1, "name": "Patel (Tejas Harshadbhai)", "relation": "Promoter", "url": "", "transactionDescription": "Acquisition", "latestTransDate": "2019-11-08", "positionDirect": 632800, "positionDirectDate": "2019-11-08"}, {"maxAge": 1, "name": "Purveshbhai (Parikh zalak)", "relation": "Promoter", "url": "", "transactionDescription": "Sale", "latestTransDate": "2020-11-05", "positionDirect": 206031, "positionDirectDate": "2020-11-05"}], "maxAge": 1}, "calendarEvents": {"maxAge": 1, "earnings": {"earningsDate": []}}, "upgradeDowngradeHistory": {"history": [], "maxAge": 86400}, "price": {"maxAge": 1, "regularMarketChangePercent": -0.046666697, "regularMarketChange": -0.07000005, "regularMarketTime": "2021-04-30 15:29:15", "priceHint": 4, "regularMarketPrice": 1.43, "regularMarketDayHigh": 1.5, "regularMarketDayLow": 1.43, "regularMarketVolume": 41601, "averageDailyVolume10Day": 43170, "averageDailyVolume3Month": 86923, "regularMarketPreviousClose": 1.5, "regularMarketSource": "FREE_REALTIME", "regularMarketOpen": 1.45, "exchange": "BSE", "exchangeName": "BSE", "exchangeDataDelayedBy": 0, "marketState": "CLOSED", "quoteType": "EQUITY", "symbol": "AMFL.BO", "underlyingSymbol": null, "shortName": "A & M Febcon Limited", "longName": "A & M Febcon Limited", "currency": "INR", "quoteSourceName": "Delayed Quote", "currencySymbol": "\u20b9", "fromCurrency": null, "lastMarket": null, "marketCap": 13087774}, "balanceSheetHistory": {"balanceSheetStatements": [{"maxAge": 1, "endDate": "2020-03-31", "cash": 8716297, "netReceivables": 5429363, "inventory": 33442947, "otherCurrentAssets": 44525366, "totalCurrentAssets": 92113973, "propertyPlantEquipment": 32453927, "otherAssets": 93649617, "totalAssets": 218217517, "accountsPayable": 428266, "shortLongTermDebt": 2700000, "otherCurrentLiab": 4642360, "longTermDebt": 52820857, "otherLiab": 3117589, "totalCurrentLiabilities": 31664546, "totalLiab": 87602992, "commonStock": 128132050, "treasuryStock": 2482475, "otherStockholderEquity": 2482475, "totalStockholderEquity": 130614525, "netTangibleAssets": 130614525}, {"maxAge": 1, "endDate": "2019-03-31", "cash": 187169, "netReceivables": 23379580, "inventory": 38345133, "otherCurrentAssets": 36252279, "totalCurrentAssets": 98164161, "propertyPlantEquipment": 32453927, "otherAssets": 69855037, "totalAssets": 200473125, "accountsPayable": 1907078, "shortLongTermDebt": 2700000, "otherCurrentLiab": 1074371, "longTermDebt": 27102912, "otherLiab": 11510332, "totalCurrentLiabilities": 31261986, "totalLiab": 69875230, "commonStock": 91522890, "retainedEarnings": 5698435, "capitalSurplus": 33376570, "totalStockholderEquity": 130597895, "netTangibleAssets": 130597895}, {"maxAge": 1, "endDate": "2018-03-31", "cash": 195603, "netReceivables": 88390923, "inventory": 41388526, "otherCurrentAssets": 31267363, "totalCurrentAssets": 161242415, "propertyPlantEquipment": 32453927, "otherAssets": 668159, "totalAssets": 194364501, "accountsPayable": 10944984, "shortLongTermDebt": 2700000, "otherCurrentLiab": 1068732, "longTermDebt": 21329540, "otherLiab": 540347, "totalCurrentLiabilities": 42023389, "totalLiab": 63893276, "commonStock": 91522890, "retainedEarnings": 5571765, "capitalSurplus": 33376570, "totalStockholderEquity": 130471225, "netTangibleAssets": 130471225}, {"maxAge": 1, "endDate": "2017-03-31", "cash": 1929829, "netReceivables": 45704019, "inventory": 41388526, "otherCurrentAssets": 44891, "totalCurrentAssets": 89067265, "propertyPlantEquipment": 32453927, "totalAssets": 121521192, "shortLongTermDebt": 2025000, "otherCurrentLiab": 3205527, "longTermDebt": 26198737, "otherLiab": 540347, "totalCurrentLiabilities": 31173976, "totalLiab": 57913060, "commonStock": 36268590, "retainedEarnings": 5524672, "capitalSurplus": 21814870, "totalStockholderEquity": 63608132, "netTangibleAssets": 63608132}], "maxAge": 86400}, "financialData": {"maxAge": 86400, "currentPrice": 1.43, "recommendationKey": "none", "grossProfits": 5430873, "financialCurrency": "INR"}}}