{"AMJLAND.BO": {"recommendationTrend": {"trend": [{"period": "0m", "strongBuy": 0, "buy": 0, "hold": 0, "sell": 0, "strongSell": 0}, {"period": "-1m", "strongBuy": 0, "buy": 0, "hold": 0, "sell": 0, "strongSell": 0}, {"period": "-2m", "strongBuy": 0, "buy": 0, "hold": 0, "sell": 0, "strongSell": 0}, {"period": "-3m", "strongBuy": 0, "buy": 0, "hold": 0, "sell": 0, "strongSell": 0}], "maxAge": 86400}, "cashflowStatementHistory": {"cashflowStatements": [{"maxAge": 1, "endDate": "2020-03-31", "netIncome": 98047000, "depreciation": 18762000, "changeToNetincome": -144212000, "changeToAccountReceivables": 11446000, "changeToLiabilities": -42000, "changeToInventory": -115902000, "changeToOperatingActivities": 36293000, "totalCashFromOperatingActivities": -95608000, "capitalExpenditures": -408000, "investments": -114790000, "otherCashflowsFromInvestingActivities": 30546000, "totalCashflowsFromInvestingActivities": 78460000, "dividendsPaid": -20500000, "netBorrowings": 74628000, "otherCashflowsFromFinancingActivities": -4390000, "totalCashFromFinancingActivities": 49738000, "changeInCash": 32591000}, {"maxAge": 1, "endDate": "2019-03-31", "netIncome": 43941000, "depreciation": 18909000, "changeToNetincome": -13362000, "changeToAccountReceivables": 51993000, "changeToLiabilities": -5877000, "changeToInventory": 23814000, "changeToOperatingActivities": -23271000, "totalCashFromOperatingActivities": 96147000, "capitalExpenditures": -8420000, "investments": 64450000, "otherCashflowsFromInvestingActivities": 28767000, "totalCashflowsFromInvestingActivities": -52342000, "dividendsPaid": -8200000, "netBorrowings": -42604000, "otherCashflowsFromFinancingActivities": -1937000, "totalCashFromFinancingActivities": -52741000, "changeInCash": -8936000}, {"maxAge": 1, "endDate": "2018-03-31", "netIncome": 33332000, "depreciation": 18741000, "changeToNetincome": -25634000, "changeToAccountReceivables": -46257000, "changeToLiabilities": -11884000, "changeToInventory": 59297000, "changeToOperatingActivities": 578000, "totalCashFromOperatingActivities": 28173000, "capitalExpenditures": -7134000, "investments": -41196000, "otherCashflowsFromInvestingActivities": 16139000, "totalCashflowsFromInvestingActivities": 1584000, "dividendsPaid": -8200000, "netBorrowings": -25549000, "otherCashflowsFromFinancingActivities": -2721000, "totalCashFromFinancingActivities": -36470000, "changeInCash": -6713000}, {"maxAge": 1, "endDate": "2017-03-31", "netIncome": 68609000, "depreciation": 18725000, "changeToNetincome": -66249000, "changeToAccountReceivables": -7663000, "changeToLiabilities": -14823000, "changeToInventory": 35972000, "changeToOperatingActivities": 47784000, "totalCashFromOperatingActivities": 82355000, "capitalExpenditures": -37358000, "investments": -54624000, "otherCashflowsFromInvestingActivities": 39605000, "totalCashflowsFromInvestingActivities": -43426000, "dividendsPaid": -8200000, "netBorrowings": -14171000, "otherCashflowsFromFinancingActivities": -6030000, "totalCashFromFinancingActivities": -28401000, "changeInCash": 10527000}], "maxAge": 86400}, "institutionOwnership": {"maxAge": 1, "ownershipList": []}, "balanceSheetHistoryQuarterly": {"balanceSheetStatements": [{"maxAge": 1, "endDate": "2020-06-30", "totalStockholderEquity": 1020569000, "netTangibleAssets": 1020569000}, {"maxAge": 1, "endDate": "2020-03-31", "cash": 63700000, "shortTermInvestments": 1200000, "netReceivables": 249710000, "inventory": 333171000, "otherCurrentAssets": 28300000, "totalCurrentAssets": 808414000, "longTermInvestments": 103965000, "propertyPlantEquipment": 216807000, "otherAssets": 114639000, "totalAssets": 1243825000, "accountsPayable": 11358000, "otherCurrentLiab": 55665000, "longTermDebt": 75573000, "otherLiab": 33355000, "totalCurrentLiabilities": 114328000, "totalLiab": 223256000, "commonStock": 82000000, "retainedEarnings": 627469000, "treasuryStock": 157350000, "capitalSurplus": 153750000, "otherStockholderEquity": 157350000, "totalStockholderEquity": 1020569000, "netTangibleAssets": 1020569000}, {"maxAge": 1, "endDate": "2019-12-31", "totalStockholderEquity": 1015516000, "netTangibleAssets": 1015516000}, {"maxAge": 1, "endDate": "2019-09-30", "cash": 44582000, "shortTermInvestments": 95078000, "netReceivables": 229512000, "inventory": 314655000, "otherCurrentAssets": 43530000, "totalCurrentAssets": 727357000, "longTermInvestments": 136399000, "propertyPlantEquipment": 223007000, "otherAssets": 114176000, "totalAssets": 1200939000, "accountsPayable": 4461000, "otherCurrentLiab": 86483000, "longTermDebt": 49051000, "otherLiab": 42531000, "totalCurrentLiabilities": 93841000, "totalLiab": 185423000, "commonStock": 82000000, "treasuryStock": 933516000, "otherStockholderEquity": 933516000, "totalStockholderEquity": 1015516000, "netTangibleAssets": 1015516000}], "maxAge": 86400}, "earningsHistory": {"history": [{"maxAge": 1, "epsActual": {}, "epsEstimate": {}, "epsDifference": {}, "surprisePercent": {}, "quarter": {}, "period": "-4q"}, {"maxAge": 1, "epsActual": {}, "epsEstimate": {}, "epsDifference": {}, "surprisePercent": {}, "quarter": {}, "period": "-3q"}, {"maxAge": 1, "epsActual": {}, "epsEstimate": {}, "epsDifference": {}, "surprisePercent": {}, "quarter": {}, "period": "-2q"}, {"maxAge": 1, "epsActual": {}, "epsEstimate": {}, "epsDifference": {}, "surprisePercent": {}, "quarter": {}, "period": "-1q"}], "maxAge": 86400}, "indexTrend": {"maxAge": 1, "symbol": "SP5", "peRatio": 19.7411, "pegRatio": 1.34172, "estimates": [{"period": "0q", "growth": 0.549}, {"period": "+1q", "growth": 0.431}, {"period": "0y", "growth": 0.305}, {"period": "+1y", "growth": 0.109}, {"period": "+5y", "growth": 0.120865}, {"period": "-5y"}]}, "industryTrend": {"maxAge": 1, "symbol": null, "estimates": []}, "insiderTransactions": {"transactions": [{"maxAge": 1, "shares": 1307, "value": 319, "filerUrl": "", "transactionText": "Acquisition at price 0.24 per share.", "filerName": "Thacker & Co. Ltd.", "filerRelation": "Promoter", "moneyText": "", "startDate": "2020-09-29", "ownership": "D"}, {"maxAge": 1, "shares": 204, "value": 50, "filerUrl": "", "transactionText": "Acquisition at price 0.25 per share.", "filerName": "Thacker & Co. Ltd.", "filerRelation": "Promoter", "moneyText": "", "startDate": "2020-09-25", "ownership": "D"}, {"maxAge": 1, "shares": 4770, "value": 1164, "filerUrl": "", "transactionText": "Acquisition at price 0.24 per share.", "filerName": "Thacker & Co. Ltd.", "filerRelation": "Promoter", "moneyText": "", "startDate": "2020-09-24", "ownership": "D"}, {"maxAge": 1, "shares": 5814, "value": 1425, "filerUrl": "", "transactionText": "Acquisition at price 0.25 per share.", "filerName": "Thacker & Co. Ltd.", "filerRelation": "Promoter", "moneyText": "", "startDate": "2020-09-23", "ownership": "D"}, {"maxAge": 1, "shares": 7728, "value": 1888, "filerUrl": "", "transactionText": "Acquisition at price 0.24 per share.", "filerName": "Thacker & Co. Ltd.", "filerRelation": "Promoter", "moneyText": "", "startDate": "2020-09-22", "ownership": "D"}, {"maxAge": 1, "shares": 8367, "value": 2039, "filerUrl": "", "transactionText": "Acquisition at price 0.24 per share.", "filerName": "Thacker & Co. Ltd.", "filerRelation": "Promoter", "moneyText": "", "startDate": "2020-09-21", "ownership": "D"}, {"maxAge": 1, "shares": 1209, "value": 296, "filerUrl": "", "transactionText": "Acquisition at price 0.25 per share.", "filerName": "Thacker & Co. Ltd.", "filerRelation": "Promoter", "moneyText": "", "startDate": "2020-09-18", "ownership": "D"}, {"maxAge": 1, "shares": 5531, "value": 1355, "filerUrl": "", "transactionText": "Acquisition at price 0.25 per share.", "filerName": "Thacker & Co. Ltd.", "filerRelation": "Promoter", "moneyText": "", "startDate": "2020-09-17", "ownership": "D"}, {"maxAge": 1, "shares": 16141, "value": 3964, "filerUrl": "", "transactionText": "Acquisition at price 0.25 per share.", "filerName": "Thacker & Co. Ltd.", "filerRelation": "Promoter", "moneyText": "", "startDate": "2020-09-14", "ownership": "D"}, {"maxAge": 1, "shares": 4624, "value": 1135, "filerUrl": "", "transactionText": "Acquisition at price 0.25 per share.", "filerName": "Thacker & Co. Ltd.", "filerRelation": "Promoter", "moneyText": "", "startDate": "2020-09-11", "ownership": "D"}, {"maxAge": 1, "shares": 2268, "value": 557, "filerUrl": "", "transactionText": "Acquisition at price 0.25 per share.", "filerName": "Thacker & Co. Ltd.", "filerRelation": "Promoter", "moneyText": "", "startDate": "2020-09-10", "ownership": "D"}, {"maxAge": 1, "shares": 8891, "value": 2159, "filerUrl": "", "transactionText": "Acquisition at price 0.24 per share.", "filerName": "Thacker & Co. Ltd.", "filerRelation": "Promoter", "moneyText": "", "startDate": "2020-09-09", "ownership": "D"}, {"maxAge": 1, "shares": 1528, "value": 376, "filerUrl": "", "transactionText": "Acquisition at price 0.25 per share.", "filerName": "Thacker & Co. Ltd.", "filerRelation": "Promoter", "moneyText": "", "startDate": "2020-09-08", "ownership": "D"}, {"maxAge": 1, "shares": 6936, "value": 1702, "filerUrl": "", "transactionText": "Acquisition at price 0.25 per share.", "filerName": "Thacker & Co. Ltd.", "filerRelation": "Promoter", "moneyText": "", "startDate": "2020-09-07", "ownership": "D"}, {"maxAge": 1, "shares": 6506, "value": 1598, "filerUrl": "", "transactionText": "Acquisition at price 0.25 per share.", "filerName": "Thacker & Co. Ltd.", "filerRelation": "Promoter", "moneyText": "", "startDate": "2020-09-04", "ownership": "D"}, {"maxAge": 1, "shares": 2287, "value": 572, "filerUrl": "", "transactionText": "Acquisition at price 0.25 per share.", "filerName": "Thacker & Co. Ltd.", "filerRelation": "Promoter", "moneyText": "", "startDate": "2020-09-03", "ownership": "D"}, {"maxAge": 1, "shares": 67059, "filerUrl": "", "transactionText": "", "filerName": "Jajodia (Gautam Nandkishore)", "filerRelation": "UNREPORTED", "moneyText": "", "startDate": "2019-02-25", "ownership": "D"}, {"maxAge": 1, "shares": 500000, "filerUrl": "", "transactionText": "", "filerName": "Jatia (Vasudha)", "filerRelation": "Promoter", "moneyText": "", "startDate": "2019-02-15", "ownership": "D"}, {"maxAge": 1, "shares": 500000, "filerUrl": "", "transactionText": "", "filerName": "Vasudha Jatia Trust", "filerRelation": "Promoter", "moneyText": "", "startDate": "2019-02-15", "ownership": "D"}, {"maxAge": 1, "shares": 500000, "filerUrl": "", "transactionText": "", "filerName": "Jatia (Vrinda)", "filerRelation": "Promoter", "moneyText": "", "startDate": "2019-02-15", "ownership": "D"}, {"maxAge": 1, "shares": 500000, "filerUrl": "", "transactionText": "", "filerName": "Vrinda Jatia Trust", "filerRelation": "Promoter", "moneyText": "", "startDate": "2019-02-15", "ownership": "D"}], "maxAge": 1}, "quoteType": {"exchange": "BSE", "quoteType": "EQUITY", "symbol": "AMJLAND.BO", "underlyingSymbol": "AMJLAND.BO", "shortName": "AMJ LAND HOLDINGS LIMITED", "longName": "AMJ Land Holdings Limited", "firstTradeDateEpochUtc": "2000-04-18 09:15:00", "timeZoneFullName": "Asia/Kolkata", "timeZoneShortName": "IST", "uuid": "b38867b5-3d37-32b1-8b99-354605f0a539", "messageBoardId": null, "gmtOffSetMilliseconds": 19800000, "maxAge": 1}, "incomeStatementHistory": {"incomeStatementHistory": [{"maxAge": 1, "endDate": "2020-03-31", "totalRevenue": 202137000, "costOfRevenue": 89206000, "grossProfit": 112931000, "researchDevelopment": {}, "sellingGeneralAdministrative": 15856000, "nonRecurring": {}, "otherOperatingExpenses": 57736000, "totalOperatingExpenses": 181264000, "operatingIncome": 20873000, "totalOtherIncomeExpenseNet": 89015000, "ebit": 20873000, "interestExpense": -156000, "incomeBeforeTax": 109888000, "incomeTaxExpense": 11841000, "minorityInterest": {}, "netIncomeFromContinuingOps": 98047000, "discontinuedOperations": {}, "extraordinaryItems": {}, "effectOfAccountingCharges": {}, "otherItems": {}, "netIncome": 98047000, "netIncomeApplicableToCommonShares": 98047000}, {"maxAge": 1, "endDate": "2019-03-31", "totalRevenue": 237954000, "costOfRevenue": 97239000, "grossProfit": 140715000, "researchDevelopment": {}, "sellingGeneralAdministrative": 27299000, "nonRecurring": {}, "otherOperatingExpenses": 19074000, "totalOperatingExpenses": 162097000, "operatingIncome": 75857000, "totalOtherIncomeExpenseNet": -8680000, "ebit": 75857000, "interestExpense": -783000, "incomeBeforeTax": 67177000, "incomeTaxExpense": 23236000, "minorityInterest": {}, "netIncomeFromContinuingOps": 43941000, "discontinuedOperations": {}, "extraordinaryItems": {}, "effectOfAccountingCharges": {}, "otherItems": {}, "netIncome": 43941000, "netIncomeApplicableToCommonShares": 43941000}, {"maxAge": 1, "endDate": "2018-03-31", "totalRevenue": 299539000, "costOfRevenue": 171709000, "grossProfit": 127830000, "researchDevelopment": {}, "sellingGeneralAdministrative": 39460000, "nonRecurring": {}, "otherOperatingExpenses": 20607000, "totalOperatingExpenses": 250156000, "operatingIncome": 49383000, "totalOtherIncomeExpenseNet": -3249000, "ebit": 49383000, "interestExpense": -1765000, "incomeBeforeTax": 46134000, "incomeTaxExpense": 12802000, "minorityInterest": {}, "netIncomeFromContinuingOps": 33332000, "discontinuedOperations": {}, "extraordinaryItems": {}, "effectOfAccountingCharges": {}, "otherItems": {}, "netIncome": 33332000, "netIncomeApplicableToCommonShares": 33332000}, {"maxAge": 1, "endDate": "2017-03-31", "totalRevenue": 300358000, "costOfRevenue": 140410000, "grossProfit": 159948000, "researchDevelopment": {}, "sellingGeneralAdministrative": 38616000, "nonRecurring": {}, "otherOperatingExpenses": 18351000, "totalOperatingExpenses": 216102000, "operatingIncome": 84256000, "totalOtherIncomeExpenseNet": -19032000, "ebit": 84256000, "interestExpense": -4917000, "incomeBeforeTax": 65224000, "incomeTaxExpense": -3385000, "minorityInterest": {}, "netIncomeFromContinuingOps": 68609000, "discontinuedOperations": {}, "extraordinaryItems": {}, "effectOfAccountingCharges": {}, "otherItems": {}, "netIncome": 68609000, "netIncomeApplicableToCommonShares": 68609000}], "maxAge": 86400}, "fundOwnership": {"maxAge": 1, "ownershipList": []}, "summaryDetail": {"maxAge": 1, "priceHint": 2, "previousClose": 23.05, "open": 26.7, "dayLow": 23.0, "dayHigh": 26.8, "regularMarketPreviousClose": 23.05, "regularMarketOpen": 26.7, "regularMarketDayLow": 23.0, "regularMarketDayHigh": 26.8, "trailingPE": 10.364087, "volume": 6906, "regularMarketVolume": 6906, "averageVolume": 6172, "averageVolume10days": 3852, "averageDailyVolume10Day": 3852, "bid": 23.85, "ask": 25.1, "bidSize": 0, "askSize": 0, "marketCap": 1027049984, "fiftyTwoWeekLow": 13.1, "fiftyTwoWeekHigh": 31.2, "fiftyDayAverage": 26.411428, "twoHundredDayAverage": 22.421167, "trailingAnnualDividendRate": 0.2, "trailingAnnualDividendYield": 0.00867679, "currency": "INR", "fromCurrency": null, "toCurrency": null, "lastMarket": null, "algorithm": null, "tradeable": false}, "sectorTrend": {"maxAge": 1, "symbol": null, "estimates": []}, "incomeStatementHistoryQuarterly": {"incomeStatementHistory": [{"maxAge": 1, "endDate": "2020-06-30", "totalRevenue": 18737000, "costOfRevenue": 0, "grossProfit": 18737000, "researchDevelopment": {}, "sellingGeneralAdministrative": 5545000, "nonRecurring": {}, "otherOperatingExpenses": 3692000, "totalOperatingExpenses": 13852000, "operatingIncome": 4885000, "totalOtherIncomeExpenseNet": -1614000, "ebit": 4885000, "interestExpense": -3000, "incomeBeforeTax": 3271000, "incomeTaxExpense": 880000, "minorityInterest": {}, "netIncomeFromContinuingOps": 2391000, "discontinuedOperations": {}, "extraordinaryItems": {}, "effectOfAccountingCharges": {}, "otherItems": {}, "netIncome": 2391000, "netIncomeApplicableToCommonShares": 2391000}, {"maxAge": 1, "endDate": "2020-03-31", "totalRevenue": 30964000, "costOfRevenue": 49099000, "grossProfit": -18135000, "researchDevelopment": {}, "sellingGeneralAdministrative": 3337000, "nonRecurring": {}, "otherOperatingExpenses": 13771000, "totalOperatingExpenses": 70821000, "operatingIncome": -39857000, "totalOtherIncomeExpenseNet": 85969000, "ebit": -39857000, "interestExpense": -3000, "incomeBeforeTax": 46112000, "incomeTaxExpense": 543000, "minorityInterest": {}, "netIncomeFromContinuingOps": 45569000, "discontinuedOperations": {}, "extraordinaryItems": {}, "effectOfAccountingCharges": {}, "otherItems": {}, "netIncome": 45569000, "netIncomeApplicableToCommonShares": 45569000}, {"maxAge": 1, "endDate": "2019-12-31", "totalRevenue": 82688000, "costOfRevenue": 15530000, "grossProfit": 67158000, "researchDevelopment": {}, "sellingGeneralAdministrative": 4318000, "nonRecurring": {}, "otherOperatingExpenses": 17402000, "totalOperatingExpenses": 41864000, "operatingIncome": 40824000, "totalOtherIncomeExpenseNet": 7880000, "ebit": 40824000, "interestExpense": -33000, "incomeBeforeTax": 48704000, "incomeTaxExpense": 8612000, "minorityInterest": {}, "netIncomeFromContinuingOps": 40092000, "discontinuedOperations": {}, "extraordinaryItems": {}, "effectOfAccountingCharges": {}, "otherItems": {}, "netIncome": 40092000, "netIncomeApplicableToCommonShares": 40092000}, {"maxAge": 1, "endDate": "2019-09-30", "totalRevenue": 44717000, "costOfRevenue": 7933000, "grossProfit": 36784000, "researchDevelopment": {}, "sellingGeneralAdministrative": 4018000, "nonRecurring": {}, "otherOperatingExpenses": 13341000, "totalOperatingExpenses": 29912000, "operatingIncome": 14805000, "totalOtherIncomeExpenseNet": -1955000, "ebit": 14805000, "interestExpense": -54000, "incomeBeforeTax": 12850000, "incomeTaxExpense": 1243000, "minorityInterest": {}, "netIncomeFromContinuingOps": 11607000, "discontinuedOperations": {}, "extraordinaryItems": {}, "effectOfAccountingCharges": {}, "otherItems": {}, "netIncome": 11607000, "netIncomeApplicableToCommonShares": 11607000}], "maxAge": 86400}, "cashflowStatementHistoryQuarterly": {"cashflowStatements": [{"maxAge": 1, "endDate": "2020-06-30", "netIncome": 2391000, "changeToLiabilities": 0}, {"maxAge": 1, "endDate": "2020-03-31", "netIncome": 45569000, "changeToLiabilities": 0}, {"maxAge": 1, "endDate": "2019-12-31", "netIncome": 40092000, "changeToLiabilities": 0}, {"maxAge": 1, "endDate": "2019-09-30", "netIncome": 11607000, "changeToLiabilities": 0}], "maxAge": 86400}, "insiderHolders": {"holders": [{"maxAge": 1, "name": "Jajodia (Gautam Nandkishore)", "relation": "UNREPORTED", "url": "", "transactionDescription": "Purchase", "latestTransDate": "2019-02-25", "positionDirect": 67059, "positionDirectDate": "2019-02-25"}, {"maxAge": 1, "name": "Jatia (Vasudha)", "relation": "Promoter", "url": "", "transactionDescription": "Sale", "latestTransDate": "2019-02-15", "positionDirect": 0, "positionDirectDate": "2019-02-15"}, {"maxAge": 1, "name": "Jatia (Vrinda)", "relation": "Promoter", "url": "", "transactionDescription": "Sale", "latestTransDate": "2019-02-15", "positionDirect": 0, "positionDirectDate": "2019-02-15"}, {"maxAge": 1, "name": "Thacker & Co. Ltd.", "relation": "Promoter", "url": "", "transactionDescription": "Acquisition", "latestTransDate": "2020-09-29", "positionDirect": 6452364, "positionDirectDate": "2020-09-29"}, {"maxAge": 1, "name": "Vasudha Jatia Trust", "relation": "Promoter", "url": "", "transactionDescription": "Purchase", "latestTransDate": "2019-02-15", "positionDirect": 500000, "positionDirectDate": "2019-02-15"}, {"maxAge": 1, "name": "Vrinda Jatia Trust", "relation": "Promoter", "url": "", "transactionDescription": "Purchase", "latestTransDate": "2019-02-15", "positionDirect": 500000, "positionDirectDate": "2019-02-15"}], "maxAge": 1}, "earnings": {"maxAge": 86400, "earningsChart": {"quarterly": [], "earningsDate": ["2020-08-05 05:30:S"]}, "financialsChart": {"yearly": [{"date": 2017, "revenue": 300358000, "earnings": 68609000}, {"date": 2018, "revenue": 299539000, "earnings": 33332000}, {"date": 2019, "revenue": 237954000, "earnings": 43941000}, {"date": 2020, "revenue": 202137000, "earnings": 98047000}], "quarterly": [{"date": "3Q2019", "revenue": 44717000, "earnings": 11607000}, {"date": "4Q2019", "revenue": 82688000, "earnings": 40092000}, {"date": "1Q2020", "revenue": 30964000, "earnings": 45569000}, {"date": "2Q2020", "revenue": 18737000, "earnings": 2391000}]}, "financialCurrency": "INR"}, "calendarEvents": {"maxAge": 1, "earnings": {"earningsDate": ["2020-08-05 05:30:S"]}}, "price": {"maxAge": 1, "regularMarketChangePercent": 0.08676789, "regularMarketChange": 2.0, "regularMarketTime": "2021-04-30 15:04:47", "priceHint": 2, "regularMarketPrice": 25.05, "regularMarketDayHigh": 26.8, "regularMarketDayLow": 23.0, "regularMarketVolume": 6906, "averageDailyVolume10Day": 3852, "averageDailyVolume3Month": 6172, "regularMarketPreviousClose": 23.05, "regularMarketSource": "FREE_REALTIME", "regularMarketOpen": 26.7, "exchange": "BSE", "exchangeName": "BSE", "exchangeDataDelayedBy": 0, "marketState": "CLOSED", "quoteType": "EQUITY", "symbol": "AMJLAND.BO", "underlyingSymbol": null, "shortName": "AMJ LAND HOLDINGS LIMITED", "longName": "AMJ Land Holdings Limited", "currency": "INR", "quoteSourceName": "Delayed Quote", "currencySymbol": "\u20b9", "fromCurrency": null, "toCurrency": null, "lastMarket": null, "marketCap": 1027049984}, "balanceSheetHistory": {"balanceSheetStatements": [{"maxAge": 1, "endDate": "2020-03-31", "cash": 63700000, "shortTermInvestments": 1200000, "netReceivables": 249710000, "inventory": 333171000, "otherCurrentAssets": 28300000, "totalCurrentAssets": 808414000, "longTermInvestments": 103965000, "propertyPlantEquipment": 216807000, "otherAssets": 114639000, "totalAssets": 1243825000, "accountsPayable": 11358000, "otherCurrentLiab": 55665000, "longTermDebt": 75573000, "otherLiab": 33355000, "totalCurrentLiabilities": 114328000, "totalLiab": 223256000, "commonStock": 82000000, "retainedEarnings": 627469000, "treasuryStock": 157350000, "capitalSurplus": 153750000, "otherStockholderEquity": 157350000, "totalStockholderEquity": 1020569000, "netTangibleAssets": 1020569000}, {"maxAge": 1, "endDate": "2019-03-31", "cash": 31109000, "shortTermInvestments": 600000, "netReceivables": 343495000, "inventory": 250600000, "otherCurrentAssets": 41935000, "totalCurrentAssets": 686928000, "longTermInvestments": 133649000, "propertyPlantEquipment": 226893000, "otherAssets": 116872000, "totalAssets": 1164342000, "accountsPayable": 11400000, "shortLongTermDebt": 33594000, "otherCurrentLiab": 45894000, "otherLiab": 47927000, "totalCurrentLiabilities": 106996000, "totalLiab": 154923000, "commonStock": 82000000, "retainedEarnings": 553934000, "treasuryStock": 219735000, "capitalSurplus": 153750000, "otherStockholderEquity": 219735000, "totalStockholderEquity": 1009419000, "netTangibleAssets": 1009419000}, {"maxAge": 1, "endDate": "2018-03-31", "cash": 40045000, "shortTermInvestments": 600000, "netReceivables": 254601000, "inventory": 274079000, "otherCurrentAssets": 72776000, "totalCurrentAssets": 745460000, "longTermInvestments": 168985000, "propertyPlantEquipment": 231524000, "otherAssets": 125503000, "totalAssets": 1271472000, "accountsPayable": 17277000, "shortLongTermDebt": 46285000, "otherCurrentLiab": 104848000, "longTermDebt": 33051000, "otherLiab": 41299000, "totalCurrentLiabilities": 178219000, "totalLiab": 252569000, "commonStock": 82000000, "retainedEarnings": 519704000, "treasuryStock": 263449000, "capitalSurplus": 153750000, "otherStockholderEquity": 263449000, "totalStockholderEquity": 1018903000, "netTangibleAssets": 1018903000}, {"maxAge": 1, "endDate": "2017-03-31", "cash": 46758000, "shortTermInvestments": 1200000, "netReceivables": 245782000, "inventory": 333015000, "otherCurrentAssets": 105936000, "totalCurrentAssets": 790063000, "longTermInvestments": 183246000, "propertyPlantEquipment": 237211000, "otherAssets": 131217000, "totalAssets": 1341737000, "accountsPayable": 37710000, "shortLongTermDebt": 14300000, "otherCurrentLiab": 133277000, "longTermDebt": 89823000, "otherLiab": 54895000, "totalCurrentLiabilities": 190152000, "totalLiab": 334870000, "commonStock": 82000000, "retainedEarnings": 494520000, "treasuryStock": 276597000, "capitalSurplus": 153750000, "otherStockholderEquity": 276597000, "totalStockholderEquity": 1006867000, "netTangibleAssets": 1006867000}], "maxAge": 86400}, "earningsTrend": {"trend": [{"maxAge": 1, "period": "0q", "endDate": null, "growth": {}, "earningsEstimate": {"avg": 0.0, "low": 0.0, "high": 0.0, "yearAgoEps": {}, "numberOfAnalysts": 0, "growth": {}}, "revenueEstimate": {"avg": 0, "low": 0, "high": 0, "numberOfAnalysts": 0, "yearAgoRevenue": {}, "growth": {}}, "epsTrend": {"current": 0.0, "7daysAgo": 0.0, "30daysAgo": 0.0, "60daysAgo": 0.0, "90daysAgo": 0.0}, "epsRevisions": {"upLast7days": 0, "upLast30days": 0, "downLast30days": 0, "downLast90days": {}}}, {"maxAge": 1, "period": "+1q", "endDate": null, "growth": {}, "earningsEstimate": {"avg": 0.0, "low": 0.0, "high": 0.0, "yearAgoEps": {}, "numberOfAnalysts": 0, "growth": {}}, "revenueEstimate": {"avg": 0, "low": 0, "high": 0, "numberOfAnalysts": 0, "yearAgoRevenue": {}, "growth": {}}, "epsTrend": {"current": 0.0, "7daysAgo": 0.0, "30daysAgo": 0.0, "60daysAgo": 0.0, "90daysAgo": 0.0}, "epsRevisions": {"upLast7days": 0, "upLast30days": 0, "downLast30days": 0, "downLast90days": {}}}, {"maxAge": 1, "period": "0y", "endDate": null, "growth": {}, "earningsEstimate": {"avg": 0.0, "low": 0.0, "high": 0.0, "yearAgoEps": {}, "numberOfAnalysts": 0, "growth": {}}, "revenueEstimate": {"avg": 0, "low": 0, "high": 0, "numberOfAnalysts": 0, "yearAgoRevenue": {}, "growth": {}}, "epsTrend": {"current": 0.0, "7daysAgo": 0.0, "30daysAgo": 0.0, "60daysAgo": 0.0, "90daysAgo": 0.0}, "epsRevisions": {"upLast7days": 0, "upLast30days": 0, "downLast30days": 0, "downLast90days": {}}}, {"maxAge": 1, "period": "+1y", "endDate": null, "growth": {}, "earningsEstimate": {"avg": 0.0, "low": 0.0, "high": 0.0, "yearAgoEps": {}, "numberOfAnalysts": 0, "growth": {}}, "revenueEstimate": {"avg": 0, "low": 0, "high": 0, "numberOfAnalysts": 0, "yearAgoRevenue": {}, "growth": {}}, "epsTrend": {"current": 0.0, "7daysAgo": 0.0, "30daysAgo": 0.0, "60daysAgo": 0.0, "90daysAgo": 0.0}, "epsRevisions": {"upLast7days": 0, "upLast30days": 0, "downLast30days": 0, "downLast90days": {}}}, {"maxAge": 1, "period": "+5y", "endDate": null, "growth": {}, "earningsEstimate": {"avg": {}, "low": {}, "high": {}, "yearAgoEps": {}, "numberOfAnalysts": {}, "growth": {}}, "revenueEstimate": {"avg": {}, "low": {}, "high": {}, "numberOfAnalysts": {}, "yearAgoRevenue": {}, "growth": {}}, "epsTrend": {"current": {}, "7daysAgo": {}, "30daysAgo": {}, "60daysAgo": {}, "90daysAgo": {}}, "epsRevisions": {"upLast7days": {}, "upLast30days": {}, "downLast30days": {}, "downLast90days": {}}}, {"maxAge": 1, "period": "-5y", "endDate": null, "growth": -0.27025998, "earningsEstimate": {"avg": {}, "low": {}, "high": {}, "yearAgoEps": {}, "numberOfAnalysts": {}, "growth": {}}, "revenueEstimate": {"avg": {}, "low": {}, "high": {}, "numberOfAnalysts": {}, "yearAgoRevenue": {}, "growth": {}}, "epsTrend": {"current": {}, "7daysAgo": {}, "30daysAgo": {}, "60daysAgo": {}, "90daysAgo": {}}, "epsRevisions": {"upLast7days": {}, "upLast30days": {}, "downLast30days": {}, "downLast90days": {}}}], "maxAge": 1}, "financialData": {"maxAge": 86400, "currentPrice": 25.05, "recommendationKey": "none", "grossProfits": 112931000, "financialCurrency": "INR"}}}