{"AMNPLST.BO": {"recommendationTrend": {"trend": [{"period": "0m", "strongBuy": 0, "buy": 0, "hold": 0, "sell": 0, "strongSell": 0}, {"period": "-1m", "strongBuy": 0, "buy": 0, "hold": 0, "sell": 0, "strongSell": 0}, {"period": "-2m", "strongBuy": 0, "buy": 0, "hold": 0, "sell": 0, "strongSell": 0}, {"period": "-3m", "strongBuy": 0, "buy": 0, "hold": 0, "sell": 0, "strongSell": 0}], "maxAge": 86400}, "cashflowStatementHistory": {"cashflowStatements": [{"maxAge": 1, "endDate": "2020-03-31", "netIncome": 246003000, "depreciation": 29746000, "changeToNetincome": 36092000, "changeToLiabilities": 0, "changeToInventory": -27191000, "changeToOperatingActivities": 24036000, "totalCashFromOperatingActivities": 308686000, "capitalExpenditures": -268450000, "investments": 4482000, "otherCashflowsFromInvestingActivities": 36386000, "totalCashflowsFromInvestingActivities": -165643000, "dividendsPaid": -33012000, "netBorrowings": -91267000, "otherCashflowsFromFinancingActivities": -100466000, "totalCashFromFinancingActivities": -224745000, "changeInCash": -81701000}, {"maxAge": 1, "endDate": "2019-03-31", "netIncome": 164317000, "depreciation": 26883000, "changeToNetincome": 71651000, "changeToLiabilities": 0, "changeToInventory": 16233000, "changeToOperatingActivities": -181807000, "totalCashFromOperatingActivities": 97277000, "capitalExpenditures": -181656000, "investments": 4482000, "otherCashflowsFromInvestingActivities": 22333000, "totalCashflowsFromInvestingActivities": -157764000, "dividendsPaid": -16506000, "netBorrowings": 216178000, "otherCashflowsFromFinancingActivities": -83480000, "totalCashFromFinancingActivities": 116192000, "changeInCash": 55705000}, {"maxAge": 1, "endDate": "2018-03-31", "netIncome": 147568000, "depreciation": 25287000, "changeToNetincome": 40164000, "changeToLiabilities": 0, "changeToInventory": -194761000, "changeToOperatingActivities": 197677000, "totalCashFromOperatingActivities": 216148000, "capitalExpenditures": -79211000, "investments": 1553000, "otherCashflowsFromInvestingActivities": 41632000, "totalCashflowsFromInvestingActivities": -35062000, "dividendsPaid": -16506000, "netBorrowings": -50862000, "otherCashflowsFromFinancingActivities": -75026000, "totalCashFromFinancingActivities": -142394000, "changeInCash": 38692000}, {"maxAge": 1, "endDate": "2017-03-31", "netIncome": 147995000, "depreciation": 22829000, "changeToNetincome": 44688000, "changeToLiabilities": 0, "changeToInventory": -77321000, "changeToOperatingActivities": -43409000, "totalCashFromOperatingActivities": 94989000, "capitalExpenditures": -59259000, "investments": 1553000, "otherCashflowsFromInvestingActivities": 12286000, "totalCashflowsFromInvestingActivities": -46881000, "dividendsPaid": -16506000, "netBorrowings": 18115000, "otherCashflowsFromFinancingActivities": -64494000, "totalCashFromFinancingActivities": -46379000, "changeInCash": 1730000}], "maxAge": 86400}, "institutionOwnership": {"maxAge": 1, "ownershipList": []}, "balanceSheetHistoryQuarterly": {"balanceSheetStatements": [{"maxAge": 1, "endDate": "2020-06-30", "totalStockholderEquity": 1080943000, "netTangibleAssets": 1080661000}, {"maxAge": 1, "endDate": "2020-03-31", "cash": 22396000, "netReceivables": 739308000, "inventory": 593919000, "otherCurrentAssets": 125612000, "totalCurrentAssets": 1488662000, "longTermInvestments": 2000, "propertyPlantEquipment": 778236000, "intangibleAssets": 282000, "otherAssets": 47849000, "totalAssets": 2315031000, "accountsPayable": 535649000, "shortLongTermDebt": 30267000, "otherCurrentLiab": 42810000, "longTermDebt": 289371000, "otherLiab": 59810000, "totalCurrentLiabilities": 884907000, "totalLiab": 1234088000, "commonStock": 110040000, "retainedEarnings": 961726000, "treasuryStock": 9177000, "otherStockholderEquity": 9177000, "totalStockholderEquity": 1080943000, "netTangibleAssets": 1080661000}, {"maxAge": 1, "endDate": "2019-12-31", "totalStockholderEquity": 926726000, "netTangibleAssets": 793316000}, {"maxAge": 1, "endDate": "2019-09-30", "cash": 166414000, "shortTermInvestments": 4830000, "netReceivables": 481763000, "inventory": 616800000, "otherCurrentAssets": 232273000, "totalCurrentAssets": 1497250000, "longTermInvestments": 116030000, "propertyPlantEquipment": 623847000, "intangibleAssets": 133410000, "otherAssets": 6411000, "totalAssets": 2376948000, "accountsPayable": 396568000, "otherCurrentLiab": 65532000, "longTermDebt": 432169000, "otherLiab": 53327000, "minorityInterest": 4202000, "totalCurrentLiabilities": 960524000, "totalLiab": 1446020000, "commonStock": 110040000, "treasuryStock": 816686000, "otherStockholderEquity": 816686000, "totalStockholderEquity": 926726000, "netTangibleAssets": 793316000}], "maxAge": 86400}, "earningsHistory": {"history": [{"maxAge": 1, "epsActual": {}, "epsEstimate": {}, "epsDifference": {}, "surprisePercent": {}, "quarter": {}, "period": "-4q"}, {"maxAge": 1, "epsActual": {}, "epsEstimate": {}, "epsDifference": {}, "surprisePercent": {}, "quarter": {}, "period": "-3q"}, {"maxAge": 1, "epsActual": {}, "epsEstimate": {}, "epsDifference": {}, "surprisePercent": {}, "quarter": {}, "period": "-2q"}, {"maxAge": 1, "epsActual": {}, "epsEstimate": {}, "epsDifference": {}, "surprisePercent": {}, "quarter": {}, "period": "-1q"}], "maxAge": 86400}, "indexTrend": {"maxAge": 1, "symbol": "SP5", "peRatio": 19.7411, "pegRatio": 1.34172, "estimates": [{"period": "0q", "growth": 0.549}, {"period": "+1q", "growth": 0.431}, {"period": "0y", "growth": 0.305}, {"period": "+1y", "growth": 0.109}, {"period": "+5y", "growth": 0.120859005}, {"period": "-5y"}]}, "industryTrend": {"maxAge": 1, "symbol": null, "estimates": []}, "insiderTransactions": {"transactions": [{"maxAge": 1, "shares": 175, "filerUrl": "", "transactionText": "", "filerName": "Ruia (Yashvardhan)", "filerRelation": "Additonal Director", "moneyText": "", "startDate": "2017-09-26", "ownership": "D"}, {"maxAge": 1, "shares": 825, "filerUrl": "", "transactionText": "", "filerName": "Ruia (Yashvardhan)", "filerRelation": "Additonal Director", "moneyText": "", "startDate": "2017-09-25", "ownership": "D"}, {"maxAge": 1, "shares": 970, "filerUrl": "", "transactionText": "", "filerName": "Ruia (Yashvardhan)", "filerRelation": "Additonal Director", "moneyText": "", "startDate": "2017-09-21", "ownership": "D"}, {"maxAge": 1, "shares": 30, "filerUrl": "", "transactionText": "", "filerName": "Ruia (Yashvardhan)", "filerRelation": "Additonal Director", "moneyText": "", "startDate": "2017-09-19", "ownership": "D"}, {"maxAge": 1, "shares": 200000, "filerUrl": "", "transactionText": "", "filerName": "Chefair Investment Pvt Ltd", "filerRelation": "Promoter", "moneyText": "", "startDate": "2017-05-15", "ownership": "D"}, {"maxAge": 1, "shares": 200000, "filerUrl": "", "transactionText": "", "filerName": "Ruia (Hemant Kumar)", "filerRelation": "Chairman of the Board", "moneyText": "", "startDate": "2017-05-15", "ownership": "D"}, {"maxAge": 1, "shares": 200000, "filerUrl": "", "transactionText": "", "filerName": "Chefair Investment Pvt Ltd", "filerRelation": "Promoter", "moneyText": "", "startDate": "2017-03-27", "ownership": "D"}, {"maxAge": 1, "shares": 200000, "filerUrl": "", "transactionText": "", "filerName": "Ruia (Hemant Kumar)", "filerRelation": "Chairman of the Board", "moneyText": "", "startDate": "2017-03-27", "ownership": "D"}], "maxAge": 1}, "quoteType": {"exchange": "BSE", "quoteType": "EQUITY", "symbol": "AMNPLST.BO", "underlyingSymbol": "AMNPLST.BO", "shortName": "AMINES & PLASTICIZERS LTD.", "longName": "Amines & Plasticizers Limited", "firstTradeDateEpochUtc": "2000-01-03 09:15:00", "timeZoneFullName": "Asia/Kolkata", "timeZoneShortName": "IST", "uuid": "6bcc1a77-9603-305c-a262-c817fc63bbec", "messageBoardId": null, "gmtOffSetMilliseconds": 19800000, "maxAge": 1}, "incomeStatementHistory": {"incomeStatementHistory": [{"maxAge": 1, "endDate": "2020-03-31", "totalRevenue": 4024534000, "costOfRevenue": 2716911000, "grossProfit": 1307623000, "researchDevelopment": {}, "sellingGeneralAdministrative": 155341000, "nonRecurring": {}, "otherOperatingExpenses": 702638000, "totalOperatingExpenses": 3604371000, "operatingIncome": 420163000, "totalOtherIncomeExpenseNet": -116412000, "ebit": 420163000, "interestExpense": -75960000, "incomeBeforeTax": 303751000, "incomeTaxExpense": 57748000, "minorityInterest": {}, "netIncomeFromContinuingOps": 246003000, "discontinuedOperations": {}, "extraordinaryItems": {}, "effectOfAccountingCharges": {}, "otherItems": {}, "netIncome": 246003000, "netIncomeApplicableToCommonShares": 246003000}, {"maxAge": 1, "endDate": "2019-03-31", "totalRevenue": 4572886000, "costOfRevenue": 3308187000, "grossProfit": 1264699000, "researchDevelopment": {}, "sellingGeneralAdministrative": 125845000, "nonRecurring": {}, "otherOperatingExpenses": 777198000, "totalOperatingExpenses": 4237848000, "operatingIncome": 335038000, "totalOtherIncomeExpenseNet": -77220000, "ebit": 335038000, "interestExpense": -58211000, "incomeBeforeTax": 257818000, "incomeTaxExpense": 93501000, "minorityInterest": 4202000, "netIncomeFromContinuingOps": 164317000, "discontinuedOperations": {}, "extraordinaryItems": {}, "effectOfAccountingCharges": {}, "otherItems": {}, "netIncome": 164317000, "netIncomeApplicableToCommonShares": 164317000}, {"maxAge": 1, "endDate": "2018-03-31", "totalRevenue": 3342938000, "costOfRevenue": 2351230000, "grossProfit": 991708000, "researchDevelopment": {}, "sellingGeneralAdministrative": 126037000, "nonRecurring": {}, "otherOperatingExpenses": 580780000, "totalOperatingExpenses": 3083282000, "operatingIncome": 259656000, "totalOtherIncomeExpenseNet": -29868000, "ebit": 259656000, "interestExpense": -55692000, "incomeBeforeTax": 229788000, "incomeTaxExpense": 82220000, "minorityInterest": 4202000, "netIncomeFromContinuingOps": 147568000, "discontinuedOperations": {}, "extraordinaryItems": {}, "effectOfAccountingCharges": {}, "otherItems": {}, "netIncome": 147568000, "netIncomeApplicableToCommonShares": 147568000}, {"maxAge": 1, "endDate": "2017-03-31", "totalRevenue": 3207707000, "costOfRevenue": 2224763000, "grossProfit": 982944000, "researchDevelopment": {}, "sellingGeneralAdministrative": 103563000, "nonRecurring": {}, "otherOperatingExpenses": 595107000, "totalOperatingExpenses": 2946204000, "operatingIncome": 261503000, "totalOtherIncomeExpenseNet": -50387000, "ebit": 261503000, "interestExpense": -45500000, "incomeBeforeTax": 211116000, "incomeTaxExpense": 63121000, "minorityInterest": 4202000, "netIncomeFromContinuingOps": 147995000, "discontinuedOperations": {}, "extraordinaryItems": {}, "effectOfAccountingCharges": {}, "otherItems": {}, "netIncome": 147995000, "netIncomeApplicableToCommonShares": 147995000}], "maxAge": 86400}, "fundOwnership": {"maxAge": 1, "ownershipList": []}, "summaryDetail": {"maxAge": 1, "priceHint": 2, "previousClose": 100.45, "open": 100.0, "dayLow": 96.05, "dayHigh": 108.4, "regularMarketPreviousClose": 100.45, "regularMarketOpen": 100.0, "regularMarketDayLow": 96.05, "regularMarketDayHigh": 108.4, "trailingPE": 21.740042, "volume": 77615, "regularMarketVolume": 77615, "averageVolume": 34318, "averageVolume10days": 24619, "averageDailyVolume10Day": 24619, "bid": 103.4, "ask": 103.7, "bidSize": 0, "askSize": 0, "marketCap": 5705573888, "fiftyTwoWeekLow": 16.3, "fiftyTwoWeekHigh": 108.4, "fiftyDayAverage": 68.84, "twoHundredDayAverage": 59.542336, "trailingAnnualDividendRate": 0.3, "trailingAnnualDividendYield": 0.0029865606, "currency": "INR", "fromCurrency": null, "toCurrency": null, "lastMarket": null, "algorithm": null, "tradeable": false}, "sectorTrend": {"maxAge": 1, "symbol": null, "estimates": []}, "incomeStatementHistoryQuarterly": {"incomeStatementHistory": [{"maxAge": 1, "endDate": "2020-06-30", "totalRevenue": 767674000, "costOfRevenue": 455544000, "grossProfit": 312130000, "researchDevelopment": {}, "sellingGeneralAdministrative": 35464000, "nonRecurring": {}, "otherOperatingExpenses": 136067000, "totalOperatingExpenses": 637520000, "operatingIncome": 130154000, "totalOtherIncomeExpenseNet": -28268000, "ebit": 130154000, "interestExpense": -28268000, "incomeBeforeTax": 101886000, "incomeTaxExpense": 25731000, "minorityInterest": {}, "netIncomeFromContinuingOps": 76155000, "discontinuedOperations": {}, "extraordinaryItems": {}, "effectOfAccountingCharges": {}, "otherItems": {}, "netIncome": 76155000, "netIncomeApplicableToCommonShares": 76155000}, {"maxAge": 1, "endDate": "2020-03-31", "totalRevenue": 1009634000, "costOfRevenue": 680497000, "grossProfit": 329137000, "researchDevelopment": {}, "sellingGeneralAdministrative": 47317000, "nonRecurring": {}, "otherOperatingExpenses": 152757000, "totalOperatingExpenses": 888387000, "operatingIncome": 121247000, "totalOtherIncomeExpenseNet": -44901000, "ebit": 121247000, "interestExpense": -4449000, "incomeBeforeTax": 76346000, "incomeTaxExpense": 16258000, "minorityInterest": {}, "netIncomeFromContinuingOps": 60088000, "discontinuedOperations": {}, "extraordinaryItems": {}, "effectOfAccountingCharges": {}, "otherItems": {}, "netIncome": 60088000, "netIncomeApplicableToCommonShares": 60088000}, {"maxAge": 1, "endDate": "2019-12-31", "totalRevenue": 950768000, "costOfRevenue": 613250000, "grossProfit": 337518000, "researchDevelopment": {}, "sellingGeneralAdministrative": 35464000, "nonRecurring": {}, "otherOperatingExpenses": 192139000, "totalOperatingExpenses": 848093000, "operatingIncome": 102675000, "totalOtherIncomeExpenseNet": -22545000, "ebit": 102675000, "interestExpense": -22546000, "incomeBeforeTax": 80130000, "incomeTaxExpense": 22180000, "minorityInterest": {}, "netIncomeFromContinuingOps": 57950000, "discontinuedOperations": {}, "extraordinaryItems": {}, "effectOfAccountingCharges": {}, "otherItems": {}, "netIncome": 57950000, "netIncomeApplicableToCommonShares": 57950000}, {"maxAge": 1, "endDate": "2019-09-30", "totalRevenue": 983131000, "costOfRevenue": 646581000, "grossProfit": 336550000, "researchDevelopment": {}, "sellingGeneralAdministrative": 36126000, "nonRecurring": {}, "otherOperatingExpenses": 191201000, "totalOperatingExpenses": 881096000, "operatingIncome": 102035000, "totalOtherIncomeExpenseNet": -23190000, "ebit": 102035000, "interestExpense": -23190000, "incomeBeforeTax": 78845000, "incomeTaxExpense": 10261000, "minorityInterest": 4202000, "netIncomeFromContinuingOps": 68584000, "discontinuedOperations": {}, "extraordinaryItems": {}, "effectOfAccountingCharges": {}, "otherItems": {}, "netIncome": 68584000, "netIncomeApplicableToCommonShares": 68584000}], "maxAge": 86400}, "cashflowStatementHistoryQuarterly": {"cashflowStatements": [{"maxAge": 1, "endDate": "2020-06-30", "netIncome": 76155000, "changeToLiabilities": 0}, {"maxAge": 1, "endDate": "2020-03-31", "netIncome": 60088000, "changeToLiabilities": 0}, {"maxAge": 1, "endDate": "2019-12-31", "netIncome": 57950000, "changeToLiabilities": 0}, {"maxAge": 1, "endDate": "2019-09-30", "netIncome": 68584000, "changeToLiabilities": 0}], "maxAge": 86400}, "insiderHolders": {"holders": [{"maxAge": 1, "name": "Chefair Investment Pvt Ltd", "relation": "Promoter", "url": "", "transactionDescription": "Acquisition", "latestTransDate": "2017-05-15", "positionDirect": 5080000, "positionDirectDate": "2017-05-15"}, {"maxAge": 1, "name": "Ruia (Hemant Kumar)", "relation": "Chairman of the Board", "url": "", "transactionDescription": "Sale", "latestTransDate": "2017-05-15", "positionDirect": 21998930, "positionDirectDate": "2017-05-15"}, {"maxAge": 1, "name": "Ruia (Yashvardhan)", "relation": "Additonal Director", "url": "", "transactionDescription": "Acquisition", "latestTransDate": "2017-09-26", "positionDirect": 2000, "positionDirectDate": "2017-09-26"}], "maxAge": 1}, "earnings": {"maxAge": 86400, "earningsChart": {"quarterly": [], "earningsDate": ["2020-08-13 05:30:S"]}, "financialsChart": {"yearly": [{"date": 2017, "revenue": 3207707000, "earnings": 147995000}, {"date": 2018, "revenue": 3342938000, "earnings": 147568000}, {"date": 2019, "revenue": 4572886000, "earnings": 164317000}, {"date": 2020, "revenue": 4024534000, "earnings": 246003000}], "quarterly": [{"date": "3Q2019", "revenue": 983131000, "earnings": 68584000}, {"date": "4Q2019", "revenue": 950768000, "earnings": 57950000}, {"date": "1Q2020", "revenue": 1009634000, "earnings": 60088000}, {"date": "2Q2020", "revenue": 767674000, "earnings": 76155000}]}, "financialCurrency": "INR"}, "calendarEvents": {"maxAge": 1, "earnings": {"earningsDate": ["2020-08-13 05:30:S"]}}, "price": {"maxAge": 1, "regularMarketChangePercent": 0.032354407, "regularMarketChange": 3.25, "regularMarketTime": "2021-04-30 15:40:50", "priceHint": 2, "regularMarketPrice": 103.7, "regularMarketDayHigh": 108.4, "regularMarketDayLow": 96.05, "regularMarketVolume": 77615, "averageDailyVolume10Day": 24619, "averageDailyVolume3Month": 34318, "regularMarketPreviousClose": 100.45, "regularMarketSource": "FREE_REALTIME", "regularMarketOpen": 100.0, "exchange": "BSE", "exchangeName": "BSE", "exchangeDataDelayedBy": 0, "marketState": "CLOSED", "quoteType": "EQUITY", "symbol": "AMNPLST.BO", "underlyingSymbol": null, "shortName": "AMINES & PLASTICIZERS LTD.", "longName": "Amines & Plasticizers Limited", "currency": "INR", "quoteSourceName": "Delayed Quote", "currencySymbol": "\u20b9", "fromCurrency": null, "toCurrency": null, "lastMarket": null, "marketCap": 5705573888}, "balanceSheetHistory": {"balanceSheetStatements": [{"maxAge": 1, "endDate": "2020-03-31", "cash": 22396000, "netReceivables": 739308000, "inventory": 593919000, "otherCurrentAssets": 125612000, "totalCurrentAssets": 1488662000, "longTermInvestments": 2000, "propertyPlantEquipment": 778236000, "intangibleAssets": 282000, "otherAssets": 47849000, "totalAssets": 2315031000, "accountsPayable": 535649000, "shortLongTermDebt": 30267000, "otherCurrentLiab": 42810000, "longTermDebt": 289371000, "otherLiab": 59810000, "totalCurrentLiabilities": 884907000, "totalLiab": 1234088000, "commonStock": 110040000, "retainedEarnings": 961726000, "treasuryStock": 9177000, "otherStockholderEquity": 9177000, "totalStockholderEquity": 1080943000, "netTangibleAssets": 1080661000}, {"maxAge": 1, "endDate": "2019-03-31", "cash": 104097000, "netReceivables": 843795000, "inventory": 566728000, "otherCurrentAssets": 213301000, "totalCurrentAssets": 1738582000, "longTermInvestments": 2000, "propertyPlantEquipment": 538451000, "intangibleAssets": 126125000, "otherAssets": 116930000, "totalAssets": 2520090000, "accountsPayable": 723975000, "shortLongTermDebt": 30554000, "otherCurrentLiab": 76995000, "longTermDebt": 323403000, "otherLiab": 72578000, "minorityInterest": 4202000, "totalCurrentLiabilities": 1300428000, "totalLiab": 1696409000, "commonStock": 110040000, "retainedEarnings": 694385000, "treasuryStock": 15054000, "otherStockholderEquity": 15054000, "totalStockholderEquity": 819479000, "netTangibleAssets": 693354000}, {"maxAge": 1, "endDate": "2018-03-31", "cash": 48392000, "netReceivables": 509135000, "inventory": 582961000, "otherCurrentAssets": 132367000, "totalCurrentAssets": 1283777000, "longTermInvestments": 2000, "propertyPlantEquipment": 406816000, "intangibleAssets": 106720000, "otherAssets": 103826000, "totalAssets": 1901141000, "accountsPayable": 547085000, "shortLongTermDebt": 2146000, "otherCurrentLiab": 48249000, "longTermDebt": 230805000, "otherLiab": 65454000, "minorityInterest": 4202000, "totalCurrentLiabilities": 920203000, "totalLiab": 1216462000, "commonStock": 110040000, "retainedEarnings": 557240000, "treasuryStock": 13197000, "otherStockholderEquity": 13197000, "totalStockholderEquity": 680477000, "netTangibleAssets": 573757000}, {"maxAge": 1, "endDate": "2017-03-31", "cash": 9700000, "netReceivables": 529254000, "inventory": 388200000, "otherCurrentAssets": 130174000, "totalCurrentAssets": 1063877000, "longTermInvestments": 1524000, "propertyPlantEquipment": 371065000, "intangibleAssets": 90083000, "otherAssets": 86738000, "totalAssets": 1613287000, "accountsPayable": 365139000, "shortLongTermDebt": 2156000, "otherCurrentLiab": 13049000, "longTermDebt": 210905000, "otherLiab": 58784000, "minorityInterest": 4202000, "totalCurrentLiabilities": 785874000, "totalLiab": 1055563000, "commonStock": 110040000, "retainedEarnings": 431564000, "treasuryStock": 11918000, "otherStockholderEquity": 11918000, "totalStockholderEquity": 553522000, "netTangibleAssets": 463439000}], "maxAge": 86400}, "earningsTrend": {"trend": [{"maxAge": 1, "period": "0q", "endDate": null, "growth": {}, "earningsEstimate": {"avg": 0.0, "low": 0.0, "high": 0.0, "yearAgoEps": {}, "numberOfAnalysts": 0, "growth": {}}, "revenueEstimate": {"avg": 0, "low": 0, "high": 0, "numberOfAnalysts": 0, "yearAgoRevenue": {}, "growth": {}}, "epsTrend": {"current": 0.0, "7daysAgo": 0.0, "30daysAgo": 0.0, "60daysAgo": 0.0, "90daysAgo": 0.0}, "epsRevisions": {"upLast7days": 0, "upLast30days": 0, "downLast30days": 0, "downLast90days": {}}}, {"maxAge": 1, "period": "+1q", "endDate": null, "growth": {}, "earningsEstimate": {"avg": 0.0, "low": 0.0, "high": 0.0, "yearAgoEps": {}, "numberOfAnalysts": 0, "growth": {}}, "revenueEstimate": {"avg": 0, "low": 0, "high": 0, "numberOfAnalysts": 0, "yearAgoRevenue": {}, "growth": {}}, "epsTrend": {"current": 0.0, "7daysAgo": 0.0, "30daysAgo": 0.0, "60daysAgo": 0.0, "90daysAgo": 0.0}, "epsRevisions": {"upLast7days": 0, "upLast30days": 0, "downLast30days": 0, "downLast90days": {}}}, {"maxAge": 1, "period": "0y", "endDate": null, "growth": {}, "earningsEstimate": {"avg": 0.0, "low": 0.0, "high": 0.0, "yearAgoEps": {}, "numberOfAnalysts": 0, "growth": {}}, "revenueEstimate": {"avg": 0, "low": 0, "high": 0, "numberOfAnalysts": 0, "yearAgoRevenue": {}, "growth": {}}, "epsTrend": {"current": 0.0, "7daysAgo": 0.0, "30daysAgo": 0.0, "60daysAgo": 0.0, "90daysAgo": 0.0}, "epsRevisions": {"upLast7days": 0, "upLast30days": 0, "downLast30days": 0, "downLast90days": {}}}, {"maxAge": 1, "period": "+1y", "endDate": null, "growth": {}, "earningsEstimate": {"avg": 0.0, "low": 0.0, "high": 0.0, "yearAgoEps": {}, "numberOfAnalysts": 0, "growth": {}}, "revenueEstimate": {"avg": 0, "low": 0, "high": 0, "numberOfAnalysts": 0, "yearAgoRevenue": {}, "growth": {}}, "epsTrend": {"current": 0.0, "7daysAgo": 0.0, "30daysAgo": 0.0, "60daysAgo": 0.0, "90daysAgo": 0.0}, "epsRevisions": {"upLast7days": 0, "upLast30days": 0, "downLast30days": 0, "downLast90days": {}}}, {"maxAge": 1, "period": "+5y", "endDate": null, "growth": {}, "earningsEstimate": {"avg": {}, "low": {}, "high": {}, "yearAgoEps": {}, "numberOfAnalysts": {}, "growth": {}}, "revenueEstimate": {"avg": {}, "low": {}, "high": {}, "numberOfAnalysts": {}, "yearAgoRevenue": {}, "growth": {}}, "epsTrend": {"current": {}, "7daysAgo": {}, "30daysAgo": {}, "60daysAgo": {}, "90daysAgo": {}}, "epsRevisions": {"upLast7days": {}, "upLast30days": {}, "downLast30days": {}, "downLast90days": {}}}, {"maxAge": 1, "period": "-5y", "endDate": null, "growth": {}, "earningsEstimate": {"avg": {}, "low": {}, "high": {}, "yearAgoEps": {}, "numberOfAnalysts": {}, "growth": {}}, "revenueEstimate": {"avg": {}, "low": {}, "high": {}, "numberOfAnalysts": {}, "yearAgoRevenue": {}, "growth": {}}, "epsTrend": {"current": {}, "7daysAgo": {}, "30daysAgo": {}, "60daysAgo": {}, "90daysAgo": {}}, "epsRevisions": {"upLast7days": {}, "upLast30days": {}, "downLast30days": {}, "downLast90days": {}}}], "maxAge": 1}, "financialData": {"maxAge": 86400, "currentPrice": 103.7, "recommendationMean": 2.0, "recommendationKey": "buy", "grossProfits": 1307623000, "financialCurrency": "INR"}}}