{"AMRAPLIN.BO": {"cashflowStatementHistory": {"cashflowStatements": [{"maxAge": 1, "endDate": "2020-03-31", "netIncome": 4581000, "depreciation": 17679000, "changeToNetincome": 12298000, "changeToAccountReceivables": 24803000, "changeToLiabilities": 167280000, "changeToInventory": -234962000, "changeToOperatingActivities": 290235000, "totalCashFromOperatingActivities": 281914000, "capitalExpenditures": -1067000, "investments": -1699000, "otherCashflowsFromInvestingActivities": 34806000, "totalCashflowsFromInvestingActivities": 32040000, "otherCashflowsFromFinancingActivities": -384566000, "totalCashFromFinancingActivities": -384566000, "changeInCash": -70612000}, {"maxAge": 1, "endDate": "2019-03-31", "netIncome": -659000, "depreciation": 19101000, "changeToNetincome": 3514000, "changeToAccountReceivables": -151848000, "changeToLiabilities": -23157000, "changeToInventory": 11813000, "changeToOperatingActivities": 416010000, "totalCashFromOperatingActivities": 274774000, "capitalExpenditures": -1915000, "investments": 23650000, "otherCashflowsFromInvestingActivities": 17617000, "totalCashflowsFromInvestingActivities": 39352000, "netBorrowings": -90772000, "otherCashflowsFromFinancingActivities": -169157000, "totalCashFromFinancingActivities": -259929000, "changeInCash": 54196000}, {"maxAge": 1, "endDate": "2018-03-31", "netIncome": -34296000, "depreciation": 19895000, "changeToNetincome": 71847000, "changeToAccountReceivables": -2646000, "changeToLiabilities": -31786000, "changeToInventory": -4629000, "changeToOperatingActivities": -169244000, "totalCashFromOperatingActivities": -150859000, "capitalExpenditures": -2837000, "investments": 34373000, "otherCashflowsFromInvestingActivities": 13295000, "totalCashflowsFromInvestingActivities": 45839000, "netBorrowings": 242852000, "otherCashflowsFromFinancingActivities": -152998000, "totalCashFromFinancingActivities": 89854000, "changeInCash": -15166000}, {"maxAge": 1, "endDate": "2017-03-31", "netIncome": 22149000, "depreciation": 20920000, "changeToNetincome": -851000, "changeToAccountReceivables": -435000, "changeToLiabilities": -33669000, "changeToInventory": 43086000, "changeToOperatingActivities": 73941000, "totalCashFromOperatingActivities": 125141000, "capitalExpenditures": -1922000, "investments": -5859000, "otherCashflowsFromInvestingActivities": 35021000, "totalCashflowsFromInvestingActivities": 339000, "netBorrowings": -209894000, "otherCashflowsFromFinancingActivities": 136587000, "totalCashFromFinancingActivities": -73307000, "changeInCash": 52173000}], "maxAge": 86400}, "institutionOwnership": {"ownershipList": [], "maxAge": 1}, "balanceSheetHistoryQuarterly": {"balanceSheetStatements": [{"maxAge": 1, "endDate": "2020-06-30", "totalStockholderEquity": 277752000, "netTangibleAssets": 241297000}, {"maxAge": 1, "endDate": "2020-03-31", "cash": 23168000, "netReceivables": 158003000, "inventory": 248019000, "otherCurrentAssets": 256517000, "totalCurrentAssets": 685707000, "longTermInvestments": 475056000, "propertyPlantEquipment": 249755000, "goodWill": 36455000, "otherAssets": 246298000, "totalAssets": 1693271000, "accountsPayable": 169636000, "otherCurrentLiab": 694732000, "otherLiab": 27068000, "totalCurrentLiabilities": 1388451000, "totalLiab": 1415519000, "commonStock": 257053000, "retainedEarnings": 20700000, "treasuryStock": -1000, "otherStockholderEquity": -1000, "totalStockholderEquity": 277752000, "netTangibleAssets": 241297000}, {"maxAge": 1, "endDate": "2019-12-31", "totalStockholderEquity": 278012000, "netTangibleAssets": 241557000}, {"maxAge": 1, "endDate": "2019-09-30", "cash": 843393000, "shortTermInvestments": 688466000, "netReceivables": 2568733000, "inventory": 12304000, "totalCurrentAssets": 3424430000, "longTermInvestments": 19770000, "propertyPlantEquipment": 257534000, "goodWill": 36455000, "otherAssets": 3399000, "totalAssets": 3741588000, "accountsPayable": 2087316000, "otherCurrentLiab": 1026698000, "longTermDebt": 850000, "otherLiab": 22830000, "totalCurrentLiabilities": 3439896000, "totalLiab": 3463576000, "commonStock": 257053000, "retainedEarnings": 20959000, "treasuryStock": 20959000, "otherStockholderEquity": 20959000, "totalStockholderEquity": 278012000, "netTangibleAssets": 241557000}], "maxAge": 86400}, "indexTrend": {"maxAge": 1, "symbol": "SP5", "peRatio": 19.7411, "pegRatio": 1.34172, "estimates": [{"period": "0q", "growth": 0.549}, {"period": "+1q", "growth": 0.431}, {"period": "0y", "growth": 0.305}, {"period": "+1y", "growth": 0.109}, {"period": "+5y", "growth": 0.120859005}, {"period": "-5y"}]}, "insiderTransactions": {"transactions": [{"maxAge": 1, "shares": 2500000, "filerUrl": "", "transactionText": "", "filerName": "Thakkar (Chirag Yashvantbhai)", "filerRelation": "Promoter", "moneyText": "", "startDate": "2017-03-29", "ownership": "D"}, {"maxAge": 1, "shares": 16748461, "filerUrl": "", "transactionText": "", "filerName": "Thakkar (Krishna Monalbhai)", "filerRelation": "Promoter", "moneyText": "", "startDate": "2017-03-29", "ownership": "D"}, {"maxAge": 1, "shares": 2000000, "filerUrl": "", "transactionText": "", "filerName": "Thakkar (Chirag Yashvantbhai)", "filerRelation": "Promoter", "moneyText": "", "startDate": "2017-03-28", "ownership": "D"}, {"maxAge": 1, "shares": 1500000, "filerUrl": "", "transactionText": "", "filerName": "Thakkar (Dharti Monalbhai)", "filerRelation": "Promoter", "moneyText": "", "startDate": "2017-03-28", "ownership": "D"}, {"maxAge": 1, "shares": 1939150, "filerUrl": "", "transactionText": "", "filerName": "Thakkar (Sunny Rashmikant)", "filerRelation": "Promoter", "moneyText": "", "startDate": "2017-03-28", "ownership": "D"}, {"maxAge": 1, "shares": 14248461, "filerUrl": "", "transactionText": "", "filerName": "Thakkar (Krishna Monalbhai)", "filerRelation": "Promoter", "moneyText": "", "startDate": "2017-03-28", "ownership": "D"}, {"maxAge": 1, "shares": 12309311, "filerUrl": "", "transactionText": "", "filerName": "Thakkar (Krishna Monalbhai)", "filerRelation": "Promoter", "moneyText": "", "startDate": "2017-03-28", "ownership": "D"}, {"maxAge": 1, "shares": 2000000, "filerUrl": "", "transactionText": "", "filerName": "Thakkar (Sunny Rashmikant)", "filerRelation": "Promoter", "moneyText": "", "startDate": "2017-03-28", "ownership": "D"}, {"maxAge": 1, "shares": 3500000, "filerUrl": "", "transactionText": "", "filerName": "Thakkar (Reetaben Rashmikantbhai)", "filerRelation": "Promoter", "moneyText": "", "startDate": "2017-03-28", "ownership": "D"}, {"maxAge": 1, "shares": 3748461, "filerUrl": "", "transactionText": "", "filerName": "Thakkar (Monal)", "filerRelation": "Promoter", "moneyText": "", "startDate": "2017-03-28", "ownership": "D"}, {"maxAge": 1, "shares": 1025200, "filerUrl": "", "transactionText": "", "filerName": "Thakkar (Yashwant A.)", "filerRelation": "Promoter", "moneyText": "", "startDate": "2017-03-27", "ownership": "D"}, {"maxAge": 1, "shares": 4293536, "filerUrl": "", "transactionText": "", "filerName": "Thakkar (Chirag Yashvantbhai)", "filerRelation": "Promoter", "moneyText": "", "startDate": "2017-03-27", "ownership": "D"}, {"maxAge": 1, "shares": 3667004, "filerUrl": "", "transactionText": "", "filerName": "Thakkar (Reetaben Rashmikantbhai)", "filerRelation": "Promoter", "moneyText": "", "startDate": "2017-03-27", "ownership": "D"}, {"maxAge": 1, "shares": 2068814, "filerUrl": "", "transactionText": "", "filerName": "Thakkar (Monal)", "filerRelation": "Promoter", "moneyText": "", "startDate": "2017-03-27", "ownership": "D"}, {"maxAge": 1, "shares": 5506290, "filerUrl": "", "transactionText": "", "filerName": "Thakkar (Monal)", "filerRelation": "Promoter", "moneyText": "", "startDate": "2017-03-27", "ownership": "D"}, {"maxAge": 1, "shares": 14560850, "filerUrl": "", "transactionText": "", "filerName": "Thakkar (Krishna Monalbhai)", "filerRelation": "Promoter", "moneyText": "", "startDate": "2017-03-27", "ownership": "D"}, {"maxAge": 1, "shares": 1534206, "filerUrl": "", "transactionText": "", "filerName": "Thakkar (Dharti Monalbhai)", "filerRelation": "Promoter", "moneyText": "", "startDate": "2017-03-27", "ownership": "D"}, {"maxAge": 1, "shares": 2500000, "filerUrl": "", "transactionText": "", "filerName": "Thakkar (Reetaben Rashmikantbhai)", "filerRelation": "Promoter", "moneyText": "", "startDate": "2013-12-04", "ownership": "D"}], "maxAge": 1}, "quoteType": {"exchange": "BSE", "quoteType": "EQUITY", "symbol": "AMRAPLIN.BO", "underlyingSymbol": "AMRAPLIN.BO", "shortName": "AMRAPALI INDUSTRIES LTD.", "longName": "Amrapali Industries Limited", "firstTradeDateEpochUtc": "2002-02-11 09:15:00", "timeZoneFullName": "Asia/Kolkata", "timeZoneShortName": "IST", "uuid": "db848d85-0ac9-3f7c-b450-801ce28b286b", "gmtOffSetMilliseconds": 19800000, "maxAge": 1}, "incomeStatementHistory": {"incomeStatementHistory": [{"maxAge": 1, "endDate": "2020-03-31", "totalRevenue": 132868982000, "costOfRevenue": 132752350000, "grossProfit": 116632000, "researchDevelopment": {}, "sellingGeneralAdministrative": 13325000, "nonRecurring": {}, "otherOperatingExpenses": 48927000, "totalOperatingExpenses": 132832281000, "operatingIncome": 36701000, "totalOtherIncomeExpenseNet": -30301000, "ebit": 36701000, "interestExpense": -48568000, "incomeBeforeTax": 6400000, "incomeTaxExpense": 1819000, "minorityInterest": {}, "netIncomeFromContinuingOps": 4581000, "discontinuedOperations": {}, "extraordinaryItems": {}, "effectOfAccountingCharges": {}, "otherItems": {}, "netIncome": 4581000, "netIncomeApplicableToCommonShares": 4581000}, {"maxAge": 1, "endDate": "2019-03-31", "totalRevenue": 140829069000, "costOfRevenue": 140795183000, "grossProfit": 33886000, "researchDevelopment": {}, "sellingGeneralAdministrative": 10853000, "nonRecurring": {}, "otherOperatingExpenses": 56781000, "totalOperatingExpenses": 140881918000, "operatingIncome": -52849000, "totalOtherIncomeExpenseNet": 48934000, "ebit": -52849000, "interestExpense": -30134000, "incomeBeforeTax": -3915000, "incomeTaxExpense": -3256000, "minorityInterest": {}, "netIncomeFromContinuingOps": -659000, "discontinuedOperations": {}, "extraordinaryItems": {}, "effectOfAccountingCharges": {}, "otherItems": {}, "netIncome": -659000, "netIncomeApplicableToCommonShares": -659000}, {"maxAge": 1, "endDate": "2018-03-31", "totalRevenue": 99657507000, "costOfRevenue": 99109975000, "grossProfit": 547532000, "researchDevelopment": {}, "sellingGeneralAdministrative": 10611000, "nonRecurring": {}, "otherOperatingExpenses": 449128000, "totalOperatingExpenses": 99590309000, "operatingIncome": 67198000, "totalOtherIncomeExpenseNet": -79002000, "ebit": 67198000, "interestExpense": -63709000, "incomeBeforeTax": -11804000, "incomeTaxExpense": 22492000, "minorityInterest": {}, "netIncomeFromContinuingOps": -34296000, "discontinuedOperations": {}, "extraordinaryItems": {}, "effectOfAccountingCharges": {}, "otherItems": {}, "netIncome": -34296000, "netIncomeApplicableToCommonShares": -34296000}, {"maxAge": 1, "endDate": "2017-03-31", "totalRevenue": 49352915000, "costOfRevenue": 49197904000, "grossProfit": 155011000, "researchDevelopment": {}, "sellingGeneralAdministrative": 10992000, "nonRecurring": {}, "otherOperatingExpenses": 43174000, "totalOperatingExpenses": 49272833000, "operatingIncome": 80082000, "totalOtherIncomeExpenseNet": -55158459, "ebit": 80082000, "interestExpense": -56178000, "incomeBeforeTax": 24923541, "incomeTaxExpense": 2774541, "minorityInterest": {}, "netIncomeFromContinuingOps": 22149000, "discontinuedOperations": {}, "extraordinaryItems": {}, "effectOfAccountingCharges": {}, "otherItems": {}, "netIncome": 22149000, "netIncomeApplicableToCommonShares": 22149000}], "maxAge": 86400}, "fundOwnership": {"ownershipList": [], "maxAge": 1}, "summaryDetail": {"maxAge": 1, "priceHint": 4, "previousClose": 4.5, "open": 4.5, "dayLow": 4.5, "dayHigh": 4.5, "regularMarketPreviousClose": 4.5, "regularMarketOpen": 4.5, "regularMarketDayLow": 4.5, "regularMarketDayHigh": 4.5, "trailingPE": 45.0, "volume": 661, "regularMarketVolume": 661, "averageVolume": 437198, "averageVolume10days": 765, "averageDailyVolume10Day": 765, "bid": 4.08, "ask": 4.5, "bidSize": 0, "askSize": 0, "marketCap": 231347696, "fiftyTwoWeekLow": 3.02, "fiftyTwoWeekHigh": 5.12, "fiftyDayAverage": 4.322121, "twoHundredDayAverage": 3.9132116, "currency": "INR", "fromCurrency": null, "lastMarket": null, "algorithm": null, "tradeable": false}, "incomeStatementHistoryQuarterly": {"incomeStatementHistory": [{"maxAge": 1, "endDate": "2020-06-30", "totalRevenue": 5975480000, "costOfRevenue": 5946610000, "grossProfit": 28870000, "researchDevelopment": {}, "sellingGeneralAdministrative": 1292000, "nonRecurring": {}, "otherOperatingExpenses": 8125000, "totalOperatingExpenses": 5960093000, "operatingIncome": 15387000, "totalOtherIncomeExpenseNet": -13242000, "ebit": 15387000, "interestExpense": -13242000, "incomeBeforeTax": 2145000, "incomeTaxExpense": 932000, "minorityInterest": {}, "netIncomeFromContinuingOps": 1213000, "discontinuedOperations": {}, "extraordinaryItems": {}, "effectOfAccountingCharges": {}, "otherItems": {}, "netIncome": 1213000, "netIncomeApplicableToCommonShares": 1213000}, {"maxAge": 1, "endDate": "2020-03-31", "totalRevenue": 30260877000, "costOfRevenue": 30166756000, "grossProfit": 94121000, "researchDevelopment": {}, "sellingGeneralAdministrative": 6196000, "nonRecurring": {}, "otherOperatingExpenses": 6963000, "totalOperatingExpenses": 30183668000, "operatingIncome": 77209000, "totalOtherIncomeExpenseNet": -79360000, "ebit": 77209000, "interestExpense": -19893000, "incomeBeforeTax": -2151000, "incomeTaxExpense": -2164000, "minorityInterest": {}, "netIncomeFromContinuingOps": 13000, "discontinuedOperations": {}, "extraordinaryItems": {}, "effectOfAccountingCharges": {}, "otherItems": {}, "netIncome": 13000, "netIncomeApplicableToCommonShares": 13000}, {"maxAge": 1, "endDate": "2019-12-31", "totalRevenue": 38714348000, "costOfRevenue": 38711595000, "grossProfit": 2753000, "researchDevelopment": {}, "sellingGeneralAdministrative": 3546000, "nonRecurring": {}, "otherOperatingExpenses": 16454000, "totalOperatingExpenses": 38736215000, "operatingIncome": -21867000, "totalOtherIncomeExpenseNet": 23527000, "ebit": -21867000, "interestExpense": -11505000, "incomeBeforeTax": 1660000, "incomeTaxExpense": 2517000, "minorityInterest": {}, "netIncomeFromContinuingOps": -857000, "discontinuedOperations": {}, "extraordinaryItems": {}, "effectOfAccountingCharges": {}, "otherItems": {}, "netIncome": -857000, "netIncomeApplicableToCommonShares": -857000}, {"maxAge": 1, "endDate": "2019-09-30", "totalRevenue": 9389045000, "costOfRevenue": 9373338000, "grossProfit": 15707000, "researchDevelopment": {}, "sellingGeneralAdministrative": 2213000, "nonRecurring": {}, "otherOperatingExpenses": 9898000, "totalOperatingExpenses": 9390113000, "operatingIncome": -1068000, "totalOtherIncomeExpenseNet": 7731000, "ebit": -1068000, "interestExpense": -7269000, "incomeBeforeTax": 6663000, "incomeTaxExpense": 1824000, "minorityInterest": {}, "netIncomeFromContinuingOps": 4839000, "discontinuedOperations": {}, "extraordinaryItems": {}, "effectOfAccountingCharges": {}, "otherItems": {}, "netIncome": 4839000, "netIncomeApplicableToCommonShares": 4839000}], "maxAge": 86400}, "cashflowStatementHistoryQuarterly": {"cashflowStatements": [{"maxAge": 1, "endDate": "2020-06-30", "netIncome": 1213000, "changeToLiabilities": 0}, {"maxAge": 1, "endDate": "2020-03-31", "netIncome": 13000, "changeToLiabilities": 0}, {"maxAge": 1, "endDate": "2019-12-31", "netIncome": -857000, "changeToLiabilities": 0}, {"maxAge": 1, "endDate": "2019-09-30", "netIncome": 4839000, "changeToLiabilities": 0}], "maxAge": 86400}, "insiderHolders": {"holders": [{"maxAge": 1, "name": "Thakkar (Chirag Yashvantbhai)", "relation": "Promoter", "url": "", "transactionDescription": "Acquisition", "latestTransDate": "2017-03-29", "positionDirect": 4500000, "positionDirectDate": "2017-03-29"}, {"maxAge": 1, "name": "Thakkar (Dharti Monalbhai)", "relation": "Promoter", "url": "", "transactionDescription": "Acquisition", "latestTransDate": "2017-03-28", "positionDirect": 1500000, "positionDirectDate": "2017-03-28"}, {"maxAge": 1, "name": "Thakkar (Krishna Monalbhai)", "relation": "Promoter", "url": "", "transactionDescription": "Sale", "latestTransDate": "2017-03-29", "positionDirect": 16500000, "positionDirectDate": "2017-03-29"}, {"maxAge": 1, "name": "Thakkar (Monal)", "relation": "Promoter", "url": "", "transactionDescription": "Acquisition", "latestTransDate": "2017-03-28", "positionDirect": 5817275, "positionDirectDate": "2017-03-28"}, {"maxAge": 1, "name": "Thakkar (Reetaben Rashmikantbhai)", "relation": "Promoter", "url": "", "transactionDescription": "Acquisition", "latestTransDate": "2017-03-28", "positionDirect": 3500000, "positionDirectDate": "2017-03-28"}, {"maxAge": 1, "name": "Thakkar (Sunny Rashmikant)", "relation": "Promoter", "url": "", "transactionDescription": "Sale", "latestTransDate": "2017-03-28", "positionDirect": 0, "positionDirectDate": "2017-03-28"}, {"maxAge": 1, "name": "Thakkar (Yashwant A.)", "relation": "Promoter", "url": "", "transactionDescription": "Sale", "latestTransDate": "2017-03-27", "positionDirect": 0, "positionDirectDate": "2017-03-27"}], "maxAge": 1}, "calendarEvents": {"maxAge": 1, "earnings": {"earningsDate": []}}, "upgradeDowngradeHistory": {"history": [], "maxAge": 86400}, "price": {"maxAge": 1, "regularMarketChangePercent": 0.0, "regularMarketChange": 0.0, "regularMarketTime": "2021-04-30 12:49:37", "priceHint": 4, "regularMarketPrice": 4.5, "regularMarketDayHigh": 4.5, "regularMarketDayLow": 4.5, "regularMarketVolume": 661, "averageDailyVolume10Day": 765, "averageDailyVolume3Month": 437198, "regularMarketPreviousClose": 4.5, "regularMarketSource": "FREE_REALTIME", "regularMarketOpen": 4.5, "exchange": "BSE", "exchangeName": "BSE", "exchangeDataDelayedBy": 0, "marketState": "CLOSED", "quoteType": "EQUITY", "symbol": "AMRAPLIN.BO", "underlyingSymbol": null, "shortName": "AMRAPALI INDUSTRIES LTD.", "longName": "Amrapali Industries Limited", "currency": "INR", "quoteSourceName": "Delayed Quote", "currencySymbol": "\u20b9", "fromCurrency": null, "lastMarket": null, "marketCap": 231347696}, "balanceSheetHistory": {"balanceSheetStatements": [{"maxAge": 1, "endDate": "2020-03-31", "cash": 23168000, "netReceivables": 158003000, "inventory": 248019000, "otherCurrentAssets": 256517000, "totalCurrentAssets": 685707000, "longTermInvestments": 475056000, "propertyPlantEquipment": 249755000, "goodWill": 36455000, "otherAssets": 246298000, "totalAssets": 1693271000, "accountsPayable": 169636000, "otherCurrentLiab": 694732000, "otherLiab": 27068000, "totalCurrentLiabilities": 1388451000, "totalLiab": 1415519000, "commonStock": 257053000, "retainedEarnings": 20700000, "treasuryStock": -1000, "otherStockholderEquity": -1000, "totalStockholderEquity": 277752000, "netTangibleAssets": 241297000}, {"maxAge": 1, "endDate": "2019-03-31", "cash": 93780000, "netReceivables": 268797000, "inventory": 13057000, "otherCurrentAssets": 133794000, "totalCurrentAssets": 509428000, "longTermInvestments": 344317000, "propertyPlantEquipment": 266368000, "goodWill": 36455000, "otherAssets": 39699000, "totalAssets": 1196267000, "accountsPayable": 2355000, "otherCurrentLiab": 375314000, "otherLiab": 25449000, "totalCurrentLiabilities": 897645000, "totalLiab": 923094000, "commonStock": 257053000, "retainedEarnings": 16120000, "totalStockholderEquity": 273173000, "netTangibleAssets": 236718000}, {"maxAge": 1, "endDate": "2018-03-31", "cash": 39584000, "netReceivables": 53699000, "inventory": 24871000, "otherCurrentAssets": 233107000, "totalCurrentAssets": 351261000, "longTermInvestments": 227100000, "propertyPlantEquipment": 283623000, "goodWill": 36455000, "otherAssets": 41888000, "totalAssets": 940327000, "accountsPayable": 25512000, "otherCurrentLiab": 132685000, "longTermDebt": 92150000, "otherLiab": 27326000, "totalCurrentLiabilities": 547002000, "totalLiab": 666478000, "commonStock": 257053000, "retainedEarnings": 16796000, "totalStockholderEquity": 273849000, "netTangibleAssets": 237394000}, {"maxAge": 1, "endDate": "2017-03-31", "cash": 54749000, "netReceivables": 38730000, "inventory": 20242000, "otherCurrentAssets": 222376000, "totalCurrentAssets": 336097000, "longTermInvestments": 173643000, "propertyPlantEquipment": 300669000, "goodWill": 36455000, "otherAssets": 41826000, "totalAssets": 888690000, "accountsPayable": 57298000, "otherCurrentLiab": 286387000, "longTermDebt": 2150000, "otherLiab": 8439000, "totalCurrentLiabilities": 569270000, "totalLiab": 579859000, "commonStock": 257053000, "retainedEarnings": 51779000, "treasuryStock": -1000, "otherStockholderEquity": -1000, "totalStockholderEquity": 308831000, "netTangibleAssets": 272376000}], "maxAge": 86400}, "financialData": {"maxAge": 86400, "currentPrice": 4.5, "recommendationKey": "none", "grossProfits": 116632000, "financialCurrency": "INR"}}}