{"AMRITCORP.BO": {"recommendationTrend": {"trend": [{"period": "0m", "strongBuy": 0, "buy": 0, "hold": 0, "sell": 0, "strongSell": 0}, {"period": "-1m", "strongBuy": 0, "buy": 0, "hold": 0, "sell": 0, "strongSell": 0}, {"period": "-2m", "strongBuy": 0, "buy": 0, "hold": 0, "sell": 0, "strongSell": 0}, {"period": "-3m", "strongBuy": 0, "buy": 0, "hold": 0, "sell": 0, "strongSell": 0}], "maxAge": 86400}, "cashflowStatementHistory": {"cashflowStatements": [{"maxAge": 1, "endDate": "2020-03-31", "netIncome": -25929000, "depreciation": 22423000, "changeToNetincome": -19161000, "changeToAccountReceivables": -464000, "changeToLiabilities": 1968000, "changeToInventory": -27472000, "changeToOperatingActivities": 4206000, "totalCashFromOperatingActivities": -44429000, "capitalExpenditures": -115627000, "investments": 118759000, "otherCashflowsFromInvestingActivities": 73855000, "totalCashflowsFromInvestingActivities": 66462000, "dividendsPaid": -38559000, "netBorrowings": 311000, "otherCashflowsFromFinancingActivities": 2290000, "totalCashFromFinancingActivities": -35958000, "changeInCash": -13925000}, {"maxAge": 1, "endDate": "2019-03-31", "netIncome": 113873000, "depreciation": 16888000, "changeToNetincome": -102412000, "changeToAccountReceivables": 615000, "changeToLiabilities": 4462000, "changeToInventory": -3058000, "changeToOperatingActivities": -122855000, "totalCashFromOperatingActivities": -92487000, "capitalExpenditures": -44759000, "investments": 41648000, "otherCashflowsFromInvestingActivities": 84914000, "totalCashflowsFromInvestingActivities": 113366000, "dividendsPaid": -25706000, "netBorrowings": 3630000, "otherCashflowsFromFinancingActivities": -15125000, "totalCashFromFinancingActivities": -37201000, "changeInCash": -16322000}, {"maxAge": 1, "endDate": "2018-03-31", "netIncome": 165262000, "depreciation": 15511000, "changeToNetincome": -218034000, "changeToAccountReceivables": 1358000, "changeToLiabilities": -39828000, "changeToInventory": 7266000, "changeToOperatingActivities": -124189000, "totalCashFromOperatingActivities": -192645000, "capitalExpenditures": -44759000, "investments": 93316000, "otherCashflowsFromInvestingActivities": 136687000, "totalCashflowsFromInvestingActivities": 266086000, "dividendsPaid": -24099000, "netBorrowings": 2313000, "otherCashflowsFromFinancingActivities": -19380000, "totalCashFromFinancingActivities": -41166000, "changeInCash": 32275000}, {"maxAge": 1, "endDate": "2017-03-31", "netIncome": 120676000, "depreciation": 14956000, "changeToNetincome": -202088000, "changeToAccountReceivables": -4073000, "changeToLiabilities": 45682000, "changeToInventory": -4739000, "changeToOperatingActivities": -86584000, "totalCashFromOperatingActivities": -116159000, "capitalExpenditures": -33284000, "investments": 45095000, "otherCashflowsFromInvestingActivities": 75949000, "totalCashflowsFromInvestingActivities": 96741000, "dividendsPaid": -24099000, "netBorrowings": 859000, "otherCashflowsFromFinancingActivities": -20825000, "totalCashFromFinancingActivities": -19966000, "changeInCash": -39384000}], "maxAge": 86400}, "institutionOwnership": {"maxAge": 1, "ownershipList": []}, "balanceSheetHistoryQuarterly": {"balanceSheetStatements": [{"maxAge": 1, "endDate": "2020-06-30", "totalStockholderEquity": 1983908000, "netTangibleAssets": 1983908000}, {"maxAge": 1, "endDate": "2020-03-31", "cash": 7762000, "shortTermInvestments": 6650000, "netReceivables": 51390000, "inventory": 78450000, "otherCurrentAssets": 42944000, "totalCurrentAssets": 479213000, "longTermInvestments": 1183353000, "propertyPlantEquipment": 267020000, "otherAssets": 132570000, "deferredLongTermAssetCharges": 49967000, "totalAssets": 2062156000, "accountsPayable": 12959000, "otherCurrentLiab": 7158000, "longTermDebt": 6022000, "otherLiab": 10549000, "totalCurrentLiabilities": 55271000, "totalLiab": 78248000, "commonStock": 32132000, "retainedEarnings": 1939360000, "treasuryStock": 12416000, "otherStockholderEquity": 12416000, "totalStockholderEquity": 1983908000, "netTangibleAssets": 1983908000}, {"maxAge": 1, "endDate": "2019-12-31", "totalStockholderEquity": 2066470000, "netTangibleAssets": 2066470000}, {"maxAge": 1, "endDate": "2019-09-30", "cash": 79873000, "shortTermInvestments": 374919000, "netReceivables": 59417000, "inventory": 50914000, "otherCurrentAssets": 12333000, "totalCurrentAssets": 577456000, "longTermInvestments": 1335181000, "propertyPlantEquipment": 209741000, "otherAssets": 83000000, "deferredLongTermAssetCharges": 13083000, "totalAssets": 2205378000, "accountsPayable": 17852000, "otherCurrentLiab": 89763000, "longTermDebt": 9876000, "otherLiab": 10149000, "totalCurrentLiabilities": 118883000, "totalLiab": 138908000, "commonStock": 32132000, "treasuryStock": 2034338000, "otherStockholderEquity": 2034338000, "totalStockholderEquity": 2066470000, "netTangibleAssets": 2066470000}], "maxAge": 86400}, "earningsHistory": {"history": [{"maxAge": 1, "epsActual": {}, "epsEstimate": {}, "epsDifference": {}, "surprisePercent": {}, "quarter": {}, "period": "-4q"}, {"maxAge": 1, "epsActual": {}, "epsEstimate": {}, "epsDifference": {}, "surprisePercent": {}, "quarter": {}, "period": "-3q"}, {"maxAge": 1, "epsActual": {}, "epsEstimate": {}, "epsDifference": {}, "surprisePercent": {}, "quarter": {}, "period": "-2q"}, {"maxAge": 1, "epsActual": 15.58, "epsEstimate": 40.86, "epsDifference": -25.28, "surprisePercent": -0.619, "quarter": "2017-06-30", "period": "-1q"}], "maxAge": 86400}, "indexTrend": {"maxAge": 1, "symbol": "SP5", "peRatio": 19.7411, "pegRatio": 1.34172, "estimates": [{"period": "0q", "growth": 0.549}, {"period": "+1q", "growth": 0.431}, {"period": "0y", "growth": 0.305}, {"period": "+1y", "growth": 0.109}, {"period": "+5y", "growth": 0.120859005}, {"period": "-5y"}]}, "industryTrend": {"maxAge": 1, "symbol": null, "estimates": []}, "insiderTransactions": {"transactions": [{"maxAge": 1, "shares": 658, "value": 7236, "filerUrl": "", "transactionText": "Sale at price 11.00 per share.", "filerName": "A K Bajaj Investment Pvt Ltd", "filerRelation": "Promoter", "moneyText": "", "startDate": "2020-08-07", "ownership": "D"}, {"maxAge": 1, "shares": 3326, "value": 36580, "filerUrl": "", "transactionText": "Sale at price 11.00 per share.", "filerName": "V K Bajaj Inv Pvt Ltd.", "filerRelation": "Promoter", "moneyText": "", "startDate": "2020-08-07", "ownership": "D"}, {"maxAge": 1, "shares": 73, "value": 802, "filerUrl": "", "transactionText": "Sale at price 11.00 per share.", "filerName": "Sunita Mor", "filerRelation": "Promoter", "moneyText": "", "startDate": "2020-08-07", "ownership": "D"}, {"maxAge": 1, "shares": 9882, "value": 108684, "filerUrl": "", "transactionText": "Sale at price 11.00 per share.", "filerName": "Navjyoti Residency Pvt Ltd", "filerRelation": "Promoter", "moneyText": "", "startDate": "2020-08-07", "ownership": "D"}, {"maxAge": 1, "shares": 250, "value": 2749, "filerUrl": "", "transactionText": "Sale at price 11.00 per share.", "filerName": "Mor (Manvendra)", "filerRelation": "Promoter", "moneyText": "", "startDate": "2020-08-07", "ownership": "D"}, {"maxAge": 1, "shares": 780, "value": 8578, "filerUrl": "", "transactionText": "Sale at price 11.00 per share.", "filerName": "Jatia (Sneha)", "filerRelation": "Promoter", "moneyText": "", "startDate": "2020-08-07", "ownership": "D"}, {"maxAge": 1, "shares": 80, "value": 879, "filerUrl": "", "transactionText": "Sale at price 11.00 per share.", "filerName": "Gupta (Anuradha)", "filerRelation": "Promoter", "moneyText": "", "startDate": "2020-08-07", "ownership": "D"}, {"maxAge": 1, "shares": 9162, "value": 100765, "filerUrl": "", "transactionText": "Sale at price 11.00 per share.", "filerName": "Bajaj (Vikram Kumar)", "filerRelation": "Promoter", "moneyText": "", "startDate": "2020-08-07", "ownership": "D"}, {"maxAge": 1, "shares": 142, "value": 1561, "filerUrl": "", "transactionText": "Sale at price 11.00 per share.", "filerName": "Bajaj (Varun)", "filerRelation": "Promoter", "moneyText": "", "startDate": "2020-08-07", "ownership": "D"}, {"maxAge": 1, "shares": 7546, "value": 82992, "filerUrl": "", "transactionText": "Sale at price 11.00 per share.", "filerName": "Bajaj (Vandana)", "filerRelation": "Promoter", "moneyText": "", "startDate": "2020-08-07", "ownership": "D"}, {"maxAge": 1, "shares": 3387, "value": 37250, "filerUrl": "", "transactionText": "Sale at price 11.00 per share.", "filerName": "Bajaj (Naresh Kumar)", "filerRelation": "Managing Director", "moneyText": "", "startDate": "2020-08-07", "ownership": "D"}, {"maxAge": 1, "shares": 7536, "value": 82882, "filerUrl": "", "transactionText": "Sale at price 11.00 per share.", "filerName": "Bajaj (Jaya)", "filerRelation": "Promoter", "moneyText": "", "startDate": "2020-08-07", "ownership": "D"}, {"maxAge": 1, "shares": 66120, "value": 727200, "filerUrl": "", "transactionText": "Sale at price 11.00 per share.", "filerName": "Amrit Banaspati Co. Ltd.", "filerRelation": "Promoter", "moneyText": "", "startDate": "2020-08-07", "ownership": "D"}, {"maxAge": 1, "shares": 15690, "value": 172561, "filerUrl": "", "transactionText": "Sale at price 11.00 per share.", "filerName": "Amrit Agro Industries Ltd.", "filerRelation": "Promoter", "moneyText": "", "startDate": "2020-08-07", "ownership": "D"}, {"maxAge": 1, "shares": 138936, "value": 1528045, "filerUrl": "", "transactionText": "Sale at price 11.00 per share.", "filerName": "Bajaj (Ashwini Kumar)", "filerRelation": "Managing Director", "moneyText": "", "startDate": "2020-08-07", "ownership": "D"}], "maxAge": 1}, "quoteType": {"exchange": "BSE", "quoteType": "EQUITY", "symbol": "AMRITCORP.BO", "underlyingSymbol": "AMRITCORP.BO", "shortName": "AMRIT CORP.LTD.", "longName": "Amrit Corp. Limited", "firstTradeDateEpochUtc": "2002-07-01 09:15:00", "timeZoneFullName": "Asia/Kolkata", "timeZoneShortName": "IST", "uuid": "463bdc0e-9b69-3107-8547-b411b6fe3fe8", "messageBoardId": null, "gmtOffSetMilliseconds": 19800000, "maxAge": 1}, "incomeStatementHistory": {"incomeStatementHistory": [{"maxAge": 1, "endDate": "2020-03-31", "totalRevenue": 742468000, "costOfRevenue": 474939000, "grossProfit": 267529000, "researchDevelopment": {}, "sellingGeneralAdministrative": 100390000, "nonRecurring": {}, "otherOperatingExpenses": 184594000, "totalOperatingExpenses": 782346000, "operatingIncome": -39878000, "totalOtherIncomeExpenseNet": -30194000, "ebit": -39878000, "interestExpense": -2914000, "incomeBeforeTax": -70072000, "incomeTaxExpense": -44143000, "minorityInterest": {}, "netIncomeFromContinuingOps": -25929000, "discontinuedOperations": {}, "extraordinaryItems": {}, "effectOfAccountingCharges": {}, "otherItems": {}, "netIncome": -25929000, "netIncomeApplicableToCommonShares": -25929000}, {"maxAge": 1, "endDate": "2019-03-31", "totalRevenue": 681109000, "costOfRevenue": 388408000, "grossProfit": 292701000, "researchDevelopment": {}, "sellingGeneralAdministrative": 87759000, "nonRecurring": {}, "otherOperatingExpenses": 170084000, "totalOperatingExpenses": 663139000, "operatingIncome": 17970000, "totalOtherIncomeExpenseNet": 86324000, "ebit": 17970000, "interestExpense": -7714000, "incomeBeforeTax": 104294000, "incomeTaxExpense": -9579000, "minorityInterest": {}, "netIncomeFromContinuingOps": 113873000, "discontinuedOperations": {}, "extraordinaryItems": {}, "effectOfAccountingCharges": {}, "otherItems": {}, "netIncome": 113873000, "netIncomeApplicableToCommonShares": 113873000}, {"maxAge": 1, "endDate": "2018-03-31", "totalRevenue": 543632000, "costOfRevenue": 327850000, "grossProfit": 215782000, "researchDevelopment": {}, "sellingGeneralAdministrative": 73212000, "nonRecurring": {}, "otherOperatingExpenses": 167635000, "totalOperatingExpenses": 584217000, "operatingIncome": -40585000, "totalOtherIncomeExpenseNet": 214287000, "ebit": -40585000, "interestExpense": -15350000, "incomeBeforeTax": 173702000, "incomeTaxExpense": 8440000, "minorityInterest": {}, "netIncomeFromContinuingOps": 165262000, "discontinuedOperations": {}, "extraordinaryItems": {}, "effectOfAccountingCharges": {}, "otherItems": {}, "netIncome": 165262000, "netIncomeApplicableToCommonShares": 165262000}, {"maxAge": 1, "endDate": "2017-03-31", "totalRevenue": 473517000, "costOfRevenue": 312218000, "grossProfit": 161299000, "researchDevelopment": {}, "sellingGeneralAdministrative": 74103000, "nonRecurring": {}, "otherOperatingExpenses": 138852000, "totalOperatingExpenses": 540140000, "operatingIncome": -66623000, "totalOtherIncomeExpenseNet": 192808000, "ebit": -66623000, "interestExpense": -20999000, "incomeBeforeTax": 126185000, "incomeTaxExpense": 5509000, "minorityInterest": {}, "netIncomeFromContinuingOps": 120676000, "discontinuedOperations": {}, "extraordinaryItems": {}, "effectOfAccountingCharges": {}, "otherItems": {}, "netIncome": 120676000, "netIncomeApplicableToCommonShares": 120676000}], "maxAge": 86400}, "fundOwnership": {"maxAge": 1, "ownershipList": []}, "summaryDetail": {"maxAge": 1, "priceHint": 2, "previousClose": 699.0, "open": 683.1, "dayLow": 683.1, "dayHigh": 700.0, "regularMarketPreviousClose": 699.0, "regularMarketOpen": 683.1, "regularMarketDayLow": 683.1, "regularMarketDayHigh": 700.0, "forwardPE": 13.838806, "volume": 34, "regularMarketVolume": 34, "averageVolume": 78, "averageVolume10days": 193, "averageDailyVolume10Day": 193, "bid": 695.0, "ask": 708.0, "bidSize": 0, "askSize": 0, "marketCap": 2112785280, "fiftyTwoWeekLow": 545.0, "fiftyTwoWeekHigh": 825.0, "fiftyDayAverage": 715.9986, "twoHundredDayAverage": 732.4854, "trailingAnnualDividendRate": 2.5, "trailingAnnualDividendYield": 0.0035765378, "currency": "INR", "fromCurrency": null, "toCurrency": null, "lastMarket": null, "algorithm": null, "tradeable": false}, "sectorTrend": {"maxAge": 1, "symbol": null, "estimates": []}, "incomeStatementHistoryQuarterly": {"incomeStatementHistory": [{"maxAge": 1, "endDate": "2020-06-30", "totalRevenue": 49428000, "costOfRevenue": 29798000, "grossProfit": 19630000, "researchDevelopment": {}, "sellingGeneralAdministrative": 24235000, "nonRecurring": {}, "otherOperatingExpenses": 22768000, "totalOperatingExpenses": 82554000, "operatingIncome": -33126000, "totalOtherIncomeExpenseNet": 88955000, "ebit": -33126000, "interestExpense": -484000, "incomeBeforeTax": 55829000, "incomeTaxExpense": 23448000, "minorityInterest": {}, "netIncomeFromContinuingOps": 32381000, "discontinuedOperations": {}, "extraordinaryItems": {}, "effectOfAccountingCharges": {}, "otherItems": {}, "netIncome": 32381000, "netIncomeApplicableToCommonShares": 32381000}, {"maxAge": 1, "endDate": "2020-03-31", "totalRevenue": 151114000, "costOfRevenue": 115376000, "grossProfit": 35738000, "researchDevelopment": {}, "sellingGeneralAdministrative": 27664000, "nonRecurring": {}, "otherOperatingExpenses": 23763000, "totalOperatingExpenses": 175333000, "operatingIncome": -24219000, "totalOtherIncomeExpenseNet": -146500000, "ebit": -24219000, "interestExpense": -1297000, "incomeBeforeTax": -170719000, "incomeTaxExpense": -53594000, "minorityInterest": {}, "netIncomeFromContinuingOps": -117125000, "discontinuedOperations": {}, "extraordinaryItems": {}, "effectOfAccountingCharges": {}, "otherItems": {}, "netIncome": -117125000, "netIncomeApplicableToCommonShares": -117125000}, {"maxAge": 1, "endDate": "2019-12-31", "totalRevenue": 199344000, "costOfRevenue": 123237000, "grossProfit": 76107000, "researchDevelopment": {}, "sellingGeneralAdministrative": 25605000, "nonRecurring": {}, "otherOperatingExpenses": 51257000, "totalOperatingExpenses": 205003000, "operatingIncome": -5659000, "totalOtherIncomeExpenseNet": 68456000, "ebit": -5659000, "interestExpense": -335000, "incomeBeforeTax": 62797000, "incomeTaxExpense": 12619000, "minorityInterest": {}, "netIncomeFromContinuingOps": 50178000, "discontinuedOperations": {}, "extraordinaryItems": {}, "effectOfAccountingCharges": {}, "otherItems": {}, "netIncome": 50178000, "netIncomeApplicableToCommonShares": 50178000}, {"maxAge": 1, "endDate": "2019-09-30", "totalRevenue": 192741000, "costOfRevenue": 120370000, "grossProfit": 72371000, "researchDevelopment": {}, "sellingGeneralAdministrative": 24149000, "nonRecurring": {}, "otherOperatingExpenses": 52480000, "totalOperatingExpenses": 201551000, "operatingIncome": -8810000, "totalOtherIncomeExpenseNet": 15939000, "ebit": -8810000, "interestExpense": -945000, "incomeBeforeTax": 7129000, "incomeTaxExpense": -2790000, "minorityInterest": {}, "netIncomeFromContinuingOps": 9919000, "discontinuedOperations": {}, "extraordinaryItems": {}, "effectOfAccountingCharges": {}, "otherItems": {}, "netIncome": 9919000, "netIncomeApplicableToCommonShares": 9919000}], "maxAge": 86400}, "cashflowStatementHistoryQuarterly": {"cashflowStatements": [{"maxAge": 1, "endDate": "2020-06-30", "netIncome": 32381000, "changeToLiabilities": 0}, {"maxAge": 1, "endDate": "2020-03-31", "netIncome": -117125000, "changeToLiabilities": 0}, {"maxAge": 1, "endDate": "2019-12-31", "netIncome": 50178000, "changeToLiabilities": 0}, {"maxAge": 1, "endDate": "2019-09-30", "netIncome": 9919000, "changeToLiabilities": 0}], "maxAge": 86400}, "insiderHolders": {"holders": [{"maxAge": 1, "name": "A K Bajaj Investment Pvt Ltd", "relation": "Promoter", "url": "", "transactionDescription": "Sale", "latestTransDate": "2020-08-07", "positionDirect": 118568, "positionDirectDate": "2020-08-07"}, {"maxAge": 1, "name": "Bajaj (Vandana)", "relation": "Promoter", "url": "", "transactionDescription": "Sale", "latestTransDate": "2020-08-07", "positionDirect": 121271, "positionDirectDate": "2020-08-07"}, {"maxAge": 1, "name": "Bajaj (Varun)", "relation": "Promoter", "url": "", "transactionDescription": "Sale", "latestTransDate": "2020-08-07", "positionDirect": 2295, "positionDirectDate": "2020-08-07"}, {"maxAge": 1, "name": "Bajaj (Vikram Kumar)", "relation": "Promoter", "url": "", "transactionDescription": "Sale", "latestTransDate": "2020-08-07", "positionDirect": 147238, "positionDirectDate": "2020-08-07"}, {"maxAge": 1, "name": "Gupta (Anuradha)", "relation": "Promoter", "url": "", "transactionDescription": "Sale", "latestTransDate": "2020-08-07", "positionDirect": 1545, "positionDirectDate": "2020-08-07"}, {"maxAge": 1, "name": "Jatia (Sneha)", "relation": "Promoter", "url": "", "transactionDescription": "Sale", "latestTransDate": "2020-08-07", "positionDirect": 12546, "positionDirectDate": "2020-08-07"}, {"maxAge": 1, "name": "Mor (Manvendra)", "relation": "Promoter", "url": "", "transactionDescription": "Sale", "latestTransDate": "2020-08-07", "positionDirect": 0, "positionDirectDate": "2020-08-07"}, {"maxAge": 1, "name": "Navjyoti Residency Pvt Ltd", "relation": "Promoter", "url": "", "transactionDescription": "Sale", "latestTransDate": "2020-08-07", "positionDirect": 158817, "positionDirectDate": "2020-08-07"}, {"maxAge": 1, "name": "Sunita Mor", "relation": "Promoter", "url": "", "transactionDescription": "Sale", "latestTransDate": "2020-08-07", "positionDirect": 1189, "positionDirectDate": "2020-08-07"}, {"maxAge": 1, "name": "V K Bajaj Inv Pvt Ltd.", "relation": "Promoter", "url": "", "transactionDescription": "Sale", "latestTransDate": "2020-08-07", "positionDirect": 53451, "positionDirectDate": "2020-08-07"}], "maxAge": 1}, "earnings": {"maxAge": 86400, "earningsChart": {"quarterly": [{"date": "2Q2017", "actual": 15.58, "estimate": 40.86}], "currentQuarterEstimateDate": "3Q", "currentQuarterEstimateYear": 2017, "earningsDate": []}, "financialsChart": {"yearly": [{"date": 2017, "revenue": 473517000, "earnings": 120676000}, {"date": 2018, "revenue": 543632000, "earnings": 165262000}, {"date": 2019, "revenue": 681109000, "earnings": 113873000}, {"date": 2020, "revenue": 742468000, "earnings": -25929000}], "quarterly": [{"date": "3Q2019", "revenue": 192741000, "earnings": 9919000}, {"date": "4Q2019", "revenue": 199344000, "earnings": 50178000}, {"date": "1Q2020", "revenue": 151114000, "earnings": -117125000}, {"date": "2Q2020", "revenue": 49428000, "earnings": 32381000}]}, "financialCurrency": "INR"}, "calendarEvents": {"maxAge": 1, "earnings": {"earningsDate": [], "revenueAverage": 200226000}}, "price": {"maxAge": 1, "regularMarketChangePercent": -0.00515018, "regularMarketChange": -3.5999756, "regularMarketTime": "2021-04-30 15:29:52", "priceHint": 2, "regularMarketPrice": 695.4, "regularMarketDayHigh": 700.0, "regularMarketDayLow": 683.1, "regularMarketVolume": 34, "averageDailyVolume10Day": 193, "averageDailyVolume3Month": 78, "regularMarketPreviousClose": 699.0, "regularMarketSource": "FREE_REALTIME", "regularMarketOpen": 683.1, "exchange": "BSE", "exchangeName": "BSE", "exchangeDataDelayedBy": 0, "marketState": "CLOSED", "quoteType": "EQUITY", "symbol": "AMRITCORP.BO", "underlyingSymbol": null, "shortName": "AMRIT CORP.LTD.", "longName": "Amrit Corp. Limited", "currency": "INR", "quoteSourceName": "Delayed Quote", "currencySymbol": "\u20b9", "fromCurrency": null, "toCurrency": null, "lastMarket": null, "marketCap": 2112785280}, "balanceSheetHistory": {"balanceSheetStatements": [{"maxAge": 1, "endDate": "2020-03-31", "cash": 7762000, "shortTermInvestments": 6650000, "netReceivables": 51390000, "inventory": 78450000, "otherCurrentAssets": 42944000, "totalCurrentAssets": 479213000, "longTermInvestments": 1183353000, "propertyPlantEquipment": 267020000, "otherAssets": 132570000, "deferredLongTermAssetCharges": 49967000, "totalAssets": 2062156000, "accountsPayable": 12959000, "otherCurrentLiab": 7158000, "longTermDebt": 6022000, "otherLiab": 10549000, "totalCurrentLiabilities": 55271000, "totalLiab": 78248000, "commonStock": 32132000, "retainedEarnings": 1939360000, "treasuryStock": 12416000, "otherStockholderEquity": 12416000, "totalStockholderEquity": 1983908000, "netTangibleAssets": 1983908000}, {"maxAge": 1, "endDate": "2019-03-31", "cash": 18567000, "shortTermInvestments": 4450000, "netReceivables": 72098000, "inventory": 50978000, "otherCurrentAssets": 28245000, "totalCurrentAssets": 445080000, "longTermInvestments": 1442108000, "propertyPlantEquipment": 175420000, "otherAssets": 64275000, "deferredLongTermAssetCharges": 5132000, "totalAssets": 2126883000, "accountsPayable": 13751000, "otherCurrentLiab": 10198000, "longTermDebt": 4795000, "otherLiab": 9206000, "totalCurrentLiabilities": 48968000, "totalLiab": 66756000, "commonStock": 32132000, "retainedEarnings": 2014587000, "treasuryStock": 13408000, "otherStockholderEquity": 13408000, "totalStockholderEquity": 2060127000, "netTangibleAssets": 2060127000}, {"maxAge": 1, "endDate": "2018-03-31", "cash": 43696000, "shortTermInvestments": 450000, "netReceivables": 60603000, "inventory": 47920000, "otherCurrentAssets": 59097000, "totalCurrentAssets": 353568000, "longTermInvestments": 1616280000, "propertyPlantEquipment": 149788000, "otherAssets": 89055000, "totalAssets": 2208691000, "accountsPayable": 11303000, "otherCurrentLiab": 9717000, "longTermDebt": 410000, "otherLiab": 25049000, "totalCurrentLiabilities": 191711000, "totalLiab": 221712000, "commonStock": 32132000, "retainedEarnings": 1934215000, "treasuryStock": 20632000, "otherStockholderEquity": 20632000, "totalStockholderEquity": 1986979000, "netTangibleAssets": 1986979000}, {"maxAge": 1, "endDate": "2017-03-31", "cash": 16241000, "netReceivables": 65012000, "inventory": 55186000, "otherCurrentAssets": 198020000, "totalCurrentAssets": 431223000, "longTermInvestments": 1630995000, "propertyPlantEquipment": 148547000, "intangibleAssets": 8000, "otherAssets": 94337000, "totalAssets": 2305110000, "accountsPayable": 14088000, "otherCurrentLiab": 38221000, "longTermDebt": 405000, "otherLiab": 47059000, "totalCurrentLiabilities": 386902000, "totalLiab": 436601000, "commonStock": 32132000, "retainedEarnings": 1801113000, "treasuryStock": 35264000, "otherStockholderEquity": 35264000, "totalStockholderEquity": 1868509000, "netTangibleAssets": 1868501000}], "maxAge": 86400}, "earningsTrend": {"trend": [{"maxAge": 1, "period": "0q", "endDate": "2017-09-30", "growth": {}, "earningsEstimate": {"avg": 0.0, "low": 0.0, "high": 0.0, "yearAgoEps": {}, "numberOfAnalysts": 0, "growth": {}}, "revenueEstimate": {"avg": 200226000, "low": 0, "high": 0, "numberOfAnalysts": 0, "yearAgoRevenue": {}, "growth": {}}, "epsTrend": {"current": 0.0, "7daysAgo": 0.0, "30daysAgo": 0.0, "60daysAgo": 0.0, "90daysAgo": 0.0}, "epsRevisions": {"upLast7days": 0, "upLast30days": 0, "downLast30days": 0, "downLast90days": {}}}, {"maxAge": 1, "period": "+1q", "endDate": "2017-12-31", "growth": {}, "earningsEstimate": {"avg": 0.0, "low": 0.0, "high": 0.0, "yearAgoEps": {}, "numberOfAnalysts": 0, "growth": {}}, "revenueEstimate": {"avg": 245153000, "low": 0, "high": 0, "numberOfAnalysts": 0, "yearAgoRevenue": {}, "growth": {}}, "epsTrend": {"current": 0.0, "7daysAgo": 0.0, "30daysAgo": 0.0, "60daysAgo": 0.0, "90daysAgo": 0.0}, "epsRevisions": {"upLast7days": 0, "upLast30days": 0, "downLast30days": 0, "downLast90days": {}}}, {"maxAge": 1, "period": "0y", "endDate": "2018-03-31", "growth": {}, "earningsEstimate": {"avg": 0.0, "low": 0.0, "high": 0.0, "yearAgoEps": {}, "numberOfAnalysts": 0, "growth": {}}, "revenueEstimate": {"avg": 1548330000, "low": 569820000, "high": 569820000, "numberOfAnalysts": 1, "yearAgoRevenue": 676325000, "growth": 1.2889999}, "epsTrend": {"current": 0.0, "7daysAgo": 42.55, "30daysAgo": 42.55, "60daysAgo": 42.55, "90daysAgo": 42.55}, "epsRevisions": {"upLast7days": 0, "upLast30days": 0, "downLast30days": 0, "downLast90days": {}}}, {"maxAge": 1, "period": "+1y", "endDate": "2019-03-31", "growth": {}, "earningsEstimate": {"avg": 0.0, "low": 0.0, "high": 0.0, "yearAgoEps": {}, "numberOfAnalysts": 0, "growth": {}}, "revenueEstimate": {"avg": 655290000, "low": 655290000, "high": 655290000, "numberOfAnalysts": 1, "yearAgoRevenue": 1548330000, "growth": -0.577}, "epsTrend": {"current": 0.0, "7daysAgo": 50.25, "30daysAgo": 50.25, "60daysAgo": 50.25, "90daysAgo": 50.25}, "epsRevisions": {"upLast7days": 0, "upLast30days": 0, "downLast30days": 0, "downLast90days": {}}}, {"maxAge": 1, "period": "+5y", "endDate": null, "growth": {}, "earningsEstimate": {"avg": {}, "low": {}, "high": {}, "yearAgoEps": {}, "numberOfAnalysts": {}, "growth": {}}, "revenueEstimate": {"avg": {}, "low": {}, "high": {}, "numberOfAnalysts": {}, "yearAgoRevenue": {}, "growth": {}}, "epsTrend": {"current": {}, "7daysAgo": {}, "30daysAgo": {}, "60daysAgo": {}, "90daysAgo": {}}, "epsRevisions": {"upLast7days": {}, "upLast30days": {}, "downLast30days": {}, "downLast90days": {}}}, {"maxAge": 1, "period": "-5y", "endDate": null, "growth": {}, "earningsEstimate": {"avg": {}, "low": {}, "high": {}, "yearAgoEps": {}, "numberOfAnalysts": {}, "growth": {}}, "revenueEstimate": {"avg": {}, "low": {}, "high": {}, "numberOfAnalysts": {}, "yearAgoRevenue": {}, "growth": {}}, "epsTrend": {"current": {}, "7daysAgo": {}, "30daysAgo": {}, "60daysAgo": {}, "90daysAgo": {}}, "epsRevisions": {"upLast7days": {}, "upLast30days": {}, "downLast30days": {}, "downLast90days": {}}}], "maxAge": 1}, "financialData": {"maxAge": 86400, "currentPrice": 695.4, "recommendationKey": "none", "grossProfits": 267529000, "financialCurrency": "INR"}}}