{"AMRUTANJAN.BO": {"recommendationTrend": {"trend": [{"period": "0m", "strongBuy": 0, "buy": 0, "hold": 0, "sell": 0, "strongSell": 0}, {"period": "-1m", "strongBuy": 0, "buy": 0, "hold": 0, "sell": 0, "strongSell": 0}, {"period": "-2m", "strongBuy": 0, "buy": 0, "hold": 0, "sell": 0, "strongSell": 0}, {"period": "-3m", "strongBuy": 0, "buy": 0, "hold": 0, "sell": 0, "strongSell": 0}], "maxAge": 86400}, "cashflowStatementHistory": {"cashflowStatements": [{"maxAge": 1, "endDate": "2020-03-31", "netIncome": 250833000, "depreciation": 41950000, "changeToNetincome": -69733000, "changeToAccountReceivables": 40954000, "changeToLiabilities": 16185000, "changeToInventory": -91391000, "changeToOperatingActivities": -8681000, "totalCashFromOperatingActivities": 181761000, "capitalExpenditures": -25444000, "investments": -174529000, "otherCashflowsFromInvestingActivities": 61471000, "totalCashflowsFromInvestingActivities": -138502000, "dividendsPaid": -62846000, "netBorrowings": -5635000, "otherCashflowsFromFinancingActivities": -19187000, "totalCashFromFinancingActivities": -116898000, "effectOfExchangeRate": -10000, "changeInCash": -73649000}, {"maxAge": 1, "endDate": "2019-03-31", "netIncome": 245143000, "depreciation": 30676000, "changeToNetincome": -56978000, "changeToAccountReceivables": -54431000, "changeToLiabilities": 34334000, "changeToInventory": -42191000, "changeToOperatingActivities": 54209000, "totalCashFromOperatingActivities": 211683000, "capitalExpenditures": -20391000, "investments": -138362000, "otherCashflowsFromInvestingActivities": 47937000, "totalCashflowsFromInvestingActivities": -110116000, "dividendsPaid": -57000000, "netBorrowings": -5635000, "otherCashflowsFromFinancingActivities": -12539000, "totalCashFromFinancingActivities": -69539000, "effectOfExchangeRate": -7000, "changeInCash": 32021000}, {"maxAge": 1, "endDate": "2018-03-31", "netIncome": 199730000, "depreciation": 28765000, "changeToNetincome": -42306000, "changeToAccountReceivables": 3133000, "changeToLiabilities": 13501000, "changeToInventory": -3320000, "changeToOperatingActivities": -8606000, "totalCashFromOperatingActivities": 191191000, "capitalExpenditures": -30606000, "investments": -128815000, "otherCashflowsFromInvestingActivities": 60177000, "totalCashflowsFromInvestingActivities": -78324000, "dividendsPaid": -56269000, "netBorrowings": -24828000, "otherCashflowsFromFinancingActivities": -13731000, "totalCashFromFinancingActivities": -94828000, "effectOfExchangeRate": -7000, "changeInCash": 18039000}, {"maxAge": 1, "endDate": "2017-03-31", "netIncome": 211426000, "depreciation": 28765000, "changeToNetincome": -42306000, "changeToAccountReceivables": 3133000, "changeToLiabilities": 0, "changeToInventory": -3320000, "changeToOperatingActivities": -8606000, "totalCashFromOperatingActivities": 191191000, "capitalExpenditures": -30606000, "investments": -128815000, "otherCashflowsFromInvestingActivities": 60177000, "totalCashflowsFromInvestingActivities": -78324000, "dividendsPaid": -56269000, "netBorrowings": -24828000, "otherCashflowsFromFinancingActivities": -13731000, "totalCashFromFinancingActivities": -94828000, "effectOfExchangeRate": -7000, "changeInCash": 18039000}], "maxAge": 86400}, "institutionOwnership": {"maxAge": 1, "ownershipList": []}, "balanceSheetHistoryQuarterly": {"balanceSheetStatements": [{"maxAge": 1, "endDate": "2020-06-30", "totalStockholderEquity": 1594256000, "netTangibleAssets": 1588969000}, {"maxAge": 1, "endDate": "2020-03-31", "cash": 72206000, "shortTermInvestments": 492489000, "netReceivables": 297197000, "inventory": 237159000, "otherCurrentAssets": 156056000, "totalCurrentAssets": 1258203000, "longTermInvestments": 451264000, "propertyPlantEquipment": 255747000, "intangibleAssets": 5287000, "otherAssets": 82951000, "deferredLongTermAssetCharges": 43997000, "totalAssets": 2053452000, "accountsPayable": 313425000, "otherCurrentLiab": 39026000, "otherLiab": 57400000, "totalCurrentLiabilities": 390627000, "totalLiab": 459196000, "commonStock": 29231000, "retainedEarnings": 1562256000, "treasuryStock": 2769000, "otherStockholderEquity": 2769000, "totalStockholderEquity": 1594256000, "netTangibleAssets": 1588969000}, {"maxAge": 1, "endDate": "2019-12-31", "totalStockholderEquity": 1493957000, "netTangibleAssets": 1487861000}, {"maxAge": 1, "endDate": "2019-09-30", "cash": 740143000, "shortTermInvestments": 93234000, "netReceivables": 241028000, "inventory": 214807000, "otherCurrentAssets": 64359000, "totalCurrentAssets": 1353571000, "longTermInvestments": 161166000, "propertyPlantEquipment": 267248000, "intangibleAssets": 6096000, "otherAssets": 202527000, "deferredLongTermAssetCharges": 42669000, "totalAssets": 1990608000, "accountsPayable": 322453000, "otherCurrentLiab": 94525000, "otherLiab": 62342000, "totalCurrentLiabilities": 422447000, "totalLiab": 496651000, "commonStock": 29231000, "treasuryStock": 1464726000, "otherStockholderEquity": 1464726000, "totalStockholderEquity": 1493957000, "netTangibleAssets": 1487861000}], "maxAge": 86400}, "earningsHistory": {"history": [{"maxAge": 1, "epsActual": {}, "epsEstimate": {}, "epsDifference": {}, "surprisePercent": {}, "quarter": {}, "period": "-4q"}, {"maxAge": 1, "epsActual": {}, "epsEstimate": {}, "epsDifference": {}, "surprisePercent": {}, "quarter": {}, "period": "-3q"}, {"maxAge": 1, "epsActual": {}, "epsEstimate": {}, "epsDifference": {}, "surprisePercent": {}, "quarter": {}, "period": "-2q"}, {"maxAge": 1, "epsActual": {}, "epsEstimate": {}, "epsDifference": {}, "surprisePercent": {}, "quarter": {}, "period": "-1q"}], "maxAge": 86400}, "indexTrend": {"maxAge": 1, "symbol": "SP5", "peRatio": 19.7411, "pegRatio": 1.34172, "estimates": [{"period": "0q", "growth": 0.549}, {"period": "+1q", "growth": 0.431}, {"period": "0y", "growth": 0.305}, {"period": "+1y", "growth": 0.109}, {"period": "+5y", "growth": 0.120865}, {"period": "-5y"}]}, "industryTrend": {"maxAge": 1, "symbol": null, "estimates": []}, "insiderTransactions": {"transactions": [{"maxAge": 1, "shares": 2871, "filerUrl": "", "transactionText": "", "filerName": "G (Raghavan)", "filerRelation": "Additonal Director", "moneyText": "", "startDate": "2019-11-27", "ownership": "D"}, {"maxAge": 1, "shares": 2027, "filerUrl": "", "transactionText": "", "filerName": "G (Raghavan)", "filerRelation": "Additonal Director", "moneyText": "", "startDate": "2019-11-13", "ownership": "D"}, {"maxAge": 1, "shares": 9473, "filerUrl": "", "transactionText": "", "filerName": "G (Raghavan)", "filerRelation": "Additonal Director", "moneyText": "", "startDate": "2019-11-13", "ownership": "D"}, {"maxAge": 1, "shares": 1880140, "filerUrl": "", "transactionText": "", "filerName": "Pasumarti (Satyanarayana)", "filerRelation": "Director (Non-Executive)", "moneyText": "", "startDate": "2019-02-26", "ownership": "D"}], "maxAge": 1}, "quoteType": {"exchange": "BSE", "quoteType": "EQUITY", "symbol": "AMRUTANJAN.BO", "underlyingSymbol": "AMRUTANJAN.BO", "shortName": "AMRUTANJAN HEALTH CARE LTD.", "longName": "Amrutanjan Health Care Limited", "firstTradeDateEpochUtc": "2002-07-29 09:15:00", "timeZoneFullName": "Asia/Kolkata", "timeZoneShortName": "IST", "uuid": "56b925f2-dced-3fd8-ace1-75bb5b31bbf4", "messageBoardId": null, "gmtOffSetMilliseconds": 19800000, "maxAge": 1}, "incomeStatementHistory": {"incomeStatementHistory": [{"maxAge": 1, "endDate": "2020-03-31", "totalRevenue": 2617489000, "costOfRevenue": 1199696000, "grossProfit": 1417793000, "researchDevelopment": {}, "sellingGeneralAdministrative": 834182000, "nonRecurring": {}, "otherOperatingExpenses": 272260000, "totalOperatingExpenses": 2349732000, "operatingIncome": 267757000, "totalOtherIncomeExpenseNet": 76782000, "ebit": 267757000, "interestExpense": -2210000, "incomeBeforeTax": 344539000, "incomeTaxExpense": 93706000, "minorityInterest": {}, "netIncomeFromContinuingOps": 250833000, "discontinuedOperations": {}, "extraordinaryItems": {}, "effectOfAccountingCharges": {}, "otherItems": {}, "netIncome": 250833000, "netIncomeApplicableToCommonShares": 250833000}, {"maxAge": 1, "endDate": "2019-03-31", "totalRevenue": 2535263000, "costOfRevenue": 1214506000, "grossProfit": 1320757000, "researchDevelopment": {}, "sellingGeneralAdministrative": 755905000, "nonRecurring": {}, "otherOperatingExpenses": 239741000, "totalOperatingExpenses": 2241749000, "operatingIncome": 293514000, "totalOtherIncomeExpenseNet": 58159000, "ebit": 293514000, "interestExpense": -822000, "incomeBeforeTax": 351673000, "incomeTaxExpense": 101696000, "minorityInterest": {}, "netIncomeFromContinuingOps": 249977000, "discontinuedOperations": -4834000, "extraordinaryItems": {}, "effectOfAccountingCharges": {}, "otherItems": {}, "netIncome": 245143000, "netIncomeApplicableToCommonShares": 245143000}, {"maxAge": 1, "endDate": "2018-03-31", "totalRevenue": 2202950000, "costOfRevenue": 983370000, "grossProfit": 1219580000, "researchDevelopment": {}, "sellingGeneralAdministrative": 671047000, "nonRecurring": {}, "otherOperatingExpenses": 256277000, "totalOperatingExpenses": 1939753000, "operatingIncome": 263197000, "totalOtherIncomeExpenseNet": 66359000, "ebit": 263197000, "interestExpense": -1268000, "incomeBeforeTax": 329556000, "incomeTaxExpense": 129064000, "minorityInterest": {}, "netIncomeFromContinuingOps": 200492000, "discontinuedOperations": -762000, "extraordinaryItems": {}, "effectOfAccountingCharges": {}, "otherItems": {}, "netIncome": 199730000, "netIncomeApplicableToCommonShares": 199730000}, {"maxAge": 1, "endDate": "2017-03-31", "totalRevenue": 2239820000, "costOfRevenue": 865843000, "grossProfit": 1373977000, "researchDevelopment": {}, "sellingGeneralAdministrative": 709660000, "nonRecurring": {}, "otherOperatingExpenses": 374127000, "totalOperatingExpenses": 1978306000, "operatingIncome": 261514000, "totalOtherIncomeExpenseNet": 70920000, "ebit": 261514000, "interestExpense": -4300000, "incomeBeforeTax": 332434000, "incomeTaxExpense": 121008000, "minorityInterest": {}, "netIncomeFromContinuingOps": 211426000, "discontinuedOperations": -762000, "extraordinaryItems": {}, "effectOfAccountingCharges": {}, "otherItems": {}, "netIncome": 211426000, "netIncomeApplicableToCommonShares": 211426000}], "maxAge": 86400}, "fundOwnership": {"maxAge": 1, "ownershipList": [{"maxAge": 1, "reportDate": "2020-06-30", "organization": "Matthews International Fds-Matthews Asia Small Companies Fd", "pctHeld": 0.0117999995, "position": 345519, "value": 124784186}, {"maxAge": 1, "reportDate": "2020-07-31", "organization": "Financial Investors Tr-Grandeur Peak Global Micro Cap Fund", "pctHeld": 0.0011, "position": 33115, "value": 14274220}, {"maxAge": 1, "reportDate": "2020-07-31", "organization": "DFA Emerging Markets Small Cap Series", "pctHeld": 0.00029999999, "position": 7403, "value": 3191063}, {"maxAge": 1, "reportDate": "2020-07-31", "organization": "DFA Emerging Markets Core Equity Portfolio", "pctHeld": 0.0001, "position": 4325, "value": 1864291}]}, "summaryDetail": {"maxAge": 1, "priceHint": 2, "previousClose": 630.15, "open": 637.3, "dayLow": 628.0, "dayHigh": 639.5, "regularMarketPreviousClose": 630.15, "regularMarketOpen": 637.3, "regularMarketDayLow": 628.0, "regularMarketDayHigh": 639.5, "trailingPE": 57.649082, "volume": 3326, "regularMarketVolume": 3326, "averageVolume": 9570, "averageVolume10days": 9770, "averageDailyVolume10Day": 9770, "bid": 630.0, "ask": 641.0, "bidSize": 0, "askSize": 0, "marketCap": 18593583104, "fiftyTwoWeekLow": 251.0, "fiftyTwoWeekHigh": 639.5, "fiftyDayAverage": 535.65857, "twoHundredDayAverage": 479.13358, "trailingAnnualDividendRate": 1.1, "trailingAnnualDividendYield": 0.0017456161, "currency": "INR", "fromCurrency": null, "toCurrency": null, "lastMarket": null, "algorithm": null, "tradeable": false}, "sectorTrend": {"maxAge": 1, "symbol": null, "estimates": []}, "incomeStatementHistoryQuarterly": {"incomeStatementHistory": [{"maxAge": 1, "endDate": "2020-06-30", "totalRevenue": 466185000, "costOfRevenue": 213311000, "grossProfit": 252874000, "researchDevelopment": {}, "sellingGeneralAdministrative": 127007000, "nonRecurring": {}, "otherOperatingExpenses": 49782000, "totalOperatingExpenses": 399581000, "operatingIncome": 66604000, "totalOtherIncomeExpenseNet": 20008000, "ebit": 66604000, "interestExpense": -448000, "incomeBeforeTax": 86612000, "incomeTaxExpense": 22340000, "minorityInterest": {}, "netIncomeFromContinuingOps": 64272000, "discontinuedOperations": {}, "extraordinaryItems": {}, "effectOfAccountingCharges": {}, "otherItems": {}, "netIncome": 64272000, "netIncomeApplicableToCommonShares": 64272000}, {"maxAge": 1, "endDate": "2020-03-31", "totalRevenue": 595913000, "costOfRevenue": 254630000, "grossProfit": 341283000, "researchDevelopment": {}, "sellingGeneralAdministrative": 193839000, "nonRecurring": {}, "otherOperatingExpenses": 52319000, "totalOperatingExpenses": 510996000, "operatingIncome": 84917000, "totalOtherIncomeExpenseNet": 21467000, "ebit": 84917000, "interestExpense": -721000, "incomeBeforeTax": 106384000, "incomeTaxExpense": 27465000, "minorityInterest": {}, "netIncomeFromContinuingOps": 78919000, "discontinuedOperations": {}, "extraordinaryItems": {}, "effectOfAccountingCharges": {}, "otherItems": {}, "netIncome": 78919000, "netIncomeApplicableToCommonShares": 78919000}, {"maxAge": 1, "endDate": "2019-12-31", "totalRevenue": 827540000, "costOfRevenue": 361373000, "grossProfit": 466167000, "researchDevelopment": {}, "sellingGeneralAdministrative": 275128000, "nonRecurring": {}, "otherOperatingExpenses": 74978000, "totalOperatingExpenses": 723704000, "operatingIncome": 103836000, "totalOtherIncomeExpenseNet": 22148000, "ebit": 103836000, "interestExpense": -467000, "incomeBeforeTax": 125984000, "incomeTaxExpense": 31056000, "minorityInterest": {}, "netIncomeFromContinuingOps": 94928000, "discontinuedOperations": {}, "extraordinaryItems": {}, "effectOfAccountingCharges": {}, "otherItems": {}, "netIncome": 94928000, "netIncomeApplicableToCommonShares": 94928000}, {"maxAge": 1, "endDate": "2019-09-30", "totalRevenue": 748077000, "costOfRevenue": 339534000, "grossProfit": 408543000, "researchDevelopment": {}, "sellingGeneralAdministrative": 218306000, "nonRecurring": {}, "otherOperatingExpenses": 74483000, "totalOperatingExpenses": 644989000, "operatingIncome": 103088000, "totalOtherIncomeExpenseNet": 18139000, "ebit": 103088000, "interestExpense": -503000, "incomeBeforeTax": 121227000, "incomeTaxExpense": 37193000, "minorityInterest": {}, "netIncomeFromContinuingOps": 84034000, "discontinuedOperations": {}, "extraordinaryItems": {}, "effectOfAccountingCharges": {}, "otherItems": {}, "netIncome": 84034000, "netIncomeApplicableToCommonShares": 84034000}], "maxAge": 86400}, "cashflowStatementHistoryQuarterly": {"cashflowStatements": [{"maxAge": 1, "endDate": "2020-06-30", "netIncome": 64272000, "changeToLiabilities": 0}, {"maxAge": 1, "endDate": "2020-03-31", "netIncome": 78919000, "changeToLiabilities": 0}, {"maxAge": 1, "endDate": "2019-12-31", "netIncome": 94928000, "changeToLiabilities": 0}, {"maxAge": 1, "endDate": "2019-09-30", "netIncome": 84034000, "changeToLiabilities": 0}], "maxAge": 86400}, "insiderHolders": {"holders": [{"maxAge": 1, "name": "G (Raghavan)", "relation": "Additonal Director", "url": "", "transactionDescription": "Sale", "latestTransDate": "2019-11-27", "positionDirect": 22129, "positionDirectDate": "2019-11-27"}, {"maxAge": 1, "name": "Pasumarti (Satyanarayana)", "relation": "Director (Non-Executive)", "url": "", "transactionDescription": "Other", "latestTransDate": "2019-02-26", "positionDirect": 2544530, "positionDirectDate": "2019-02-26"}], "maxAge": 1}, "earnings": {"maxAge": 86400, "earningsChart": {"quarterly": [], "earningsDate": []}, "financialsChart": {"yearly": [{"date": 2017, "revenue": 2239820000, "earnings": 211426000}, {"date": 2018, "revenue": 2202950000, "earnings": 199730000}, {"date": 2019, "revenue": 2535263000, "earnings": 245143000}, {"date": 2020, "revenue": 2617489000, "earnings": 250833000}], "quarterly": [{"date": "3Q2019", "revenue": 748077000, "earnings": 84034000}, {"date": "4Q2019", "revenue": 827540000, "earnings": 94928000}, {"date": "1Q2020", "revenue": 595913000, "earnings": 78919000}, {"date": "2Q2020", "revenue": 466185000, "earnings": 64272000}]}, "financialCurrency": "INR"}, "calendarEvents": {"maxAge": 1, "earnings": {"earningsDate": []}}, "price": {"maxAge": 1, "regularMarketChangePercent": 0.009442118, "regularMarketChange": 5.949951, "regularMarketTime": "2021-04-30 15:29:52", "priceHint": 2, "regularMarketPrice": 636.1, "regularMarketDayHigh": 639.5, "regularMarketDayLow": 628.0, "regularMarketVolume": 3326, "averageDailyVolume10Day": 9770, "averageDailyVolume3Month": 9570, "regularMarketPreviousClose": 630.15, "regularMarketSource": "FREE_REALTIME", "regularMarketOpen": 637.3, "exchange": "BSE", "exchangeName": "BSE", "exchangeDataDelayedBy": 0, "marketState": "CLOSED", "quoteType": "EQUITY", "symbol": "AMRUTANJAN.BO", "underlyingSymbol": null, "shortName": "AMRUTANJAN HEALTH CARE LTD.", "longName": "Amrutanjan Health Care Limited", "currency": "INR", "quoteSourceName": "Delayed Quote", "currencySymbol": "\u20b9", "fromCurrency": null, "toCurrency": null, "lastMarket": null, "marketCap": 18593583104}, "balanceSheetHistory": {"balanceSheetStatements": [{"maxAge": 1, "endDate": "2020-03-31", "cash": 72206000, "shortTermInvestments": 492489000, "netReceivables": 297197000, "inventory": 237159000, "otherCurrentAssets": 156056000, "totalCurrentAssets": 1258203000, "longTermInvestments": 451264000, "propertyPlantEquipment": 255747000, "intangibleAssets": 5287000, "otherAssets": 82951000, "deferredLongTermAssetCharges": 43997000, "totalAssets": 2053452000, "accountsPayable": 313425000, "otherCurrentLiab": 39026000, "otherLiab": 57400000, "totalCurrentLiabilities": 390627000, "totalLiab": 459196000, "commonStock": 29231000, "retainedEarnings": 1562256000, "treasuryStock": 2769000, "otherStockholderEquity": 2769000, "totalStockholderEquity": 1594256000, "netTangibleAssets": 1588969000}, {"maxAge": 1, "endDate": "2019-03-31", "cash": 145855000, "shortTermInvestments": 587969000, "netReceivables": 360066000, "inventory": 145768000, "otherCurrentAssets": 137601000, "totalCurrentAssets": 1396170000, "longTermInvestments": 158124000, "propertyPlantEquipment": 252759000, "intangibleAssets": 4231000, "otherAssets": 64850000, "deferredLongTermAssetCharges": 42415000, "totalAssets": 1876134000, "accountsPayable": 298739000, "otherCurrentLiab": 38419000, "otherLiab": 57614000, "totalCurrentLiabilities": 361157000, "totalLiab": 418771000, "commonStock": 29231000, "retainedEarnings": 1425363000, "treasuryStock": 2769000, "otherStockholderEquity": 2769000, "totalStockholderEquity": 1457363000, "netTangibleAssets": 1453132000}, {"maxAge": 1, "endDate": "2018-03-31", "cash": 113834000, "shortTermInvestments": 561772000, "netReceivables": 304177000, "inventory": 103577000, "otherCurrentAssets": 127643000, "totalCurrentAssets": 1213506000, "longTermInvestments": 116930000, "propertyPlantEquipment": 273328000, "intangibleAssets": 2077000, "otherAssets": 56661000, "deferredLongTermAssetCharges": 39488000, "totalAssets": 1662502000, "accountsPayable": 264405000, "otherCurrentLiab": 32175000, "otherLiab": 52153000, "totalCurrentLiabilities": 323758000, "totalLiab": 375911000, "commonStock": 29231000, "retainedEarnings": 1263466000, "treasuryStock": -6106000, "otherStockholderEquity": -6106000, "totalStockholderEquity": 1286591000, "netTangibleAssets": 1284514000}, {"maxAge": 1, "endDate": "2017-03-31", "cash": 474492000, "netReceivables": 400621000, "inventory": 100257000, "otherCurrentAssets": 132294000, "totalCurrentAssets": 1107664000, "longTermInvestments": 89779000, "propertyPlantEquipment": 308794000, "otherAssets": 111367000, "totalAssets": 1617604000, "accountsPayable": 139524000, "otherCurrentLiab": 155817000, "otherLiab": 37298000, "totalCurrentLiabilities": 320169000, "totalLiab": 357467000, "commonStock": 29231000, "treasuryStock": 1230906000, "otherStockholderEquity": 1230906000, "totalStockholderEquity": 1260137000, "netTangibleAssets": 1260137000}], "maxAge": 86400}, "earningsTrend": {"trend": [{"maxAge": 1, "period": "0q", "endDate": null, "growth": {}, "earningsEstimate": {"avg": 0.0, "low": 0.0, "high": 0.0, "yearAgoEps": {}, "numberOfAnalysts": 0, "growth": {}}, "revenueEstimate": {"avg": 0, "low": 0, "high": 0, "numberOfAnalysts": 0, "yearAgoRevenue": {}, "growth": {}}, "epsTrend": {"current": 0.0, "7daysAgo": 0.0, "30daysAgo": 0.0, "60daysAgo": 0.0, "90daysAgo": 0.0}, "epsRevisions": {"upLast7days": 0, "upLast30days": 0, "downLast30days": 0, "downLast90days": {}}}, {"maxAge": 1, "period": "+1q", "endDate": null, "growth": {}, "earningsEstimate": {"avg": 0.0, "low": 0.0, "high": 0.0, "yearAgoEps": {}, "numberOfAnalysts": 0, "growth": {}}, "revenueEstimate": {"avg": 0, "low": 0, "high": 0, "numberOfAnalysts": 0, "yearAgoRevenue": {}, "growth": {}}, "epsTrend": {"current": 0.0, "7daysAgo": 0.0, "30daysAgo": 0.0, "60daysAgo": 0.0, "90daysAgo": 0.0}, "epsRevisions": {"upLast7days": 0, "upLast30days": 0, "downLast30days": 0, "downLast90days": {}}}, {"maxAge": 1, "period": "0y", "endDate": null, "growth": {}, "earningsEstimate": {"avg": 0.0, "low": 0.0, "high": 0.0, "yearAgoEps": {}, "numberOfAnalysts": 0, "growth": {}}, "revenueEstimate": {"avg": 0, "low": 0, "high": 0, "numberOfAnalysts": 0, "yearAgoRevenue": {}, "growth": {}}, "epsTrend": {"current": 0.0, "7daysAgo": 0.0, "30daysAgo": 0.0, "60daysAgo": 0.0, "90daysAgo": 0.0}, "epsRevisions": {"upLast7days": 0, "upLast30days": 0, "downLast30days": 0, "downLast90days": {}}}, {"maxAge": 1, "period": "+1y", "endDate": null, "growth": {}, "earningsEstimate": {"avg": 0.0, "low": 0.0, "high": 0.0, "yearAgoEps": {}, "numberOfAnalysts": 0, "growth": {}}, "revenueEstimate": {"avg": 0, "low": 0, "high": 0, "numberOfAnalysts": 0, "yearAgoRevenue": {}, "growth": {}}, "epsTrend": {"current": 0.0, "7daysAgo": 0.0, "30daysAgo": 0.0, "60daysAgo": 0.0, "90daysAgo": 0.0}, "epsRevisions": {"upLast7days": 0, "upLast30days": 0, "downLast30days": 0, "downLast90days": {}}}, {"maxAge": 1, "period": "+5y", "endDate": null, "growth": {}, "earningsEstimate": {"avg": {}, "low": {}, "high": {}, "yearAgoEps": {}, "numberOfAnalysts": {}, "growth": {}}, "revenueEstimate": {"avg": {}, "low": {}, "high": {}, "numberOfAnalysts": {}, "yearAgoRevenue": {}, "growth": {}}, "epsTrend": {"current": {}, "7daysAgo": {}, "30daysAgo": {}, "60daysAgo": {}, "90daysAgo": {}}, "epsRevisions": {"upLast7days": {}, "upLast30days": {}, "downLast30days": {}, "downLast90days": {}}}, {"maxAge": 1, "period": "-5y", "endDate": null, "growth": {}, "earningsEstimate": {"avg": {}, "low": {}, "high": {}, "yearAgoEps": {}, "numberOfAnalysts": {}, "growth": {}}, "revenueEstimate": {"avg": {}, "low": {}, "high": {}, "numberOfAnalysts": {}, "yearAgoRevenue": {}, "growth": {}}, "epsTrend": {"current": {}, "7daysAgo": {}, "30daysAgo": {}, "60daysAgo": {}, "90daysAgo": {}}, "epsRevisions": {"upLast7days": {}, "upLast30days": {}, "downLast30days": {}, "downLast90days": {}}}], "maxAge": 1}, "financialData": {"maxAge": 86400, "currentPrice": 636.1, "targetHighPrice": 500.0, "targetLowPrice": 500.0, "targetMeanPrice": 500.0, "targetMedianPrice": 500.0, "recommendationKey": "none", "numberOfAnalystOpinions": 1, "grossProfits": 1417793000, "financialCurrency": "INR"}}}