{"AMTL.BO": {"cashflowStatementHistory": {"cashflowStatements": [{"maxAge": 1, "endDate": "2020-03-31", "netIncome": -189710050, "depreciation": 57154770, "changeToNetincome": 101155250, "changeToAccountReceivables": 91560690, "changeToLiabilities": -108850700, "changeToInventory": 19117630, "changeToOperatingActivities": 56383440, "totalCashFromOperatingActivities": 26811030, "capitalExpenditures": -70522310, "investments": 28316210, "otherCashflowsFromInvestingActivities": 45289430, "totalCashflowsFromInvestingActivities": 6050650, "netBorrowings": 44843830, "otherCashflowsFromFinancingActivities": -83802580, "totalCashFromFinancingActivities": -38958750, "changeInCash": -6097080}, {"maxAge": 1, "endDate": "2019-03-31", "netIncome": 4869400, "depreciation": 39995080, "changeToNetincome": 34636570, "changeToAccountReceivables": -48877370, "changeToLiabilities": 60301610, "changeToInventory": -50535720, "changeToOperatingActivities": -4082980, "totalCashFromOperatingActivities": 38411330, "capitalExpenditures": -83990590, "investments": 12593150, "otherCashflowsFromInvestingActivities": -15943370, "totalCashflowsFromInvestingActivities": -86240810, "netBorrowings": 117074890, "otherCashflowsFromFinancingActivities": -70336340, "totalCashFromFinancingActivities": 46738550, "changeInCash": -1090910}, {"maxAge": 1, "endDate": "2018-03-31", "netIncome": -73320650, "depreciation": 35774560, "changeToNetincome": 23312100, "changeToAccountReceivables": -47690930, "changeToLiabilities": 50001880, "changeToInventory": -22162320, "changeToOperatingActivities": 9433850, "totalCashFromOperatingActivities": -23426310, "capitalExpenditures": -108714860, "investments": -23781190, "otherCashflowsFromInvestingActivities": 21323990, "totalCashflowsFromInvestingActivities": -109853870, "netBorrowings": 135670460, "otherCashflowsFromFinancingActivities": -55756430, "totalCashFromFinancingActivities": 79914030, "changeInCash": -53366130}, {"maxAge": 1, "endDate": "2017-03-31", "netIncome": -37141690, "depreciation": 47425340, "changeToNetincome": 3066160, "changeToAccountReceivables": -31769990, "changeToLiabilities": 31464280, "changeToInventory": 23914940, "changeToOperatingActivities": -73905270, "totalCashFromOperatingActivities": -36906580, "capitalExpenditures": -91486920, "investments": 56896320, "otherCashflowsFromInvestingActivities": 9839120, "totalCashflowsFromInvestingActivities": -23280620, "netBorrowings": 165159480, "otherCashflowsFromFinancingActivities": -50518820, "totalCashFromFinancingActivities": 114640660, "changeInCash": 54453470}], "maxAge": 86400}, "institutionOwnership": {"maxAge": 1, "ownershipList": []}, "balanceSheetHistoryQuarterly": {"balanceSheetStatements": [{"maxAge": 1, "endDate": "2020-06-30", "totalStockholderEquity": 1068855290, "netTangibleAssets": 1060763170}, {"maxAge": 1, "endDate": "2020-03-31", "cash": 611400500, "shortTermInvestments": 45229510, "netReceivables": 148565450, "inventory": 102625840, "otherCurrentAssets": 7804760, "totalCurrentAssets": 915626060, "longTermInvestments": 16828280, "propertyPlantEquipment": 1197981150, "intangibleAssets": 8092120, "otherAssets": 14068990, "totalAssets": 2152596600, "accountsPayable": 75004460, "otherCurrentLiab": 76097730, "longTermDebt": 61848100, "otherLiab": 67383550, "totalCurrentLiabilities": 954509660, "totalLiab": 1083741310, "commonStock": 80287340, "treasuryStock": 988567950, "otherStockholderEquity": 988567950, "totalStockholderEquity": 1068855290, "netTangibleAssets": 1060763170}, {"maxAge": 1, "endDate": "2019-12-31", "totalStockholderEquity": 1211677740, "netTangibleAssets": 1202318890}, {"maxAge": 1, "endDate": "2019-09-30", "cash": 606029110, "shortTermInvestments": 54397870, "netReceivables": 215847400, "inventory": 116748310, "otherCurrentAssets": 13790680, "totalCurrentAssets": 1006813370, "longTermInvestments": 19005340, "propertyPlantEquipment": 1268883980, "intangibleAssets": 9358850, "otherAssets": 15246520, "totalAssets": 2319308060, "accountsPayable": 134881280, "otherCurrentLiab": 56296480, "longTermDebt": 69382350, "otherLiab": 72932180, "totalCurrentLiabilities": 965315790, "totalLiab": 1107630320, "commonStock": 80287330, "treasuryStock": 1131390410, "otherStockholderEquity": 1131390410, "totalStockholderEquity": 1211677740, "netTangibleAssets": 1202318890}], "maxAge": 86400}, "indexTrend": {"maxAge": 1, "symbol": "SP5", "peRatio": 19.7411, "pegRatio": 1.34172, "estimates": [{"period": "0q", "growth": 0.549}, {"period": "+1q", "growth": 0.431}, {"period": "0y", "growth": 0.305}, {"period": "+1y", "growth": 0.109}, {"period": "+5y", "growth": 0.120859005}, {"period": "-5y"}]}, "insiderTransactions": {"transactions": [{"maxAge": 1, "shares": 656079, "value": 43563, "filerUrl": "", "transactionText": "Acquisition at price 0.07 per share.", "filerName": "Ranade (Prashant)", "filerRelation": "Executive Chairman", "moneyText": "", "startDate": "2020-07-10", "ownership": "D"}, {"maxAge": 1, "shares": 656079, "value": 43563, "filerUrl": "", "transactionText": "Sale at price 0.07 per share.", "filerName": "Ranade (Vikram)", "filerRelation": "Non Executive Chairman", "moneyText": "", "startDate": "2020-07-10", "ownership": "D"}], "maxAge": 1}, "quoteType": {"exchange": "BSE", "quoteType": "EQUITY", "symbol": "AMTL.BO", "underlyingSymbol": "AMTL.BO", "shortName": "ADVANCE METERING TECHNOLOGY LT", "longName": "Advance Metering Technology Limited", "firstTradeDateEpochUtc": "2012-08-07 09:15:00", "timeZoneFullName": "Asia/Kolkata", "timeZoneShortName": "IST", "uuid": "0fc41571-02ff-3ef5-83fa-01d8fa4c6591", "messageBoardId": null, "gmtOffSetMilliseconds": 19800000, "maxAge": 1}, "incomeStatementHistory": {"incomeStatementHistory": [{"maxAge": 1, "endDate": "2020-03-31", "totalRevenue": 281045440, "costOfRevenue": 135243250, "grossProfit": 145802190, "researchDevelopment": {}, "sellingGeneralAdministrative": 81622260, "nonRecurring": {}, "otherOperatingExpenses": 161620590, "totalOperatingExpenses": 435640870, "operatingIncome": -154595430, "totalOtherIncomeExpenseNet": -35114620, "ebit": -154595430, "interestExpense": -86513080, "incomeBeforeTax": -189710050, "incomeTaxExpense": 0, "minorityInterest": {}, "netIncomeFromContinuingOps": -189710050, "discontinuedOperations": {}, "extraordinaryItems": {}, "effectOfAccountingCharges": {}, "otherItems": {}, "netIncome": -189710050, "netIncomeApplicableToCommonShares": -189710050}, {"maxAge": 1, "endDate": "2019-03-31", "totalRevenue": 874299130, "costOfRevenue": 567127240, "grossProfit": 307171890, "researchDevelopment": {}, "sellingGeneralAdministrative": 98132750, "nonRecurring": {}, "otherOperatingExpenses": 124040160, "totalOperatingExpenses": 831399970, "operatingIncome": 42899160, "totalOtherIncomeExpenseNet": -38029760, "ebit": 42899160, "interestExpense": -70336360, "incomeBeforeTax": 4869400, "incomeTaxExpense": 0, "minorityInterest": {}, "netIncomeFromContinuingOps": 4869400, "discontinuedOperations": {}, "extraordinaryItems": {}, "effectOfAccountingCharges": {}, "otherItems": {}, "netIncome": 4869400, "netIncomeApplicableToCommonShares": 4869400}, {"maxAge": 1, "endDate": "2018-03-31", "totalRevenue": 404899300, "costOfRevenue": 259385070, "grossProfit": 145514230, "researchDevelopment": {}, "sellingGeneralAdministrative": 78737170, "nonRecurring": {}, "otherOperatingExpenses": 82694360, "totalOperatingExpenses": 454373660, "operatingIncome": -49474360, "totalOtherIncomeExpenseNet": -24010040, "ebit": -49474360, "interestExpense": -55756450, "incomeBeforeTax": -73484400, "incomeTaxExpense": 0, "minorityInterest": -707420, "netIncomeFromContinuingOps": -73484400, "discontinuedOperations": {}, "extraordinaryItems": {}, "effectOfAccountingCharges": {}, "otherItems": {}, "netIncome": -73320650, "netIncomeApplicableToCommonShares": -73320650}, {"maxAge": 1, "endDate": "2017-03-31", "totalRevenue": 325029950, "costOfRevenue": 169798170, "grossProfit": 155231780, "researchDevelopment": {}, "sellingGeneralAdministrative": 85701000, "nonRecurring": {}, "otherOperatingExpenses": 69758800, "totalOperatingExpenses": 369331480, "operatingIncome": -44301530, "totalOtherIncomeExpenseNet": 6996560, "ebit": -44301530, "interestExpense": -50518820, "incomeBeforeTax": -37304970, "incomeTaxExpense": 0, "minorityInterest": -531730, "netIncomeFromContinuingOps": -37304970, "discontinuedOperations": {}, "extraordinaryItems": {}, "effectOfAccountingCharges": {}, "otherItems": {}, "netIncome": -37141690, "netIncomeApplicableToCommonShares": -37141690}], "maxAge": 86400}, "fundOwnership": {"maxAge": 1, "ownershipList": []}, "summaryDetail": {"maxAge": 1, "priceHint": 2, "previousClose": 9.43, "open": 9.79, "dayLow": 8.91, "dayHigh": 9.82, "regularMarketPreviousClose": 9.43, "regularMarketOpen": 9.79, "regularMarketDayLow": 8.91, "regularMarketDayHigh": 9.82, "volume": 1952, "regularMarketVolume": 1952, "averageVolume": 6125, "averageVolume10days": 5474, "averageDailyVolume10Day": 5474, "bid": 9.35, "ask": 9.55, "bidSize": 0, "askSize": 0, "marketCap": 153349136, "fiftyTwoWeekLow": 5.81, "fiftyTwoWeekHigh": 10.98, "fiftyDayAverage": 9.987429, "twoHundredDayAverage": 8.943066, "currency": "INR", "fromCurrency": null, "toCurrency": null, "lastMarket": null, "algorithm": null, "tradeable": false}, "incomeStatementHistoryQuarterly": {"incomeStatementHistory": [{"maxAge": 1, "endDate": "2020-06-30", "totalRevenue": 30757060, "costOfRevenue": 97450, "grossProfit": 30659610, "researchDevelopment": {}, "sellingGeneralAdministrative": 13270560, "nonRecurring": {}, "otherOperatingExpenses": 16128510, "totalOperatingExpenses": 44049830, "operatingIncome": -13292770, "totalOtherIncomeExpenseNet": -9046800, "ebit": -13292770, "interestExpense": -20184720, "incomeBeforeTax": -22339570, "incomeTaxExpense": 0, "minorityInterest": {}, "netIncomeFromContinuingOps": -22339570, "discontinuedOperations": {}, "extraordinaryItems": {}, "effectOfAccountingCharges": {}, "otherItems": {}, "netIncome": -22339570, "netIncomeApplicableToCommonShares": -22339570}, {"maxAge": 1, "endDate": "2020-03-31", "totalRevenue": 53423920, "costOfRevenue": 28785630, "grossProfit": 24638290, "researchDevelopment": {}, "sellingGeneralAdministrative": 20297970, "nonRecurring": {}, "otherOperatingExpenses": 87196750, "totalOperatingExpenses": 150532130, "operatingIncome": -97108210, "totalOtherIncomeExpenseNet": -4646380, "ebit": -97108210, "interestExpense": -21265910, "incomeBeforeTax": -101754590, "incomeTaxExpense": 0, "minorityInterest": {}, "netIncomeFromContinuingOps": -101754590, "discontinuedOperations": {}, "extraordinaryItems": {}, "effectOfAccountingCharges": {}, "otherItems": {}, "netIncome": -101754590, "netIncomeApplicableToCommonShares": -101754590}, {"maxAge": 1, "endDate": "2019-12-31", "totalRevenue": 52217040, "costOfRevenue": 27073570, "grossProfit": 25143470, "researchDevelopment": {}, "sellingGeneralAdministrative": 20625520, "nonRecurring": {}, "otherOperatingExpenses": 18945210, "totalOperatingExpenses": 81059190, "operatingIncome": -28842150, "totalOtherIncomeExpenseNet": -11449600, "ebit": -28842150, "interestExpense": -22601140, "incomeBeforeTax": -40291750, "incomeTaxExpense": 0, "minorityInterest": {}, "netIncomeFromContinuingOps": -40291750, "discontinuedOperations": {}, "extraordinaryItems": {}, "effectOfAccountingCharges": {}, "otherItems": {}, "netIncome": -40291750, "netIncomeApplicableToCommonShares": -40291750}, {"maxAge": 1, "endDate": "2019-09-30", "totalRevenue": 90904560, "costOfRevenue": 38509170, "grossProfit": 52395390, "researchDevelopment": {}, "sellingGeneralAdministrative": 20476320, "nonRecurring": {}, "otherOperatingExpenses": 21636510, "totalOperatingExpenses": 94302090, "operatingIncome": -3397530, "totalOtherIncomeExpenseNet": -7552470, "ebit": -3397530, "interestExpense": -20711060, "incomeBeforeTax": -10950000, "incomeTaxExpense": 0, "minorityInterest": {}, "netIncomeFromContinuingOps": -10950000, "discontinuedOperations": {}, "extraordinaryItems": {}, "effectOfAccountingCharges": {}, "otherItems": {}, "netIncome": -10950000, "netIncomeApplicableToCommonShares": -10950000}], "maxAge": 86400}, "cashflowStatementHistoryQuarterly": {"cashflowStatements": [{"maxAge": 1, "endDate": "2020-06-30", "netIncome": -22339570, "changeToLiabilities": 0}, {"maxAge": 1, "endDate": "2020-03-31", "netIncome": -101754590, "changeToLiabilities": 0}, {"maxAge": 1, "endDate": "2019-12-31", "netIncome": -40291750, "changeToLiabilities": 0}, {"maxAge": 1, "endDate": "2019-09-30", "netIncome": -10950000, "changeToLiabilities": 0}], "maxAge": 86400}, "insiderHolders": {"holders": [{"maxAge": 1, "name": "Ranade (Prashant)", "relation": "Executive Chairman", "url": "", "transactionDescription": "Acquisition", "latestTransDate": "2020-07-10", "positionDirect": 1312158, "positionDirectDate": "2020-07-10"}, {"maxAge": 1, "name": "Ranade (Vikram)", "relation": "Non Executive Chairman", "url": "", "transactionDescription": "Sale", "latestTransDate": "2020-07-10", "positionDirect": 0, "positionDirectDate": "2020-07-10"}], "maxAge": 1}, "calendarEvents": {"maxAge": 1, "earnings": {"earningsDate": ["2020-09-14 05:30:S"]}}, "price": {"maxAge": 1, "regularMarketChangePercent": 0.012725332, "regularMarketChange": 0.119999886, "regularMarketTime": "2021-04-30 15:21:29", "priceHint": 2, "regularMarketPrice": 9.55, "regularMarketDayHigh": 9.82, "regularMarketDayLow": 8.91, "regularMarketVolume": 1952, "averageDailyVolume10Day": 5474, "averageDailyVolume3Month": 6125, "regularMarketPreviousClose": 9.43, "regularMarketSource": "FREE_REALTIME", "regularMarketOpen": 9.79, "exchange": "BSE", "exchangeName": "BSE", "exchangeDataDelayedBy": 0, "marketState": "CLOSED", "quoteType": "EQUITY", "symbol": "AMTL.BO", "underlyingSymbol": null, "shortName": "ADVANCE METERING TECHNOLOGY LT", "longName": "Advance Metering Technology Limited", "currency": "INR", "quoteSourceName": "Delayed Quote", "currencySymbol": "\u20b9", "fromCurrency": null, "toCurrency": null, "lastMarket": null, "marketCap": 153349136}, "balanceSheetHistory": {"balanceSheetStatements": [{"maxAge": 1, "endDate": "2020-03-31", "cash": 611400500, "shortTermInvestments": 45229510, "netReceivables": 148565450, "inventory": 102625840, "otherCurrentAssets": 7804760, "totalCurrentAssets": 915626060, "longTermInvestments": 16828280, "propertyPlantEquipment": 1197981150, "intangibleAssets": 8092120, "otherAssets": 14068990, "totalAssets": 2152596600, "accountsPayable": 75004460, "otherCurrentLiab": 76097730, "longTermDebt": 61848100, "otherLiab": 67383550, "totalCurrentLiabilities": 954509660, "totalLiab": 1083741310, "commonStock": 80287340, "treasuryStock": 988567950, "otherStockholderEquity": 988567950, "totalStockholderEquity": 1068855290, "netTangibleAssets": 1060763170}, {"maxAge": 1, "endDate": "2019-03-31", "cash": 10351370, "netReceivables": 212743490, "inventory": 133660850, "otherCurrentAssets": 103773720, "totalCurrentAssets": 1044400310, "longTermInvestments": 21290, "propertyPlantEquipment": 1227353290, "intangibleAssets": 11615010, "otherAssets": 31694680, "totalAssets": 2315084580, "accountsPayable": 183855160, "shortLongTermDebt": 14455050, "otherCurrentLiab": 5683380, "longTermDebt": 73058510, "otherLiab": 6930780, "totalCurrentLiabilities": 975426610, "totalLiab": 1055415900, "commonStock": 80287330, "retainedEarnings": 1157777350, "treasuryStock": 21604000, "otherStockholderEquity": 21604000, "totalStockholderEquity": 1259668680, "netTangibleAssets": 1248053670}, {"maxAge": 1, "endDate": "2018-03-31", "cash": 11442270, "netReceivables": 167326280, "inventory": 82756120, "otherCurrentAssets": 81133040, "totalCurrentAssets": 904553560, "longTermInvestments": 278610, "propertyPlantEquipment": 1186704100, "intangibleAssets": 11216050, "otherAssets": 28366580, "totalAssets": 2131118900, "accountsPayable": 123553540, "shortLongTermDebt": 10276790, "otherCurrentLiab": 24602950, "longTermDebt": 63240290, "otherLiab": 5306390, "minorityInterest": -707420, "totalCurrentLiabilities": 806145620, "totalLiab": 874692300, "commonStock": 80287330, "retainedEarnings": 1154775880, "treasuryStock": 22070810, "otherStockholderEquity": 22070810, "totalStockholderEquity": 1257134020, "netTangibleAssets": 1245917970}, {"maxAge": 1, "endDate": "2017-03-31", "cash": 64808400, "netReceivables": 127364350, "inventory": 61330900, "otherCurrentAssets": 101795800, "totalCurrentAssets": 866117190, "longTermInvestments": 368610, "propertyPlantEquipment": 1120075200, "intangibleAssets": 7433820, "otherAssets": 13834090, "totalAssets": 2007828910, "accountsPayable": 73551660, "shortLongTermDebt": 6346190, "otherCurrentLiab": 11021740, "longTermDebt": 33182570, "otherLiab": 5117610, "minorityInterest": -531730, "totalCurrentLiabilities": 639402550, "totalLiab": 677702730, "commonStock": 80287330, "retainedEarnings": 1228243310, "treasuryStock": 22127270, "otherStockholderEquity": 22127270, "totalStockholderEquity": 1330657910, "netTangibleAssets": 1323224090}], "maxAge": 86400}, "financialData": {"maxAge": 86400, "currentPrice": 9.55, "recommendationKey": "none", "grossProfits": 145802190, "financialCurrency": "INR"}}}