{"ANDHRSUGAR.NS": {"assetProfile": {"address1": "Venkatarayapuram", "city": "Tanuku", "zip": "534215", "country": "India", "phone": "91 88 1922 4911", "fax": "91 88 1922 4168", "website": "http://theandhrasugars.com", "industry": "Chemicals", "sector": "Basic Materials", "longBusinessSummary": "The Andhra Sugars Limited, together with its subsidiaries, manufactures and sells sugar, and organic and inorganic chemicals in India. The company operates through Sugars, Caustic Soda, Power Generation, Industrial Chemicals, and Others segments. It offers chemicals and fertilizers, including caustic potash, caustic soda, ethanol, hydrochloric acid, hydrogen gas, liquid chlorine, poly aluminum chloride, potassium carbonate, industrial alcohol, sodium hypochlorite, sulphuric acid, and super phosphate. The company also provides aspirin products, including salicylic acids, sodium salicylate, and aspirin starch granules, as well as aspirin IP, USP, and BP products. In addition, it offers soaps, fatty acids, acetic acids, liquid propellants, bulk drugs, edible oils, transportation receipts, etc.; and liquid hydrogen, UH 25 and MMH, and HTPB products. Further, the company engages in power generation through wind and solar resources. The Andhra Sugars Limited also exports its products. The company was founded in 1947 and is based in Tanuku, India.", "fullTimeEmployees": 2136, "companyOfficers": [{"maxAge": 1, "name": "Mr. Pendyala Narendranath Chowdary", "age": 72, "title": "Exec. Chairman & MD", "yearBorn": 1948, "fiscalYear": 2020, "totalPay": 68305555, "exercisedValue": 0, "unexercisedValue": 0}, {"maxAge": 1, "name": "Mr. Mullapudi  Thimmaraja M.B.A., B.Tech.", "age": 69, "title": "Joint MD & Exec. Director", "yearBorn": 1951, "fiscalYear": 2020, "totalPay": 43431185, "exercisedValue": 0, "unexercisedValue": 0}, {"maxAge": 1, "name": "Mr. Pendyala Achuta Ramayya M.B.A., B.Com.", "age": 65, "title": "Joint MD & Exec. Director", "yearBorn": 1955, "fiscalYear": 2020, "totalPay": 43296187, "exercisedValue": 0, "unexercisedValue": 0}, {"maxAge": 1, "name": "Mr. Mullapudi  Narendranath B.Sc., B.Sc.(Ag.)", "age": 71, "title": "Joint MD & Exec. Director", "yearBorn": 1949, "fiscalYear": 2020, "totalPay": 43431185, "exercisedValue": 0, "unexercisedValue": 0}, {"maxAge": 1, "name": "Mr. P. V. S. Viswanadha Kumar F.C.A., F.C.A, F.C.M.A., F.I.C.W.A, A.C.S.", "title": "CFO, GM of Fin. & Additional Sec.", "fiscalYear": 2020, "totalPay": 3661374, "exercisedValue": 0, "unexercisedValue": 0}, {"maxAge": 1, "name": "Mr. M.  Palachandra M.Com., A.C.S.", "title": "Company Sec. & Compliance Officer", "fiscalYear": 2020, "totalPay": 2585900, "exercisedValue": 0, "unexercisedValue": 0}, {"maxAge": 1, "name": "Mr. P. S. R. V. K. Ranga Rao", "age": 50, "title": "Exec. Director", "yearBorn": 1970, "fiscalYear": 2020, "totalPay": 20534080, "exercisedValue": 0, "unexercisedValue": 0}], "compensationAsOfEpochDate": "2020-12-31 05:30:00", "maxAge": 86400}, "cashflowStatementHistory": {"cashflowStatements": [{"maxAge": 1, "endDate": "2020-03-31", "netIncome": 2030853000, "depreciation": 624109000, "changeToNetincome": -436084000, "changeToAccountReceivables": -181938000, "changeToLiabilities": 103977000, "changeToInventory": -140247000, "changeToOperatingActivities": -188381000, "totalCashFromOperatingActivities": 1812289000, "capitalExpenditures": -515157000, "investments": 151993000, "otherCashflowsFromInvestingActivities": 105706000, "totalCashflowsFromInvestingActivities": -153573000, "dividendsPaid": -823920000, "netBorrowings": -410925000, "otherCashflowsFromFinancingActivities": -437331000, "totalCashFromFinancingActivities": -1672176000, "changeInCash": -13460000}, {"maxAge": 1, "endDate": "2019-03-31", "netIncome": 1904848000, "depreciation": 554494000, "changeToNetincome": 135535000, "changeToAccountReceivables": -80774000, "changeToLiabilities": -12145000, "changeToInventory": -1482895000, "changeToOperatingActivities": 116068000, "totalCashFromOperatingActivities": 1135131000, "capitalExpenditures": -651630000, "investments": -774258000, "otherCashflowsFromInvestingActivities": 83816000, "totalCashflowsFromInvestingActivities": -1330766000, "dividendsPaid": -292484000, "netBorrowings": 563213000, "otherCashflowsFromFinancingActivities": -38593000, "totalCashFromFinancingActivities": 232136000, "changeInCash": 36502000}, {"maxAge": 1, "endDate": "2018-03-31", "netIncome": 1165433000, "depreciation": 551659000, "changeToNetincome": 37742000, "changeToAccountReceivables": 155978000, "changeToLiabilities": -293771000, "changeToInventory": 223236000, "changeToOperatingActivities": 183786000, "totalCashFromOperatingActivities": 2024157000, "capitalExpenditures": -1114439000, "investments": 793310000, "otherCashflowsFromInvestingActivities": 125713000, "totalCashflowsFromInvestingActivities": -171828000, "dividendsPaid": -303146000, "netBorrowings": -1126328000, "otherCashflowsFromFinancingActivities": -316545000, "totalCashFromFinancingActivities": -1746019000, "changeInCash": 106312000}, {"maxAge": 1, "endDate": "2017-03-31", "netIncome": 1214132000, "depreciation": 512724000, "changeToNetincome": 268127000, "changeToAccountReceivables": -390636000, "changeToLiabilities": 386288000, "changeToInventory": 385087000, "changeToOperatingActivities": 78410000, "totalCashFromOperatingActivities": 2454132000, "capitalExpenditures": -1590011000, "investments": -1117183000, "otherCashflowsFromInvestingActivities": 117024000, "totalCashflowsFromInvestingActivities": -2589905000, "dividendsPaid": -303146000, "netBorrowings": 709090000, "otherCashflowsFromFinancingActivities": -469612000, "totalCashFromFinancingActivities": 239478000, "changeInCash": 103705000}], "maxAge": 86400}, "institutionOwnership": {"maxAge": 1, "ownershipList": []}, "majorHoldersBreakdown": {"maxAge": 1, "insidersPercentHeld": 0.0, "institutionsPercentHeld": 0.00021, "institutionsFloatPercentHeld": 0.00021, "institutionsCount": 1}, "balanceSheetHistoryQuarterly": {"balanceSheetStatements": [{"maxAge": 1, "endDate": "2020-12-31", "totalStockholderEquity": 12613602000, "netTangibleAssets": 12608105000}, {"maxAge": 1, "endDate": "2020-09-30", "cash": 392465000, "shortTermInvestments": 2075349000, "netReceivables": 2209203000, "inventory": 3787514000, "otherCurrentAssets": 336340000, "totalCurrentAssets": 8800871000, "longTermInvestments": 2081023000, "propertyPlantEquipment": 7574176000, "intangibleAssets": 5497000, "otherAssets": 370366000, "totalAssets": 18831933000, "accountsPayable": 522663000, "otherCurrentLiab": 1778557000, "longTermDebt": 954836000, "otherLiab": 1739945000, "minorityInterest": 865864000, "totalCurrentLiabilities": 2657686000, "totalLiab": 5352467000, "commonStock": 271101000, "treasuryStock": 12342501000, "otherStockholderEquity": 12342501000, "totalStockholderEquity": 12613602000, "netTangibleAssets": 12608105000}, {"maxAge": 1, "endDate": "2020-06-30", "totalStockholderEquity": 11535673000, "netTangibleAssets": 11528562000}, {"maxAge": 1, "endDate": "2020-03-31", "cash": 586169000, "shortTermInvestments": 1078996000, "netReceivables": 2228163000, "inventory": 4424186000, "otherCurrentAssets": 363561000, "totalCurrentAssets": 8715919000, "longTermInvestments": 1586743000, "propertyPlantEquipment": 7423326000, "intangibleAssets": 7111000, "otherAssets": 342513000, "totalAssets": 18075612000, "accountsPayable": 514764000, "shortLongTermDebt": 767697000, "otherCurrentLiab": 303702000, "longTermDebt": 1356353000, "otherLiab": 1672019000, "minorityInterest": 835318000, "totalCurrentLiabilities": 2674608000, "totalLiab": 5704621000, "commonStock": 271071000, "retainedEarnings": 11110903000, "treasuryStock": -2371000, "capitalSurplus": 156070000, "otherStockholderEquity": -2371000, "totalStockholderEquity": 11535673000, "netTangibleAssets": 11528562000}], "maxAge": 86400}, "indexTrend": {"maxAge": 1, "symbol": "SP5", "peRatio": 19.7411, "pegRatio": 1.34172, "estimates": [{"period": "0q", "growth": 0.549}, {"period": "+1q", "growth": 0.431}, {"period": "0y", "growth": 0.305}, {"period": "+1y", "growth": 0.109}, {"period": "+5y", "growth": 0.120865}, {"period": "-5y"}]}, "defaultKeyStatistics": {"maxAge": 1, "priceHint": 2, "enterpriseValue": 10123729920, "profitMargins": 0.10502, "floatShares": 12344870, "sharesOutstanding": 27107100, "heldPercentInsiders": 0.0, "heldPercentInstitutions": 0.00021, "beta": 1.118775, "category": null, "bookValue": 465.176, "priceToBook": 0.83000845, "fundFamily": null, "legalType": null, "lastFiscalYearEnd": "2020-03-31 05:30:00", "nextFiscalYearEnd": "2022-03-31 05:30:00", "mostRecentQuarter": "2020-12-31 05:30:00", "earningsQuarterlyGrowth": -0.226, "netIncomeToCommon": 1522217984, "trailingEps": 56.161, "lastSplitFactor": null, "enterpriseToRevenue": 0.698, "enterpriseToEbitda": 4.709, "52WeekChange": 0.5977653, "SandP52WeekChange": 0.48148263, "lastDividendValue": 20.0, "lastDividendDate": 1584576000}, "summaryProfile": {"address1": "Venkatarayapuram", "city": "Tanuku", "zip": "534215", "country": "India", "phone": "91 88 1922 4911", "fax": "91 88 1922 4168", "website": "http://theandhrasugars.com", "industry": "Chemicals", "sector": "Basic Materials", "longBusinessSummary": "The Andhra Sugars Limited, together with its subsidiaries, manufactures and sells sugar, and organic and inorganic chemicals in India. The company operates through Sugars, Caustic Soda, Power Generation, Industrial Chemicals, and Others segments. It offers chemicals and fertilizers, including caustic potash, caustic soda, ethanol, hydrochloric acid, hydrogen gas, liquid chlorine, poly aluminum chloride, potassium carbonate, industrial alcohol, sodium hypochlorite, sulphuric acid, and super phosphate. The company also provides aspirin products, including salicylic acids, sodium salicylate, and aspirin starch granules, as well as aspirin IP, USP, and BP products. In addition, it offers soaps, fatty acids, acetic acids, liquid propellants, bulk drugs, edible oils, transportation receipts, etc.; and liquid hydrogen, UH 25 and MMH, and HTPB products. Further, the company engages in power generation through wind and solar resources. The Andhra Sugars Limited also exports its products. The company was founded in 1947 and is based in Tanuku, India.", "fullTimeEmployees": 2136, "companyOfficers": [], "maxAge": 86400}, "netSharePurchaseActivity": {"maxAge": 1, "period": "6m", "buyInfoCount": 0, "buyInfoShares": 0, "sellInfoCount": 0, "netInfoCount": 0, "netInfoShares": 0, "totalInsiderShares": 0}, "quoteType": {"exchange": "NSI", "quoteType": "EQUITY", "symbol": "ANDHRSUGAR.NS", "underlyingSymbol": "ANDHRSUGAR.NS", "shortName": "ANDHRA SUGARS", "longName": "The Andhra Sugars Limited", "firstTradeDateEpochUtc": "2002-07-01 09:15:00", "timeZoneFullName": "Asia/Kolkata", "timeZoneShortName": "IST", "uuid": "adb78982-4398-39e4-a9cf-0c620c026a01", "messageBoardId": "finmb_9638695", "gmtOffSetMilliseconds": 19800000, "maxAge": 1}, "incomeStatementHistory": {"incomeStatementHistory": [{"maxAge": 1, "endDate": "2020-03-31", "totalRevenue": 14774832000, "costOfRevenue": 9101875000, "grossProfit": 5672957000, "researchDevelopment": {}, "sellingGeneralAdministrative": 1524558000, "nonRecurring": {}, "otherOperatingExpenses": 1341928000, "totalOperatingExpenses": 12592470000, "operatingIncome": 2182362000, "totalOtherIncomeExpenseNet": 127075000, "ebit": 2182362000, "interestExpense": -278687000, "incomeBeforeTax": 2309437000, "incomeTaxExpense": 204097000, "minorityInterest": 835318000, "netIncomeFromContinuingOps": 2105340000, "discontinuedOperations": {}, "extraordinaryItems": {}, "effectOfAccountingCharges": {}, "otherItems": {}, "netIncome": 2030853000, "netIncomeApplicableToCommonShares": 2030853000}, {"maxAge": 1, "endDate": "2019-03-31", "totalRevenue": 13763779000, "costOfRevenue": 8131170000, "grossProfit": 5632609000, "researchDevelopment": {}, "sellingGeneralAdministrative": 1436106000, "nonRecurring": {}, "otherOperatingExpenses": 1123485000, "totalOperatingExpenses": 11258629000, "operatingIncome": 2505150000, "totalOtherIncomeExpenseNet": 278552000, "ebit": 2505150000, "interestExpense": -298953000, "incomeBeforeTax": 2783702000, "incomeTaxExpense": 864311000, "minorityInterest": 786310000, "netIncomeFromContinuingOps": 1919391000, "discontinuedOperations": {}, "extraordinaryItems": {}, "effectOfAccountingCharges": {}, "otherItems": {}, "netIncome": 1904848000, "netIncomeApplicableToCommonShares": 1904848000}, {"maxAge": 1, "endDate": "2018-03-31", "totalRevenue": 13075957000, "costOfRevenue": 8486811000, "grossProfit": 4589146000, "researchDevelopment": {}, "sellingGeneralAdministrative": 1254651000, "nonRecurring": {}, "otherOperatingExpenses": 1205495000, "totalOperatingExpenses": 11499596000, "operatingIncome": 1576361000, "totalOtherIncomeExpenseNet": 101784000, "ebit": 1576361000, "interestExpense": -320575000, "incomeBeforeTax": 1678145000, "incomeTaxExpense": 492649000, "minorityInterest": 778799000, "netIncomeFromContinuingOps": 1185496000, "discontinuedOperations": {}, "extraordinaryItems": {}, "effectOfAccountingCharges": {}, "otherItems": {}, "netIncome": 1165433000, "netIncomeApplicableToCommonShares": 1165433000}, {"maxAge": 1, "endDate": "2017-03-31", "totalRevenue": 12798526000, "costOfRevenue": 8230026000, "grossProfit": 4568500000, "researchDevelopment": {}, "sellingGeneralAdministrative": 1173071000, "nonRecurring": {}, "otherOperatingExpenses": 1170061000, "totalOperatingExpenses": 11086759000, "operatingIncome": 1711767000, "totalOtherIncomeExpenseNet": -44381000, "ebit": 1711767000, "interestExpense": -251305000, "incomeBeforeTax": 1667386000, "incomeTaxExpense": 419650000, "minorityInterest": 759700000, "netIncomeFromContinuingOps": 1247736000, "discontinuedOperations": {}, "extraordinaryItems": {}, "effectOfAccountingCharges": {}, "otherItems": {}, "netIncome": 1214132000, "netIncomeApplicableToCommonShares": 1214132000}], "maxAge": 86400}, "fundOwnership": {"maxAge": 1, "ownershipList": [{"maxAge": 1, "reportDate": "2021-03-31", "organization": "SEI Institutional Investment Tr-Screened World Equity Ex-U.S. Fd", "pctHeld": 0.0002, "position": 5811, "value": 1690129}]}, "summaryDetail": {"maxAge": 1, "priceHint": 2, "previousClose": 374.6, "open": 373.0, "dayLow": 369.4, "dayHigh": 404.0, "regularMarketPreviousClose": 374.6, "regularMarketOpen": 373.0, "regularMarketDayLow": 369.4, "regularMarketDayHigh": 404.0, "exDividendDate": "2020-03-19 05:30:00", "payoutRatio": 0.3561, "beta": 1.118775, "trailingPE": 6.874878, "volume": 920516, "regularMarketVolume": 920516, "averageVolume": 131225, "averageVolume10days": 421106, "averageDailyVolume10Day": 421106, "bid": 0.0, "ask": 0.0, "bidSize": 0, "askSize": 0, "marketCap": 10460452864, "fiftyTwoWeekLow": 195.1, "fiftyTwoWeekHigh": 404.0, "priceToSalesTrailing12Months": 0.72170115, "fiftyDayAverage": 316.74118, "twoHundredDayAverage": 308.07272, "trailingAnnualDividendRate": 20.0, "trailingAnnualDividendYield": 0.053390283, "currency": "INR", "fromCurrency": null, "toCurrency": null, "lastMarket": null, "algorithm": null, "tradeable": false}, "incomeStatementHistoryQuarterly": {"incomeStatementHistory": [{"maxAge": 1, "endDate": "2020-12-31", "totalRevenue": 3558698000, "costOfRevenue": 2256651000, "grossProfit": 1302047000, "researchDevelopment": {}, "sellingGeneralAdministrative": 377493000, "nonRecurring": {}, "otherOperatingExpenses": 522016000, "totalOperatingExpenses": 3308932000, "operatingIncome": 249766000, "totalOtherIncomeExpenseNet": 75960000, "ebit": 249766000, "interestExpense": -54212000, "incomeBeforeTax": 325726000, "incomeTaxExpense": 66866000, "minorityInterest": {}, "netIncomeFromContinuingOps": 258860000, "discontinuedOperations": {}, "extraordinaryItems": {}, "effectOfAccountingCharges": {}, "otherItems": {}, "netIncome": 251106000, "netIncomeApplicableToCommonShares": 251106000}, {"maxAge": 1, "endDate": "2020-09-30", "totalRevenue": 3900266000, "costOfRevenue": 2533768000, "grossProfit": 1366498000, "researchDevelopment": {}, "sellingGeneralAdministrative": 363505000, "nonRecurring": {}, "otherOperatingExpenses": 401534000, "totalOperatingExpenses": 3449556000, "operatingIncome": 450710000, "totalOtherIncomeExpenseNet": 6391000, "ebit": 450710000, "interestExpense": -70625000, "incomeBeforeTax": 457101000, "incomeTaxExpense": 109446000, "minorityInterest": 865864000, "netIncomeFromContinuingOps": 347655000, "discontinuedOperations": {}, "extraordinaryItems": {}, "effectOfAccountingCharges": {}, "otherItems": {}, "netIncome": 328914000, "netIncomeApplicableToCommonShares": 328914000}, {"maxAge": 1, "endDate": "2020-06-30", "totalRevenue": 3597810000, "costOfRevenue": 2287324000, "grossProfit": 1310486000, "researchDevelopment": {}, "sellingGeneralAdministrative": 357489000, "nonRecurring": {}, "otherOperatingExpenses": 368615000, "totalOperatingExpenses": 3162823000, "operatingIncome": 434987000, "totalOtherIncomeExpenseNet": -30030000, "ebit": 434987000, "interestExpense": -73997000, "incomeBeforeTax": 404957000, "incomeTaxExpense": 108713000, "minorityInterest": 865864000, "netIncomeFromContinuingOps": 296244000, "discontinuedOperations": {}, "extraordinaryItems": {}, "effectOfAccountingCharges": {}, "otherItems": {}, "netIncome": 278645000, "netIncomeApplicableToCommonShares": 278645000}, {"maxAge": 1, "endDate": "2020-03-31", "totalRevenue": 3437388000, "costOfRevenue": 2641294000, "grossProfit": 796094000, "researchDevelopment": {}, "sellingGeneralAdministrative": 398777000, "nonRecurring": {}, "otherOperatingExpenses": -101413000, "totalOperatingExpenses": 3099177000, "operatingIncome": 338211000, "totalOtherIncomeExpenseNet": 45126000, "ebit": 338211000, "interestExpense": -66311000, "incomeBeforeTax": 383337000, "incomeTaxExpense": -304539000, "minorityInterest": 835318000, "netIncomeFromContinuingOps": 687876000, "discontinuedOperations": {}, "extraordinaryItems": {}, "effectOfAccountingCharges": {}, "otherItems": {}, "netIncome": 663553000, "netIncomeApplicableToCommonShares": 663553000}], "maxAge": 86400}, "cashflowStatementHistoryQuarterly": {"cashflowStatements": [{"maxAge": 1, "endDate": "2020-12-31", "netIncome": 251106000, "changeToLiabilities": 0}, {"maxAge": 1, "endDate": "2020-09-30", "netIncome": 328914000, "changeToLiabilities": 0}, {"maxAge": 1, "endDate": "2020-06-30", "netIncome": 278645000, "changeToLiabilities": 0}, {"maxAge": 1, "endDate": "2020-03-31", "netIncome": 663553000, "changeToLiabilities": 0}], "maxAge": 86400}, "insiderHolders": {"holders": [], "maxAge": 1}, "calendarEvents": {"maxAge": 1, "earnings": {"earningsDate": []}, "exDividendDate": "2020-03-19 05:30:00"}, "price": {"maxAge": 1, "regularMarketChangePercent": 0.03069941, "regularMarketChange": 11.5, "regularMarketTime": "2021-04-30 15:29:59", "priceHint": 2, "regularMarketPrice": 386.1, "regularMarketDayHigh": 404.0, "regularMarketDayLow": 369.4, "regularMarketVolume": 920516, "averageDailyVolume10Day": 421106, "averageDailyVolume3Month": 131225, "regularMarketPreviousClose": 374.6, "regularMarketSource": "FREE_REALTIME", "regularMarketOpen": 373.0, "exchange": "NSI", "exchangeName": "NSE", "exchangeDataDelayedBy": 15, "marketState": "CLOSED", "quoteType": "EQUITY", "symbol": "ANDHRSUGAR.NS", "underlyingSymbol": null, "shortName": "ANDHRA SUGARS", "longName": "The Andhra Sugars Limited", "currency": "INR", "quoteSourceName": "Delayed Quote", "currencySymbol": "\u20b9", "fromCurrency": null, "toCurrency": null, "lastMarket": null, "marketCap": 10460452864}, "balanceSheetHistory": {"balanceSheetStatements": [{"maxAge": 1, "endDate": "2020-03-31", "cash": 586169000, "shortTermInvestments": 1078996000, "netReceivables": 2228163000, "inventory": 4424186000, "otherCurrentAssets": 363561000, "totalCurrentAssets": 8715919000, "longTermInvestments": 1586743000, "propertyPlantEquipment": 7423326000, "intangibleAssets": 7111000, "otherAssets": 342513000, "totalAssets": 18075612000, "accountsPayable": 514764000, "shortLongTermDebt": 767697000, "otherCurrentLiab": 303702000, "longTermDebt": 1356353000, "otherLiab": 1672019000, "minorityInterest": 835318000, "totalCurrentLiabilities": 2674608000, "totalLiab": 5704621000, "commonStock": 271071000, "retainedEarnings": 11110903000, "treasuryStock": -2371000, "capitalSurplus": 156070000, "otherStockholderEquity": -2371000, "totalStockholderEquity": 11535673000, "netTangibleAssets": 11528562000}, {"maxAge": 1, "endDate": "2019-03-31", "cash": 474567000, "shortTermInvestments": 1131615000, "netReceivables": 1883863000, "inventory": 4283939000, "otherCurrentAssets": 452413000, "totalCurrentAssets": 8266999000, "longTermInvestments": 2424980000, "propertyPlantEquipment": 7570603000, "intangibleAssets": 10377000, "otherAssets": 318811000, "totalAssets": 18591770000, "accountsPayable": 422165000, "shortLongTermDebt": 594335000, "otherCurrentLiab": 322658000, "longTermDebt": 1746761000, "otherLiab": 2053831000, "minorityInterest": 786310000, "totalCurrentLiabilities": 2696672000, "totalLiab": 6497264000, "commonStock": 271071000, "retainedEarnings": 10071010000, "treasuryStock": 810045000, "capitalSurplus": 156070000, "otherStockholderEquity": 810045000, "totalStockholderEquity": 11308196000, "netTangibleAssets": 11297819000}, {"maxAge": 1, "endDate": "2018-03-31", "cash": 352518000, "shortTermInvestments": 281254000, "netReceivables": 2249964000, "inventory": 2801043000, "otherCurrentAssets": 450336000, "totalCurrentAssets": 6164160000, "longTermInvestments": 2324067000, "propertyPlantEquipment": 7472888000, "intangibleAssets": 13502000, "otherAssets": 349874000, "totalAssets": 16324491000, "accountsPayable": 433802000, "shortLongTermDebt": 710281000, "otherCurrentLiab": 292228000, "longTermDebt": 1450750000, "otherLiab": 1865323000, "minorityInterest": 778799000, "totalCurrentLiabilities": 2355077000, "totalLiab": 5671150000, "commonStock": 271071000, "retainedEarnings": 8492953000, "treasuryStock": 954448000, "capitalSurplus": 156070000, "otherStockholderEquity": 954448000, "totalStockholderEquity": 9874542000, "netTangibleAssets": 9861040000}, {"maxAge": 1, "endDate": "2017-03-31", "cash": 246207000, "shortTermInvestments": 998057000, "netReceivables": 1969478000, "inventory": 3024279000, "otherCurrentAssets": 678317000, "totalCurrentAssets": 6944341000, "longTermInvestments": 2580463000, "propertyPlantEquipment": 6869372000, "intangibleAssets": 2910000, "otherAssets": 766392000, "totalAssets": 17163478000, "accountsPayable": 712333000, "shortLongTermDebt": 722713000, "otherCurrentLiab": 260970000, "longTermDebt": 2320910000, "otherLiab": 1796041000, "deferredLongTermLiab": 94000, "minorityInterest": 759700000, "totalCurrentLiabilities": 2959322000, "totalLiab": 7076273000, "commonStock": 271071000, "retainedEarnings": 7670392000, "treasuryStock": 1229972000, "capitalSurplus": 156070000, "otherStockholderEquity": 1229972000, "totalStockholderEquity": 9327505000, "netTangibleAssets": 9324595000}], "maxAge": 86400}, "financialData": {"maxAge": 86400, "currentPrice": 386.1, "recommendationKey": "none", "totalCash": 2467813888, "totalCashPerShare": 91.005, "ebitda": 2149994240, "totalDebt": 1255698944, "totalRevenue": 14494161920, "debtToEquity": 9.316, "revenuePerShare": 534.748, "grossProfits": 5672957000, "earningsGrowth": -0.226, "revenueGrowth": -0.044, "grossMargins": 0.32945, "ebitdaMargins": 0.14834, "operatingMargins": 0.10167, "profitMargins": 0.10502, "financialCurrency": "INR"}}}