{"ANDHRSUGAR.BO": {"cashflowStatementHistory": {"cashflowStatements": [{"maxAge": 1, "endDate": "2020-03-31", "netIncome": 2030853000, "depreciation": 624109000, "changeToNetincome": -436084000, "changeToAccountReceivables": -181938000, "changeToLiabilities": 103977000, "changeToInventory": -140247000, "changeToOperatingActivities": -188381000, "totalCashFromOperatingActivities": 1812289000, "capitalExpenditures": -515157000, "investments": 151993000, "otherCashflowsFromInvestingActivities": 105706000, "totalCashflowsFromInvestingActivities": -153573000, "dividendsPaid": -823920000, "netBorrowings": -410925000, "otherCashflowsFromFinancingActivities": -437331000, "totalCashFromFinancingActivities": -1672176000, "changeInCash": -13460000}, {"maxAge": 1, "endDate": "2019-03-31", "netIncome": 1904848000, "depreciation": 554494000, "changeToNetincome": 135535000, "changeToAccountReceivables": -80774000, "changeToLiabilities": -12145000, "changeToInventory": -1482895000, "changeToOperatingActivities": 116068000, "totalCashFromOperatingActivities": 1135131000, "capitalExpenditures": -651630000, "investments": -774258000, "otherCashflowsFromInvestingActivities": 83816000, "totalCashflowsFromInvestingActivities": -1330766000, "dividendsPaid": -292484000, "netBorrowings": 563213000, "otherCashflowsFromFinancingActivities": -38593000, "totalCashFromFinancingActivities": 232136000, "changeInCash": 36502000}, {"maxAge": 1, "endDate": "2018-03-31", "netIncome": 1165433000, "depreciation": 551659000, "changeToNetincome": 37742000, "changeToAccountReceivables": 155978000, "changeToLiabilities": -293771000, "changeToInventory": 223236000, "changeToOperatingActivities": 183786000, "totalCashFromOperatingActivities": 2024157000, "capitalExpenditures": -1114439000, "investments": 793310000, "otherCashflowsFromInvestingActivities": 125713000, "totalCashflowsFromInvestingActivities": -171828000, "dividendsPaid": -303146000, "netBorrowings": -1126328000, "otherCashflowsFromFinancingActivities": -316545000, "totalCashFromFinancingActivities": -1746019000, "changeInCash": 106312000}, {"maxAge": 1, "endDate": "2017-03-31", "netIncome": 1214132000, "depreciation": 512724000, "changeToNetincome": 268127000, "changeToAccountReceivables": -390636000, "changeToLiabilities": 386288000, "changeToInventory": 385087000, "changeToOperatingActivities": 78410000, "totalCashFromOperatingActivities": 2454132000, "capitalExpenditures": -1590011000, "investments": -1117183000, "otherCashflowsFromInvestingActivities": 117024000, "totalCashflowsFromInvestingActivities": -2589905000, "dividendsPaid": -303146000, "netBorrowings": 709090000, "otherCashflowsFromFinancingActivities": -469612000, "totalCashFromFinancingActivities": 239478000, "changeInCash": 103705000}], "maxAge": 86400}, "institutionOwnership": {"maxAge": 1, "ownershipList": []}, "balanceSheetHistoryQuarterly": {"balanceSheetStatements": [{"maxAge": 1, "endDate": "2020-06-30", "totalStockholderEquity": 11535673000, "netTangibleAssets": 11528562000}, {"maxAge": 1, "endDate": "2020-03-31", "cash": 586169000, "shortTermInvestments": 1078996000, "netReceivables": 2228163000, "inventory": 4424186000, "otherCurrentAssets": 363561000, "totalCurrentAssets": 8715919000, "longTermInvestments": 1586743000, "propertyPlantEquipment": 7423326000, "intangibleAssets": 7111000, "otherAssets": 342513000, "totalAssets": 18075612000, "accountsPayable": 514764000, "shortLongTermDebt": 767697000, "otherCurrentLiab": 303702000, "longTermDebt": 1356353000, "otherLiab": 1672019000, "minorityInterest": 835318000, "totalCurrentLiabilities": 2674608000, "totalLiab": 5704621000, "commonStock": 271071000, "retainedEarnings": 11110903000, "treasuryStock": -2371000, "capitalSurplus": 156070000, "otherStockholderEquity": -2371000, "totalStockholderEquity": 11535673000, "netTangibleAssets": 11528562000}, {"maxAge": 1, "endDate": "2019-12-31", "totalStockholderEquity": 11666744000, "netTangibleAssets": 11657999000}, {"maxAge": 1, "endDate": "2019-09-30", "cash": 968953000, "shortTermInvestments": 2206258000, "netReceivables": 2432840000, "inventory": 3360605000, "otherCurrentAssets": 634850000, "totalCurrentAssets": 9603506000, "longTermInvestments": 2083744000, "propertyPlantEquipment": 7527338000, "intangibleAssets": 8745000, "otherAssets": 362104000, "totalAssets": 19585437000, "accountsPayable": 636605000, "otherCurrentLiab": 1511410000, "longTermDebt": 1995224000, "otherLiab": 2175623000, "minorityInterest": 804879000, "totalCurrentLiabilities": 2934693000, "totalLiab": 7113814000, "commonStock": 271101000, "treasuryStock": 11395643000, "otherStockholderEquity": 11395643000, "totalStockholderEquity": 11666744000, "netTangibleAssets": 11657999000}], "maxAge": 86400}, "indexTrend": {"maxAge": 1, "symbol": "SP5", "peRatio": 19.7411, "pegRatio": 1.34172, "estimates": [{"period": "0q", "growth": 0.549}, {"period": "+1q", "growth": 0.431}, {"period": "0y", "growth": 0.305}, {"period": "+1y", "growth": 0.109}, {"period": "+5y", "growth": 0.120865}, {"period": "-5y"}]}, "quoteType": {"exchange": "BSE", "quoteType": "EQUITY", "symbol": "ANDHRSUGAR.BO", "underlyingSymbol": "ANDHRSUGAR.BO", "shortName": "ANDHRA SUGARS LTD.", "longName": "The Andhra Sugars Limited", "firstTradeDateEpochUtc": "2006-12-28 09:15:00", "timeZoneFullName": "Asia/Kolkata", "timeZoneShortName": "IST", "uuid": "960ed35d-af49-3029-b355-3d49d304fd22", "messageBoardId": null, "gmtOffSetMilliseconds": 19800000, "maxAge": 1}, "incomeStatementHistory": {"incomeStatementHistory": [{"maxAge": 1, "endDate": "2020-03-31", "totalRevenue": 14774832000, "costOfRevenue": 9101875000, "grossProfit": 5672957000, "researchDevelopment": {}, "sellingGeneralAdministrative": 1524558000, "nonRecurring": {}, "otherOperatingExpenses": 1341928000, "totalOperatingExpenses": 12592470000, "operatingIncome": 2182362000, "totalOtherIncomeExpenseNet": 127075000, "ebit": 2182362000, "interestExpense": -278687000, "incomeBeforeTax": 2309437000, "incomeTaxExpense": 204097000, "minorityInterest": 835318000, "netIncomeFromContinuingOps": 2105340000, "discontinuedOperations": {}, "extraordinaryItems": {}, "effectOfAccountingCharges": {}, "otherItems": {}, "netIncome": 2030853000, "netIncomeApplicableToCommonShares": 2030853000}, {"maxAge": 1, "endDate": "2019-03-31", "totalRevenue": 13763779000, "costOfRevenue": 8131170000, "grossProfit": 5632609000, "researchDevelopment": {}, "sellingGeneralAdministrative": 1436106000, "nonRecurring": {}, "otherOperatingExpenses": 1123485000, "totalOperatingExpenses": 11258629000, "operatingIncome": 2505150000, "totalOtherIncomeExpenseNet": 278552000, "ebit": 2505150000, "interestExpense": -298953000, "incomeBeforeTax": 2783702000, "incomeTaxExpense": 864311000, "minorityInterest": 786310000, "netIncomeFromContinuingOps": 1919391000, "discontinuedOperations": {}, "extraordinaryItems": {}, "effectOfAccountingCharges": {}, "otherItems": {}, "netIncome": 1904848000, "netIncomeApplicableToCommonShares": 1904848000}, {"maxAge": 1, "endDate": "2018-03-31", "totalRevenue": 13075957000, "costOfRevenue": 8486811000, "grossProfit": 4589146000, "researchDevelopment": {}, "sellingGeneralAdministrative": 1254651000, "nonRecurring": {}, "otherOperatingExpenses": 1205495000, "totalOperatingExpenses": 11499596000, "operatingIncome": 1576361000, "totalOtherIncomeExpenseNet": 101784000, "ebit": 1576361000, "interestExpense": -320575000, "incomeBeforeTax": 1678145000, "incomeTaxExpense": 492649000, "minorityInterest": 778799000, "netIncomeFromContinuingOps": 1185496000, "discontinuedOperations": {}, "extraordinaryItems": {}, "effectOfAccountingCharges": {}, "otherItems": {}, "netIncome": 1165433000, "netIncomeApplicableToCommonShares": 1165433000}, {"maxAge": 1, "endDate": "2017-03-31", "totalRevenue": 12798526000, "costOfRevenue": 8230026000, "grossProfit": 4568500000, "researchDevelopment": {}, "sellingGeneralAdministrative": 1173071000, "nonRecurring": {}, "otherOperatingExpenses": 1170061000, "totalOperatingExpenses": 11086759000, "operatingIncome": 1711767000, "totalOtherIncomeExpenseNet": -44381000, "ebit": 1711767000, "interestExpense": -251305000, "incomeBeforeTax": 1667386000, "incomeTaxExpense": 419650000, "minorityInterest": 759700000, "netIncomeFromContinuingOps": 1247736000, "discontinuedOperations": {}, "extraordinaryItems": {}, "effectOfAccountingCharges": {}, "otherItems": {}, "netIncome": 1214132000, "netIncomeApplicableToCommonShares": 1214132000}], "maxAge": 86400}, "fundOwnership": {"maxAge": 1, "ownershipList": []}, "summaryDetail": {"maxAge": 1, "priceHint": 2, "previousClose": 374.4, "open": 376.95, "dayLow": 370.9, "dayHigh": 404.0, "regularMarketPreviousClose": 374.4, "regularMarketOpen": 376.95, "regularMarketDayLow": 370.9, "regularMarketDayHigh": 404.0, "trailingPE": 5.8659983, "volume": 50196, "regularMarketVolume": 50196, "averageVolume": 6668, "averageVolume10days": 6683, "averageDailyVolume10Day": 6683, "bid": 385.0, "ask": 386.1, "bidSize": 0, "askSize": 0, "marketCap": 10466051072, "fiftyTwoWeekLow": 119.0, "fiftyTwoWeekHigh": 404.0, "fiftyDayAverage": 316.82715, "twoHundredDayAverage": 306.5022, "trailingAnnualDividendRate": 20.0, "trailingAnnualDividendYield": 0.053418804, "currency": "INR", "fromCurrency": null, "toCurrency": null, "lastMarket": null, "algorithm": null, "tradeable": false}, "incomeStatementHistoryQuarterly": {"incomeStatementHistory": [{"maxAge": 1, "endDate": "2020-06-30", "totalRevenue": 3597810000, "costOfRevenue": 2287324000, "grossProfit": 1310486000, "researchDevelopment": {}, "sellingGeneralAdministrative": 357489000, "nonRecurring": {}, "otherOperatingExpenses": 368615000, "totalOperatingExpenses": 3162823000, "operatingIncome": 434987000, "totalOtherIncomeExpenseNet": -30030000, "ebit": 434987000, "interestExpense": -73997000, "incomeBeforeTax": 404957000, "incomeTaxExpense": 108713000, "minorityInterest": {}, "netIncomeFromContinuingOps": 296244000, "discontinuedOperations": {}, "extraordinaryItems": {}, "effectOfAccountingCharges": {}, "otherItems": {}, "netIncome": 278645000, "netIncomeApplicableToCommonShares": 278645000}, {"maxAge": 1, "endDate": "2020-03-31", "totalRevenue": 3437388000, "costOfRevenue": 2641294000, "grossProfit": 796094000, "researchDevelopment": {}, "sellingGeneralAdministrative": 398777000, "nonRecurring": {}, "otherOperatingExpenses": -101413000, "totalOperatingExpenses": 3099177000, "operatingIncome": 338211000, "totalOtherIncomeExpenseNet": 45126000, "ebit": 338211000, "interestExpense": -66311000, "incomeBeforeTax": 383337000, "incomeTaxExpense": -304539000, "minorityInterest": 835318000, "netIncomeFromContinuingOps": 687876000, "discontinuedOperations": {}, "extraordinaryItems": {}, "effectOfAccountingCharges": {}, "otherItems": {}, "netIncome": 663553000, "netIncomeApplicableToCommonShares": 663553000}, {"maxAge": 1, "endDate": "2019-12-31", "totalRevenue": 3722784000, "costOfRevenue": 2303165000, "grossProfit": 1419619000, "researchDevelopment": {}, "sellingGeneralAdministrative": 364660000, "nonRecurring": {}, "otherOperatingExpenses": 495790000, "totalOperatingExpenses": 3323774000, "operatingIncome": 399010000, "totalOtherIncomeExpenseNet": 37542000, "ebit": 399010000, "interestExpense": -72133000, "incomeBeforeTax": 436552000, "incomeTaxExpense": 89740000, "minorityInterest": 835318000, "netIncomeFromContinuingOps": 346812000, "discontinuedOperations": {}, "extraordinaryItems": {}, "effectOfAccountingCharges": {}, "otherItems": {}, "netIncome": 324422000, "netIncomeApplicableToCommonShares": 324422000}, {"maxAge": 1, "endDate": "2019-09-30", "totalRevenue": 3835366000, "costOfRevenue": 2075997000, "grossProfit": 1759369000, "researchDevelopment": {}, "sellingGeneralAdministrative": 380453000, "nonRecurring": {}, "otherOperatingExpenses": 543254000, "totalOperatingExpenses": 3152319000, "operatingIncome": 683047000, "totalOtherIncomeExpenseNet": 19583000, "ebit": 683047000, "interestExpense": -69765000, "incomeBeforeTax": 702630000, "incomeTaxExpense": 166809000, "minorityInterest": 804879000, "netIncomeFromContinuingOps": 535821000, "discontinuedOperations": {}, "extraordinaryItems": {}, "effectOfAccountingCharges": {}, "otherItems": {}, "netIncome": 517554000, "netIncomeApplicableToCommonShares": 517554000}], "maxAge": 86400}, "cashflowStatementHistoryQuarterly": {"cashflowStatements": [{"maxAge": 1, "endDate": "2020-06-30", "netIncome": 278645000, "changeToLiabilities": 0}, {"maxAge": 1, "endDate": "2020-03-31", "netIncome": 663553000, "changeToLiabilities": 0}, {"maxAge": 1, "endDate": "2019-12-31", "netIncome": 324422000, "changeToLiabilities": 0}, {"maxAge": 1, "endDate": "2019-09-30", "netIncome": 517554000, "changeToLiabilities": 0}], "maxAge": 86400}, "insiderHolders": {"holders": [], "maxAge": 1}, "calendarEvents": {"maxAge": 1, "earnings": {"earningsDate": []}}, "price": {"maxAge": 1, "regularMarketChangePercent": 0.031250034, "regularMarketChange": 11.700012, "regularMarketTime": "2021-04-30 15:41:06", "priceHint": 2, "regularMarketPrice": 386.1, "regularMarketDayHigh": 404.0, "regularMarketDayLow": 370.9, "regularMarketVolume": 50196, "averageDailyVolume10Day": 6683, "averageDailyVolume3Month": 6668, "regularMarketPreviousClose": 374.4, "regularMarketSource": "FREE_REALTIME", "regularMarketOpen": 376.95, "exchange": "BSE", "exchangeName": "BSE", "exchangeDataDelayedBy": 0, "marketState": "CLOSED", "quoteType": "EQUITY", "symbol": "ANDHRSUGAR.BO", "underlyingSymbol": null, "shortName": "ANDHRA SUGARS LTD.", "longName": "The Andhra Sugars Limited", "currency": "INR", "quoteSourceName": "Delayed Quote", "currencySymbol": "\u20b9", "fromCurrency": null, "toCurrency": null, "lastMarket": null, "marketCap": 10466051072}, "balanceSheetHistory": {"balanceSheetStatements": [{"maxAge": 1, "endDate": "2020-03-31", "cash": 586169000, "shortTermInvestments": 1078996000, "netReceivables": 2228163000, "inventory": 4424186000, "otherCurrentAssets": 363561000, "totalCurrentAssets": 8715919000, "longTermInvestments": 1586743000, "propertyPlantEquipment": 7423326000, "intangibleAssets": 7111000, "otherAssets": 342513000, "totalAssets": 18075612000, "accountsPayable": 514764000, "shortLongTermDebt": 767697000, "otherCurrentLiab": 303702000, "longTermDebt": 1356353000, "otherLiab": 1672019000, "minorityInterest": 835318000, "totalCurrentLiabilities": 2674608000, "totalLiab": 5704621000, "commonStock": 271071000, "retainedEarnings": 11110903000, "treasuryStock": -2371000, "capitalSurplus": 156070000, "otherStockholderEquity": -2371000, "totalStockholderEquity": 11535673000, "netTangibleAssets": 11528562000}, {"maxAge": 1, "endDate": "2019-03-31", "cash": 474567000, "shortTermInvestments": 1131615000, "netReceivables": 1883863000, "inventory": 4283939000, "otherCurrentAssets": 452413000, "totalCurrentAssets": 8266999000, "longTermInvestments": 2424980000, "propertyPlantEquipment": 7570603000, "intangibleAssets": 10377000, "otherAssets": 318811000, "totalAssets": 18591770000, "accountsPayable": 422165000, "shortLongTermDebt": 594335000, "otherCurrentLiab": 322658000, "longTermDebt": 1746761000, "otherLiab": 2053831000, "minorityInterest": 786310000, "totalCurrentLiabilities": 2696672000, "totalLiab": 6497264000, "commonStock": 271071000, "retainedEarnings": 10071010000, "treasuryStock": 810045000, "capitalSurplus": 156070000, "otherStockholderEquity": 810045000, "totalStockholderEquity": 11308196000, "netTangibleAssets": 11297819000}, {"maxAge": 1, "endDate": "2018-03-31", "cash": 352518000, "shortTermInvestments": 281254000, "netReceivables": 2249964000, "inventory": 2801043000, "otherCurrentAssets": 450336000, "totalCurrentAssets": 6164160000, "longTermInvestments": 2324067000, "propertyPlantEquipment": 7472888000, "intangibleAssets": 13502000, "otherAssets": 349874000, "totalAssets": 16324491000, "accountsPayable": 433802000, "shortLongTermDebt": 710281000, "otherCurrentLiab": 292228000, "longTermDebt": 1450750000, "otherLiab": 1865323000, "minorityInterest": 778799000, "totalCurrentLiabilities": 2355077000, "totalLiab": 5671150000, "commonStock": 271071000, "retainedEarnings": 8492953000, "treasuryStock": 954448000, "capitalSurplus": 156070000, "otherStockholderEquity": 954448000, "totalStockholderEquity": 9874542000, "netTangibleAssets": 9861040000}, {"maxAge": 1, "endDate": "2017-03-31", "cash": 246207000, "shortTermInvestments": 998057000, "netReceivables": 1969478000, "inventory": 3024279000, "otherCurrentAssets": 678317000, "totalCurrentAssets": 6944341000, "longTermInvestments": 2580463000, "propertyPlantEquipment": 6869372000, "intangibleAssets": 2910000, "otherAssets": 766392000, "totalAssets": 17163478000, "accountsPayable": 712333000, "shortLongTermDebt": 722713000, "otherCurrentLiab": 260970000, "longTermDebt": 2320910000, "otherLiab": 1796041000, "deferredLongTermLiab": 94000, "minorityInterest": 759700000, "totalCurrentLiabilities": 2959322000, "totalLiab": 7076273000, "commonStock": 271071000, "retainedEarnings": 7670392000, "treasuryStock": 1229972000, "capitalSurplus": 156070000, "otherStockholderEquity": 1229972000, "totalStockholderEquity": 9327505000, "netTangibleAssets": 9324595000}], "maxAge": 86400}, "financialData": {"maxAge": 86400, "currentPrice": 386.1, "recommendationKey": "none", "grossProfits": 5672957000, "financialCurrency": "INR"}}}