{"ANDHRACEMT.NS": {"assetProfile": {"address1": "Durga Cement Works", "address2": "Sri Durgapuram Srinagar (PO) Dachepalli", "city": "Guntur", "zip": "522414", "country": "India", "phone": "91 86 4925 7413", "fax": "91 86 4925 7449", "website": "http://www.andhracements.com", "industry": "Building Materials", "sector": "Basic Materials", "longBusinessSummary": "Andhra Cements Limited manufactures and sells cement and cement related products primarily in India. The company offers ordinary Portland, Portland Pozolana, and Portland slag cement products. It sells its products through a network of dealers and agents. The company was formerly known as Andhra Cement Company Limited and changed its name to Andhra Cements Limited in December 1990. The company was incorporated in 1936 and is based in Guntur, India. Andhra Cements Limited is a subsidiary of Jaypee Development Corporation Limited.", "fullTimeEmployees": 375, "companyOfficers": [{"maxAge": 1, "name": "Mr. Naveen Kumar Singh", "age": 45, "title": "CEO & Exec. Director", "yearBorn": 1975, "fiscalYear": 2020, "totalPay": 0, "exercisedValue": 0, "unexercisedValue": 0}, {"maxAge": 1, "name": "Mr. A. K. Agrawal", "age": 58, "title": "Chief Financial Officer", "yearBorn": 1962, "exercisedValue": 0, "unexercisedValue": 0}, {"maxAge": 1, "name": "Mr. G. Tirupati Rao", "title": "GM of Legal, Compliance Officer & Company Sec.", "exercisedValue": 0, "unexercisedValue": 0}, {"maxAge": 1, "name": "K. R. Jangid", "age": 61, "title": "VP of Tech", "yearBorn": 1959, "fiscalYear": 2010, "exercisedValue": 0, "unexercisedValue": 0}, {"maxAge": 1, "name": "Mr. T. V. Ramana Murthy", "age": 63, "title": "Sr. VP", "yearBorn": 1957, "exercisedValue": 0, "unexercisedValue": 0}, {"maxAge": 1, "name": "R.  Viswanathan", "age": 68, "title": "Sr. VP of Projects", "yearBorn": 1952, "fiscalYear": 2010, "exercisedValue": 0, "unexercisedValue": 0}, {"maxAge": 1, "name": "S. N. Kesari", "age": 57, "title": "VP of A & CA", "yearBorn": 1963, "fiscalYear": 2010, "exercisedValue": 0, "unexercisedValue": 0}, {"maxAge": 1, "name": "L.  Subramaniyam", "age": 71, "title": "VP of P & A", "yearBorn": 1949, "fiscalYear": 2010, "exercisedValue": 0, "unexercisedValue": 0}, {"maxAge": 1, "name": "Mr. R. A. Somani", "age": 54, "title": "VP of Projects", "yearBorn": 1966, "fiscalYear": 2010, "exercisedValue": 0, "unexercisedValue": 0}], "compensationAsOfEpochDate": "2020-12-31 05:30:00", "maxAge": 86400}, "cashflowStatementHistory": {"cashflowStatements": [{"maxAge": 1, "endDate": "2020-03-31", "netIncome": -1683173000, "depreciation": 478293000, "changeToNetincome": 1133381000, "changeToAccountReceivables": -6854000, "changeToLiabilities": 1515214000, "changeToInventory": -1703000, "changeToOperatingActivities": -261791000, "totalCashFromOperatingActivities": 1173367000, "capitalExpenditures": -1797000, "investments": -2714000, "otherCashflowsFromInvestingActivities": 6441000, "totalCashflowsFromInvestingActivities": 2159000, "netBorrowings": 17825000, "otherCashflowsFromFinancingActivities": -1217441000, "totalCashFromFinancingActivities": -1175704000, "changeInCash": -178000, "issuanceOfStock": 23912000}, {"maxAge": 1, "endDate": "2019-03-31", "netIncome": -1801349000, "depreciation": 474651000, "changeToNetincome": 1475587000, "changeToAccountReceivables": 78874000, "changeToLiabilities": -308220000, "changeToInventory": 125187000, "changeToOperatingActivities": 175486000, "totalCashFromOperatingActivities": 220216000, "capitalExpenditures": -309000, "investments": -8465000, "otherCashflowsFromInvestingActivities": 7402000, "totalCashflowsFromInvestingActivities": 10182000, "netBorrowings": -21924000, "otherCashflowsFromFinancingActivities": -548637000, "totalCashFromFinancingActivities": -450561000, "changeInCash": -220163000, "issuanceOfStock": 120000000}, {"maxAge": 1, "endDate": "2018-03-31", "netIncome": -710949000, "depreciation": 447553000, "changeToNetincome": 830716000, "changeToAccountReceivables": -481000, "changeToLiabilities": 91989000, "changeToInventory": 11499000, "changeToOperatingActivities": 262112000, "totalCashFromOperatingActivities": 932439000, "capitalExpenditures": -34016000, "investments": 18675000, "otherCashflowsFromInvestingActivities": 17225000, "totalCashflowsFromInvestingActivities": 418666000, "netBorrowings": 4502000, "otherCashflowsFromFinancingActivities": -1194784000, "totalCashFromFinancingActivities": -1190282000, "changeInCash": 160823000, "issuanceOfStock": 120000000}, {"maxAge": 1, "endDate": "2017-03-31", "netIncome": -1031198000, "depreciation": 400420000, "changeToNetincome": 1019236000, "changeToAccountReceivables": 43986000, "changeToLiabilities": 358046000, "changeToInventory": -38344000, "changeToOperatingActivities": -202379000, "totalCashFromOperatingActivities": 549767000, "capitalExpenditures": -27236000, "investments": -10202000, "otherCashflowsFromInvestingActivities": 10778000, "totalCashflowsFromInvestingActivities": -25860000, "netBorrowings": 303208000, "otherCashflowsFromFinancingActivities": -850777000, "totalCashFromFinancingActivities": -547569000, "changeInCash": -23662000, "issuanceOfStock": 120000000}], "maxAge": 86400}, "institutionOwnership": {"maxAge": 1, "ownershipList": []}, "majorHoldersBreakdown": {"maxAge": 1, "insidersPercentHeld": 0.77565, "institutionsPercentHeld": 0.025179999, "institutionsFloatPercentHeld": 0.112220004, "institutionsCount": 1}, "balanceSheetHistoryQuarterly": {"balanceSheetStatements": [{"maxAge": 1, "endDate": "2020-12-31", "totalStockholderEquity": -5909300000, "netTangibleAssets": -5909300000}, {"maxAge": 1, "endDate": "2020-09-30", "cash": 60500000, "netReceivables": 198200000, "inventory": 153000000, "otherCurrentAssets": 94700000, "totalCurrentAssets": 506400000, "longTermInvestments": 123000000, "propertyPlantEquipment": 9031900000, "otherAssets": 57100000, "totalAssets": 9718400000, "accountsPayable": 1797300000, "otherCurrentLiab": 6426900000, "longTermDebt": 5438400000, "otherLiab": 29500000, "totalCurrentLiabilities": 10159800000, "totalLiab": 15627700000, "commonStock": 2935200000, "treasuryStock": -8844500000, "otherStockholderEquity": -8844500000, "totalStockholderEquity": -5909300000, "netTangibleAssets": -5909300000}, {"maxAge": 1, "endDate": "2020-06-30", "totalStockholderEquity": -4808270000, "netTangibleAssets": -4808270000}, {"maxAge": 1, "endDate": "2020-03-31", "cash": 107000, "netReceivables": 311648000, "inventory": 153702000, "otherCurrentAssets": 116993000, "totalCurrentAssets": 583242000, "longTermInvestments": 807000, "propertyPlantEquipment": 9270866000, "otherAssets": 167568000, "totalAssets": 10022483000, "accountsPayable": 1598554000, "shortLongTermDebt": 2034645000, "otherCurrentLiab": 1754225000, "longTermDebt": 5677195000, "otherLiab": 31225000, "totalCurrentLiabilities": 9122333000, "totalLiab": 14830753000, "commonStock": 2935205000, "retainedEarnings": -8681017000, "treasuryStock": 32137000, "capitalSurplus": 905405000, "otherStockholderEquity": 32137000, "totalStockholderEquity": -4808270000, "netTangibleAssets": -4808270000}], "maxAge": 86400}, "indexTrend": {"maxAge": 1, "symbol": "SP5", "peRatio": 19.7411, "pegRatio": 1.34172, "estimates": [{"period": "0q", "growth": 0.549}, {"period": "+1q", "growth": 0.431}, {"period": "0y", "growth": 0.305}, {"period": "+1y", "growth": 0.109}, {"period": "+5y", "growth": 0.120865}, {"period": "-5y"}]}, "defaultKeyStatistics": {"maxAge": 1, "priceHint": 2, "enterpriseValue": 8871531520, "profitMargins": 0.0, "floatShares": 88827958, "sharesOutstanding": 293520000, "heldPercentInsiders": 0.77565, "heldPercentInstitutions": 0.025179999, "beta": 1.585198, "category": null, "bookValue": -20.133, "fundFamily": null, "legalType": null, "lastFiscalYearEnd": "2020-03-31 05:30:00", "nextFiscalYearEnd": "2022-03-31 05:30:00", "mostRecentQuarter": "2020-12-31 05:30:00", "netIncomeToCommon": -2149473024, "trailingEps": -7.335, "lastSplitFactor": null, "enterpriseToRevenue": 80.298, "enterpriseToEbitda": -26.332, "52WeekChange": 0.8135593, "SandP52WeekChange": 0.48148263}, "summaryProfile": {"address1": "Durga Cement Works", "address2": "Sri Durgapuram Srinagar (PO) Dachepalli", "city": "Guntur", "zip": "522414", "country": "India", "phone": "91 86 4925 7413", "fax": "91 86 4925 7449", "website": "http://www.andhracements.com", "industry": "Building Materials", "sector": "Basic Materials", "longBusinessSummary": "Andhra Cements Limited manufactures and sells cement and cement related products primarily in India. The company offers ordinary Portland, Portland Pozolana, and Portland slag cement products. It sells its products through a network of dealers and agents. The company was formerly known as Andhra Cement Company Limited and changed its name to Andhra Cements Limited in December 1990. The company was incorporated in 1936 and is based in Guntur, India. Andhra Cements Limited is a subsidiary of Jaypee Development Corporation Limited.", "fullTimeEmployees": 375, "companyOfficers": [], "maxAge": 86400}, "netSharePurchaseActivity": {"maxAge": 1, "period": "6m", "buyInfoCount": 0, "buyInfoShares": 0, "sellInfoCount": 0, "netInfoCount": 0, "netInfoShares": 0, "netPercentInsiderShares": 0.0, "totalInsiderShares": 227668800}, "insiderTransactions": {"transactions": [{"maxAge": 1, "shares": 50481601, "filerUrl": "", "transactionText": "", "filerName": "Jaypee Development Corporation, Ltd.", "filerRelation": "Promoter", "moneyText": "", "startDate": "2016-03-29", "ownership": "D"}, {"maxAge": 1, "shares": 25913054, "filerUrl": "", "transactionText": "", "filerName": "Jaypee Development Corporation, Ltd.", "filerRelation": "Promoter", "moneyText": "", "startDate": "2014-05-13", "ownership": "D"}, {"maxAge": 1, "shares": 25913054, "filerUrl": "", "transactionText": "", "filerName": "NRC Ltd", "filerRelation": "Institution- Corporation", "moneyText": "", "startDate": "2014-05-13", "ownership": "D"}, {"maxAge": 1, "shares": 200000, "filerUrl": "", "transactionText": "", "filerName": "Gogri & Sons Investments Pvt Ltd", "filerRelation": "Institution- Corporation", "moneyText": "", "startDate": "2012-05-03", "ownership": "D"}, {"maxAge": 1, "shares": 24160, "filerUrl": "", "transactionText": "", "filerName": "Orchard Holdings Pvt, Ltd.", "filerRelation": "Institution- Corporation", "moneyText": "", "startDate": "2012-04-27", "ownership": "D"}, {"maxAge": 1, "shares": 8608603, "filerUrl": "", "transactionText": "", "filerName": "Housing Development Finance Corp Ltd", "filerRelation": "Institution- Corporation", "moneyText": "", "startDate": "2011-03-29", "ownership": "D"}, {"maxAge": 1, "shares": 150000, "filerUrl": "", "transactionText": "", "filerName": "Sewand Investments Pvt Ltd", "filerRelation": "Institution- Corporation", "moneyText": "", "startDate": "2011-03-24", "ownership": "D"}, {"maxAge": 1, "shares": 2505954, "filerUrl": "", "transactionText": "", "filerName": "Housing Development Finance Corp Ltd", "filerRelation": "Institution- Corporation", "moneyText": "", "startDate": "2010-08-24", "ownership": "D"}, {"maxAge": 1, "shares": 21000, "filerUrl": "", "transactionText": "", "filerName": "Goenka (Shrivardhan)", "filerRelation": "Director (Executive)", "moneyText": "", "startDate": "2009-10-30", "ownership": "D"}, {"maxAge": 1, "shares": 95034, "filerUrl": "", "transactionText": "", "filerName": "Goenka (Shrivardhan)", "filerRelation": "Director (Executive)", "moneyText": "", "startDate": "2009-09-12", "ownership": "D"}], "maxAge": 1}, "quoteType": {"exchange": "NSI", "quoteType": "EQUITY", "symbol": "ANDHRACEMT.NS", "underlyingSymbol": "ANDHRACEMT.NS", "shortName": "ANDHRA CEMENTS", "longName": "Andhra Cements Limited", "firstTradeDateEpochUtc": "2010-11-08 09:15:00", "timeZoneFullName": "Asia/Kolkata", "timeZoneShortName": "IST", "uuid": "ada08db9-9748-38b0-89e2-6e0ebeba60d4", "messageBoardId": "finmb_20333015", "gmtOffSetMilliseconds": 19800000, "maxAge": 1}, "incomeStatementHistory": {"incomeStatementHistory": [{"maxAge": 1, "endDate": "2020-03-31", "totalRevenue": 1429182000, "costOfRevenue": 149090000, "grossProfit": 1280092000, "researchDevelopment": {}, "sellingGeneralAdministrative": 254422000, "nonRecurring": {}, "otherOperatingExpenses": 1103017000, "totalOperatingExpenses": 1984822000, "operatingIncome": -555640000, "totalOtherIncomeExpenseNet": -1210323000, "ebit": -555640000, "interestExpense": -1185269000, "incomeBeforeTax": -1765963000, "incomeTaxExpense": -82790000, "minorityInterest": {}, "netIncomeFromContinuingOps": -1683173000, "discontinuedOperations": {}, "extraordinaryItems": {}, "effectOfAccountingCharges": {}, "otherItems": {}, "netIncome": -1683173000, "netIncomeApplicableToCommonShares": -1683173000}, {"maxAge": 1, "endDate": "2019-03-31", "totalRevenue": 3212403000, "costOfRevenue": 416875000, "grossProfit": 2795528000, "researchDevelopment": {}, "sellingGeneralAdministrative": 298177000, "nonRecurring": {}, "otherOperatingExpenses": 2364532000, "totalOperatingExpenses": 3554235000, "operatingIncome": -341832000, "totalOtherIncomeExpenseNet": -1463842000, "ebit": -341832000, "interestExpense": -1076919000, "incomeBeforeTax": -1805674000, "incomeTaxExpense": -4325000, "minorityInterest": {}, "netIncomeFromContinuingOps": -1801349000, "discontinuedOperations": {}, "extraordinaryItems": {}, "effectOfAccountingCharges": {}, "otherItems": {}, "netIncome": -1801349000, "netIncomeApplicableToCommonShares": -1801349000}, {"maxAge": 1, "endDate": "2018-03-31", "totalRevenue": 4701271000, "costOfRevenue": 510812000, "grossProfit": 4190459000, "researchDevelopment": {}, "sellingGeneralAdministrative": 336090000, "nonRecurring": {}, "otherOperatingExpenses": 3266934000, "totalOperatingExpenses": 4561389000, "operatingIncome": 139882000, "totalOtherIncomeExpenseNet": -859189000, "ebit": 139882000, "interestExpense": -1267298000, "incomeBeforeTax": -719307000, "incomeTaxExpense": -8358000, "minorityInterest": {}, "netIncomeFromContinuingOps": -710949000, "discontinuedOperations": {}, "extraordinaryItems": {}, "effectOfAccountingCharges": {}, "otherItems": {}, "netIncome": -710949000, "netIncomeApplicableToCommonShares": -710949000}, {"maxAge": 1, "endDate": "2017-03-31", "totalRevenue": 3492874000, "costOfRevenue": 484989000, "grossProfit": 3007885000, "researchDevelopment": {}, "sellingGeneralAdministrative": 301587000, "nonRecurring": {}, "otherOperatingExpenses": 2317022000, "totalOperatingExpenses": 3504018000, "operatingIncome": -11144000, "totalOtherIncomeExpenseNet": -1026829000, "ebit": -11144000, "interestExpense": -1034522000, "incomeBeforeTax": -1037973000, "incomeTaxExpense": -6775000, "minorityInterest": {}, "netIncomeFromContinuingOps": -1031198000, "discontinuedOperations": {}, "extraordinaryItems": {}, "effectOfAccountingCharges": {}, "otherItems": {}, "netIncome": -1031198000, "netIncomeApplicableToCommonShares": -1031198000}], "maxAge": 86400}, "fundOwnership": {"maxAge": 1, "ownershipList": []}, "summaryDetail": {"maxAge": 1, "priceHint": 2, "previousClose": 5.35, "open": 5.4, "dayLow": 5.25, "dayHigh": 5.4, "regularMarketPreviousClose": 5.35, "regularMarketOpen": 5.4, "regularMarketDayLow": 5.25, "regularMarketDayHigh": 5.4, "payoutRatio": 0.0, "beta": 1.585198, "volume": 220909, "regularMarketVolume": 220909, "averageVolume": 325598, "averageVolume10days": 220734, "averageDailyVolume10Day": 220734, "bid": 0.0, "ask": 0.0, "bidSize": 0, "askSize": 0, "marketCap": 1573269120, "fiftyTwoWeekLow": 2.55, "fiftyTwoWeekHigh": 10.65, "priceToSalesTrailing12Months": 14.240049, "fiftyDayAverage": 5.610606, "twoHundredDayAverage": 5.5531693, "currency": "INR", "fromCurrency": null, "toCurrency": null, "lastMarket": null, "algorithm": null, "tradeable": false}, "incomeStatementHistoryQuarterly": {"incomeStatementHistory": [{"maxAge": 1, "endDate": "2020-12-31", "totalRevenue": 200000, "costOfRevenue": 4000000, "grossProfit": -3800000, "researchDevelopment": {}, "sellingGeneralAdministrative": 39900000, "nonRecurring": {}, "otherOperatingExpenses": 13600000, "totalOperatingExpenses": 176900000, "operatingIncome": -176700000, "totalOtherIncomeExpenseNet": -330700000, "ebit": -176700000, "interestExpense": -332200000, "incomeBeforeTax": -507400000, "incomeTaxExpense": 0, "minorityInterest": {}, "netIncomeFromContinuingOps": -507400000, "discontinuedOperations": {}, "extraordinaryItems": {}, "effectOfAccountingCharges": {}, "otherItems": {}, "netIncome": -507400000, "netIncomeApplicableToCommonShares": -507400000}, {"maxAge": 1, "endDate": "2020-09-30", "totalRevenue": 0, "costOfRevenue": 4000000, "grossProfit": -4000000, "researchDevelopment": {}, "sellingGeneralAdministrative": 41600000, "nonRecurring": {}, "otherOperatingExpenses": 16300000, "totalOperatingExpenses": 181600000, "operatingIncome": -181600000, "totalOtherIncomeExpenseNet": -362300000, "ebit": -181600000, "interestExpense": -363600000, "incomeBeforeTax": -543900000, "incomeTaxExpense": 0, "minorityInterest": {}, "netIncomeFromContinuingOps": -543900000, "discontinuedOperations": {}, "extraordinaryItems": {}, "effectOfAccountingCharges": {}, "otherItems": {}, "netIncome": -543900000, "netIncomeApplicableToCommonShares": -543900000}, {"maxAge": 1, "endDate": "2020-06-30", "totalRevenue": 800000, "costOfRevenue": 48500000, "grossProfit": -47700000, "researchDevelopment": {}, "sellingGeneralAdministrative": 42500000, "nonRecurring": {}, "otherOperatingExpenses": 16800000, "totalOperatingExpenses": 227100000, "operatingIncome": -226300000, "totalOtherIncomeExpenseNet": -328000000, "ebit": -226300000, "interestExpense": -337900000, "incomeBeforeTax": -554300000, "incomeTaxExpense": 0, "minorityInterest": {}, "netIncomeFromContinuingOps": -554300000, "discontinuedOperations": {}, "extraordinaryItems": {}, "effectOfAccountingCharges": {}, "otherItems": {}, "netIncome": -554300000, "netIncomeApplicableToCommonShares": -554300000}, {"maxAge": 1, "endDate": "2020-03-31", "totalRevenue": 103182000, "costOfRevenue": -529410000, "grossProfit": 632592000, "researchDevelopment": {}, "sellingGeneralAdministrative": -192378000, "nonRecurring": {}, "otherOperatingExpenses": 945317000, "totalOperatingExpenses": 342722000, "operatingIncome": -239540000, "totalOtherIncomeExpenseNet": -304223000, "ebit": -239540000, "interestExpense": -279169000, "incomeBeforeTax": -543763000, "incomeTaxExpense": 10000, "minorityInterest": {}, "netIncomeFromContinuingOps": -543773000, "discontinuedOperations": {}, "extraordinaryItems": {}, "effectOfAccountingCharges": {}, "otherItems": {}, "netIncome": -543773000, "netIncomeApplicableToCommonShares": -543773000}], "maxAge": 86400}, "cashflowStatementHistoryQuarterly": {"cashflowStatements": [{"maxAge": 1, "endDate": "2020-12-31", "netIncome": -507400000, "changeToLiabilities": 0}, {"maxAge": 1, "endDate": "2020-09-30", "netIncome": -543900000, "changeToLiabilities": 0}, {"maxAge": 1, "endDate": "2020-06-30", "netIncome": -554300000, "changeToLiabilities": 0}, {"maxAge": 1, "endDate": "2020-03-31", "netIncome": -543773000, "changeToLiabilities": 0}], "maxAge": 86400}, "insiderHolders": {"holders": [{"maxAge": 1, "name": "Goenka (Shrivardhan)", "relation": "Director (Executive)", "url": "", "transactionDescription": "Acquisition", "latestTransDate": "2009-10-30", "positionDirect": 299734, "positionDirectDate": "2009-10-30"}, {"maxAge": 1, "name": "Gogri & Sons Investments Pvt Ltd", "relation": "Institution- Corporation", "url": "", "transactionDescription": "Acquisition", "latestTransDate": "2012-05-03", "positionDirect": 4688188, "positionDirectDate": "2012-05-03"}, {"maxAge": 1, "name": "Housing Development Finance Corp Ltd", "relation": "Institution- Corporation", "url": "", "transactionDescription": "Acquisition", "latestTransDate": "2011-03-29", "positionDirect": 17114257, "positionDirectDate": "2011-03-29"}, {"maxAge": 1, "name": "Jaypee Development Corporation, Ltd.", "relation": "Promoter", "url": "", "transactionDescription": "Acquisition", "latestTransDate": "2016-03-29", "positionDirect": 151444805, "positionDirectDate": "2016-03-29"}, {"maxAge": 1, "name": "NRC Ltd", "relation": "Institution- Corporation", "url": "", "transactionDescription": "Sale", "latestTransDate": "2014-05-13", "positionDirect": 9000000, "positionDirectDate": "2014-05-13"}, {"maxAge": 1, "name": "Orchard Holdings Pvt, Ltd.", "relation": "Institution- Corporation", "url": "", "transactionDescription": "Sale", "latestTransDate": "2012-04-27", "positionDirect": 0, "positionDirectDate": "2012-04-27"}, {"maxAge": 1, "name": "Sewand Investments Pvt Ltd", "relation": "Institution- Corporation", "url": "", "transactionDescription": "Sale", "latestTransDate": "2011-03-24", "positionDirect": 935000, "positionDirectDate": "2011-03-24"}], "maxAge": 1}, "calendarEvents": {"maxAge": 1, "earnings": {"earningsDate": []}}, "price": {"maxAge": 1, "regularMarketChangePercent": 0.0, "regularMarketChange": 0.0, "regularMarketTime": "2021-04-30 15:29:59", "priceHint": 2, "regularMarketPrice": 5.35, "regularMarketDayHigh": 5.4, "regularMarketDayLow": 5.25, "regularMarketVolume": 220909, "averageDailyVolume10Day": 220734, "averageDailyVolume3Month": 325598, "regularMarketPreviousClose": 5.35, "regularMarketSource": "FREE_REALTIME", "regularMarketOpen": 5.4, "exchange": "NSI", "exchangeName": "NSE", "exchangeDataDelayedBy": 15, "marketState": "CLOSED", "quoteType": "EQUITY", "symbol": "ANDHRACEMT.NS", "underlyingSymbol": null, "shortName": "ANDHRA CEMENTS", "longName": "Andhra Cements Limited", "currency": "INR", "quoteSourceName": "Delayed Quote", "currencySymbol": "\u20b9", "fromCurrency": null, "toCurrency": null, "lastMarket": null, "marketCap": 1573269120}, "balanceSheetHistory": {"balanceSheetStatements": [{"maxAge": 1, "endDate": "2020-03-31", "cash": 107000, "netReceivables": 311648000, "inventory": 153702000, "otherCurrentAssets": 116993000, "totalCurrentAssets": 583242000, "longTermInvestments": 807000, "propertyPlantEquipment": 9270866000, "otherAssets": 167568000, "totalAssets": 10022483000, "accountsPayable": 1598554000, "shortLongTermDebt": 2034645000, "otherCurrentLiab": 1754225000, "longTermDebt": 5677195000, "otherLiab": 31225000, "totalCurrentLiabilities": 9122333000, "totalLiab": 14830753000, "commonStock": 2935205000, "retainedEarnings": -8681017000, "treasuryStock": 32137000, "capitalSurplus": 905405000, "otherStockholderEquity": 32137000, "totalStockholderEquity": -4808270000, "netTangibleAssets": -4808270000}, {"maxAge": 1, "endDate": "2019-03-31", "cash": 285000, "netReceivables": 310934000, "inventory": 151999000, "otherCurrentAssets": 112526000, "totalCurrentAssets": 587839000, "longTermInvestments": 1645000, "propertyPlantEquipment": 9747591000, "otherAssets": 203061000, "totalAssets": 10540136000, "accountsPayable": 1185026000, "shortLongTermDebt": 1728288000, "otherCurrentLiab": 1739021000, "longTermDebt": 6481714000, "otherLiab": 120433000, "totalCurrentLiabilities": 7086039000, "totalLiab": 13688186000, "commonStock": 2935205000, "retainedEarnings": -6997844000, "treasuryStock": 9184000, "capitalSurplus": 905405000, "otherStockholderEquity": 9184000, "totalStockholderEquity": -3148050000, "netTangibleAssets": -3148050000}, {"maxAge": 1, "endDate": "2018-03-31", "cash": 220448000, "shortTermInvestments": 14462000, "netReceivables": 655318000, "inventory": 277185000, "otherCurrentAssets": 427903000, "totalCurrentAssets": 1604042000, "longTermInvestments": 1645000, "propertyPlantEquipment": 10368266000, "otherAssets": 243386000, "totalAssets": 12217339000, "accountsPayable": 1416952000, "shortLongTermDebt": 333293000, "otherCurrentLiab": 1716509000, "longTermDebt": 8631976000, "otherLiab": 131328000, "totalCurrentLiabilities": 4800943000, "totalLiab": 13564247000, "commonStock": 2935205000, "retainedEarnings": -5196495000, "treasuryStock": 8977000, "capitalSurplus": 905405000, "otherStockholderEquity": 8977000, "totalStockholderEquity": -1346908000, "netTangibleAssets": -1346908000}, {"maxAge": 1, "endDate": "2017-03-31", "cash": 59625000, "netReceivables": 434321000, "inventory": 288685000, "otherCurrentAssets": 458996000, "totalCurrentAssets": 1251276000, "longTermInvestments": 15423000, "propertyPlantEquipment": 10790406000, "otherAssets": 424747000, "totalAssets": 12481852000, "accountsPayable": 1607727000, "shortLongTermDebt": 104022000, "otherCurrentLiab": 1468469000, "longTermDebt": 8799706000, "otherLiab": 137342000, "totalCurrentLiabilities": 4192193000, "totalLiab": 13129241000, "commonStock": 2935205000, "retainedEarnings": -4485546000, "treasuryStock": -2453000, "capitalSurplus": 905405000, "otherStockholderEquity": -2453000, "totalStockholderEquity": -647389000, "netTangibleAssets": -647389000}], "maxAge": 86400}, "financialData": {"maxAge": 86400, "currentPrice": 5.35, "recommendationKey": "none", "totalCash": 60500000, "totalCashPerShare": 0.206, "ebitda": -336915488, "totalDebt": 7361699840, "totalRevenue": 110482000, "revenuePerShare": 0.377, "grossProfits": 1280092000, "revenueGrowth": -0.999, "grossMargins": 5.27952, "ebitdaMargins": 0.0, "operatingMargins": -7.40338, "profitMargins": 0.0, "financialCurrency": "INR"}}}