{"ANDREWYU.BO": {"cashflowStatementHistory": {"cashflowStatements": [{"maxAge": 1, "endDate": "2019-03-31", "netIncome": 56120000, "depreciation": 68683000, "changeToNetincome": -305586000, "changeToAccountReceivables": 109416000, "changeToLiabilities": -65135000, "changeToInventory": -26415000, "totalCashFromOperatingActivities": -162174000, "capitalExpenditures": -292399000, "investments": 2425000, "otherCashflowsFromInvestingActivities": 282371000, "totalCashflowsFromInvestingActivities": -7419000, "netBorrowings": 238220000, "otherCashflowsFromFinancingActivities": -62925000, "totalCashFromFinancingActivities": 175295000, "changeInCash": 5702000}, {"maxAge": 1, "endDate": "2018-03-31", "netIncome": 223332000, "depreciation": 66067000, "changeToNetincome": -256968000, "changeToAccountReceivables": 443415000, "changeToLiabilities": -232089000, "changeToInventory": -40587000, "totalCashFromOperatingActivities": 203999000, "capitalExpenditures": -291752000, "investments": 5546000, "otherCashflowsFromInvestingActivities": 207242000, "totalCashflowsFromInvestingActivities": -70764000, "netBorrowings": -89977000, "otherCashflowsFromFinancingActivities": -42696000, "totalCashFromFinancingActivities": -132673000, "changeInCash": 561000}, {"maxAge": 1, "endDate": "2017-03-31", "netIncome": 454305000, "depreciation": 68139000, "changeToNetincome": -417668000, "changeToAccountReceivables": -117977000, "changeToLiabilities": 85164000, "changeToInventory": -8375000, "totalCashFromOperatingActivities": 64751000, "capitalExpenditures": -223149000, "investments": 2270000, "otherCashflowsFromInvestingActivities": 160541000, "totalCashflowsFromInvestingActivities": 124953000, "netBorrowings": -122035000, "otherCashflowsFromFinancingActivities": -70747000, "totalCashFromFinancingActivities": -192782000, "changeInCash": -3077000}, {"maxAge": 1, "endDate": "2016-03-31", "netIncome": 211515000, "depreciation": 68111000, "changeToNetincome": -248776000, "changeToAccountReceivables": 24157000, "changeToLiabilities": 80164000, "changeToInventory": -42566000, "totalCashFromOperatingActivities": 93850000, "capitalExpenditures": -61142000, "investments": -636000, "otherCashflowsFromInvestingActivities": 141102000, "totalCashflowsFromInvestingActivities": 89200000, "dividendsPaid": -33364000, "netBorrowings": -91163000, "otherCashflowsFromFinancingActivities": -86857000, "totalCashFromFinancingActivities": -211384000, "changeInCash": -28334000}], "maxAge": 86400}, "institutionOwnership": {"ownershipList": [], "maxAge": 1}, "balanceSheetHistoryQuarterly": {"balanceSheetStatements": [{"maxAge": 1, "endDate": "2020-06-30"}, {"maxAge": 1, "endDate": "2019-12-31", "totalStockholderEquity": 3515959000, "netTangibleAssets": 3515167000}, {"maxAge": 1, "endDate": "2019-09-30", "cash": 662222000, "shortTermInvestments": 237824000, "netReceivables": 783860000, "inventory": 766775000, "otherCurrentAssets": 264871000, "totalCurrentAssets": 2715552000, "longTermInvestments": 1930766000, "propertyPlantEquipment": 1555398000, "intangibleAssets": 792000, "otherAssets": 162707000, "totalAssets": 6365215000, "accountsPayable": 797080000, "otherCurrentLiab": 758529000, "longTermDebt": 27000, "otherLiab": 574000000, "totalCurrentLiabilities": 2275229000, "totalLiab": 2849256000, "commonStock": 977902000, "treasuryStock": 2538057000, "otherStockholderEquity": 2538057000, "totalStockholderEquity": 3515959000, "netTangibleAssets": 3515167000}, {"maxAge": 1, "endDate": "2019-06-30"}], "maxAge": 86400}, "indexTrend": {"maxAge": 1, "symbol": "SP5", "peRatio": 19.7411, "pegRatio": 1.34172, "estimates": [{"period": "0q", "growth": 0.549}, {"period": "+1q", "growth": 0.431}, {"period": "0y", "growth": 0.305}, {"period": "+1y", "growth": 0.109}, {"period": "+5y", "growth": 0.120859005}, {"period": "-5y"}]}, "quoteType": {"exchange": "BSE", "quoteType": "EQUITY", "symbol": "ANDREWYU.BO", "underlyingSymbol": "ANDREWYU.BO", "shortName": "ANDREW YULE & COMPANY LTD.", "longName": "Andrew Yule &amp; Company Limited", "firstTradeDateEpochUtc": "2002-07-01 09:15:00", "timeZoneFullName": "Asia/Kolkata", "timeZoneShortName": "IST", "uuid": "72fe5793-1c1a-3e81-9b6d-eceafe663f62", "gmtOffSetMilliseconds": 19800000, "maxAge": 1}, "incomeStatementHistory": {"incomeStatementHistory": [{"maxAge": 1, "endDate": "2019-03-31", "totalRevenue": 3115138000, "costOfRevenue": 1023272000, "grossProfit": 2091866000, "researchDevelopment": {}, "sellingGeneralAdministrative": 1657982000, "nonRecurring": {}, "otherOperatingExpenses": 583928000, "totalOperatingExpenses": 3334608000, "operatingIncome": -219470000, "totalOtherIncomeExpenseNet": 309137000, "ebit": -219470000, "interestExpense": -52317000, "incomeBeforeTax": 89667000, "incomeTaxExpense": 18093000, "minorityInterest": {}, "netIncomeFromContinuingOps": 71574000, "discontinuedOperations": -15454000, "extraordinaryItems": {}, "effectOfAccountingCharges": {}, "otherItems": {}, "netIncome": 56120000, "netIncomeApplicableToCommonShares": 56120000}, {"maxAge": 1, "endDate": "2018-03-31", "totalRevenue": 3673142000, "costOfRevenue": 1232492000, "grossProfit": 2440650000, "researchDevelopment": {}, "sellingGeneralAdministrative": 1650610000, "nonRecurring": {}, "otherOperatingExpenses": 698169000, "totalOperatingExpenses": 3648167000, "operatingIncome": 24975000, "totalOtherIncomeExpenseNet": 262627000, "ebit": 24975000, "interestExpense": -49460000, "incomeBeforeTax": 287602000, "incomeTaxExpense": 5821000, "minorityInterest": {}, "netIncomeFromContinuingOps": 281781000, "discontinuedOperations": -58449000, "extraordinaryItems": {}, "effectOfAccountingCharges": {}, "otherItems": {}, "netIncome": 223332000, "netIncomeApplicableToCommonShares": 223332000}, {"maxAge": 1, "endDate": "2017-03-31", "totalRevenue": 4211729000, "costOfRevenue": 1442962000, "grossProfit": 2768767000, "researchDevelopment": {}, "sellingGeneralAdministrative": 1607183000, "nonRecurring": {}, "otherOperatingExpenses": 995837000, "totalOperatingExpenses": 4115284000, "operatingIncome": 96445000, "totalOtherIncomeExpenseNet": 418062000, "ebit": 96445000, "interestExpense": -70748000, "incomeBeforeTax": 514507000, "incomeTaxExpense": 60202000, "minorityInterest": {}, "netIncomeFromContinuingOps": 454305000, "discontinuedOperations": -58449000, "extraordinaryItems": {}, "effectOfAccountingCharges": {}, "otherItems": {}, "netIncome": 454305000, "netIncomeApplicableToCommonShares": 454305000}, {"maxAge": 1, "endDate": "2016-03-31", "totalRevenue": 3765008000, "costOfRevenue": 1305114000, "grossProfit": 2459894000, "researchDevelopment": {}, "sellingGeneralAdministrative": 1590595000, "nonRecurring": {}, "otherOperatingExpenses": 813167000, "totalOperatingExpenses": 3778232000, "operatingIncome": -13224000, "totalOtherIncomeExpenseNet": 235614000, "ebit": -13224000, "interestExpense": -78419000, "incomeBeforeTax": 222390000, "incomeTaxExpense": 10875000, "minorityInterest": {}, "netIncomeFromContinuingOps": 211515000, "discontinuedOperations": -58449000, "extraordinaryItems": {}, "effectOfAccountingCharges": {}, "otherItems": {}, "netIncome": 211515000, "netIncomeApplicableToCommonShares": 211515000}], "maxAge": 86400}, "fundOwnership": {"ownershipList": [], "maxAge": 1}, "summaryDetail": {"maxAge": 1, "priceHint": 2, "previousClose": 21.05, "open": 20.7, "dayLow": 20.65, "dayHigh": 21.95, "regularMarketPreviousClose": 21.05, "regularMarketOpen": 20.7, "regularMarketDayLow": 20.65, "regularMarketDayHigh": 21.95, "trailingPE": 163.25757, "volume": 367292, "regularMarketVolume": 367292, "averageVolume": 221410, "averageVolume10days": 113615, "averageDailyVolume10Day": 113615, "bid": 21.45, "ask": 21.5, "bidSize": 0, "askSize": 0, "marketCap": 10536893440, "fiftyTwoWeekLow": 6.04, "fiftyTwoWeekHigh": 21.95, "fiftyDayAverage": 17.239092, "twoHundredDayAverage": 14.765736, "trailingAnnualDividendRate": 0.04, "trailingAnnualDividendYield": 0.0019002375, "currency": "INR", "fromCurrency": null, "lastMarket": null, "algorithm": null, "tradeable": false}, "incomeStatementHistoryQuarterly": {"incomeStatementHistory": [{"maxAge": 1, "endDate": "2020-06-30", "totalRevenue": 347691000, "costOfRevenue": -52609000, "grossProfit": 400300000, "researchDevelopment": {}, "sellingGeneralAdministrative": 354881000, "nonRecurring": {}, "otherOperatingExpenses": 108808000, "totalOperatingExpenses": 427356000, "operatingIncome": -79665000, "totalOtherIncomeExpenseNet": 29733000, "ebit": -79665000, "interestExpense": -35667000, "incomeBeforeTax": -49932000, "incomeTaxExpense": 0, "minorityInterest": {}, "netIncomeFromContinuingOps": -49932000, "discontinuedOperations": -80000, "extraordinaryItems": {}, "effectOfAccountingCharges": {}, "otherItems": {}, "netIncome": -50012000, "netIncomeApplicableToCommonShares": -50012000}, {"maxAge": 1, "endDate": "2019-12-31", "totalRevenue": 858897000, "costOfRevenue": 257015000, "grossProfit": 601882000, "researchDevelopment": {}, "sellingGeneralAdministrative": 446656000, "nonRecurring": {}, "otherOperatingExpenses": 189603000, "totalOperatingExpenses": 909957000, "operatingIncome": -51060000, "totalOtherIncomeExpenseNet": 88608000, "ebit": -51060000, "interestExpense": -24125000, "incomeBeforeTax": 37548000, "incomeTaxExpense": 0, "minorityInterest": {}, "netIncomeFromContinuingOps": 37548000, "discontinuedOperations": -472000, "extraordinaryItems": {}, "effectOfAccountingCharges": {}, "otherItems": {}, "netIncome": 37076000, "netIncomeApplicableToCommonShares": 37076000}, {"maxAge": 1, "endDate": "2019-09-30", "totalRevenue": 1097738000, "costOfRevenue": 216019000, "grossProfit": 881719000, "researchDevelopment": {}, "sellingGeneralAdministrative": 551420000, "nonRecurring": {}, "otherOperatingExpenses": 240583000, "totalOperatingExpenses": 1024621000, "operatingIncome": 73117000, "totalOtherIncomeExpenseNet": 147000, "ebit": 73117000, "interestExpense": -21629000, "incomeBeforeTax": 73264000, "incomeTaxExpense": 3244000, "minorityInterest": {}, "netIncomeFromContinuingOps": 70020000, "discontinuedOperations": 2640000, "extraordinaryItems": {}, "effectOfAccountingCharges": {}, "otherItems": {}, "netIncome": 72660000, "netIncomeApplicableToCommonShares": 72660000}, {"maxAge": 1, "endDate": "2019-06-30", "totalRevenue": 615539000, "costOfRevenue": 99097000, "grossProfit": 516442000, "researchDevelopment": {}, "sellingGeneralAdministrative": 431558000, "nonRecurring": {}, "otherOperatingExpenses": 162019000, "totalOperatingExpenses": 709474000, "operatingIncome": -93935000, "totalOtherIncomeExpenseNet": 80465000, "ebit": -93935000, "interestExpense": -19878000, "incomeBeforeTax": -13470000, "incomeTaxExpense": -3244000, "minorityInterest": {}, "netIncomeFromContinuingOps": -10226000, "discontinuedOperations": -12942000, "extraordinaryItems": {}, "effectOfAccountingCharges": {}, "otherItems": {}, "netIncome": -23168000, "netIncomeApplicableToCommonShares": -23168000}], "maxAge": 86400}, "cashflowStatementHistoryQuarterly": {"cashflowStatements": [{"maxAge": 1, "endDate": "2020-06-30", "netIncome": -50012000, "changeToLiabilities": 0}, {"maxAge": 1, "endDate": "2019-12-31", "netIncome": 37076000, "changeToLiabilities": 0}, {"maxAge": 1, "endDate": "2019-09-30", "netIncome": 72660000, "changeToLiabilities": 0}, {"maxAge": 1, "endDate": "2019-06-30", "netIncome": -23168000, "changeToLiabilities": 0}], "maxAge": 86400}, "insiderHolders": {"holders": [], "maxAge": 1}, "calendarEvents": {"maxAge": 1, "earnings": {"earningsDate": []}}, "upgradeDowngradeHistory": {"history": [], "maxAge": 86400}, "price": {"maxAge": 1, "regularMarketChangePercent": 0.02375297, "regularMarketChange": 0.5, "regularMarketTime": "2021-04-30 15:50:40", "priceHint": 2, "regularMarketPrice": 21.55, "regularMarketDayHigh": 21.95, "regularMarketDayLow": 20.65, "regularMarketVolume": 367292, "averageDailyVolume10Day": 113615, "averageDailyVolume3Month": 221410, "regularMarketPreviousClose": 21.05, "regularMarketSource": "FREE_REALTIME", "regularMarketOpen": 20.7, "exchange": "BSE", "exchangeName": "BSE", "exchangeDataDelayedBy": 0, "marketState": "CLOSED", "quoteType": "EQUITY", "symbol": "ANDREWYU.BO", "underlyingSymbol": null, "shortName": "ANDREW YULE & COMPANY LTD.", "longName": "Andrew Yule &amp; Company Limited", "currency": "INR", "quoteSourceName": "Delayed Quote", "currencySymbol": "\u20b9", "fromCurrency": null, "lastMarket": null, "marketCap": 10536893440}, "balanceSheetHistory": {"balanceSheetStatements": [{"maxAge": 1, "endDate": "2019-03-31", "cash": 813341000, "shortTermInvestments": 32113000, "netReceivables": 693564000, "inventory": 536761000, "otherCurrentAssets": 398435000, "totalCurrentAssets": 2474249000, "longTermInvestments": 1791153000, "propertyPlantEquipment": 1467299000, "intangibleAssets": 822000, "otherAssets": 174502000, "totalAssets": 5908025000, "accountsPayable": 598465000, "shortLongTermDebt": 135000, "otherCurrentLiab": 579561000, "longTermDebt": 68000, "otherLiab": 517661000, "totalCurrentLiabilities": 1878886000, "totalLiab": 2396615000, "commonStock": 977902000, "retainedEarnings": 2286851000, "treasuryStock": -27518000, "capitalSurplus": 274175000, "otherStockholderEquity": -27518000, "totalStockholderEquity": 3511410000, "netTangibleAssets": 3510588000}, {"maxAge": 1, "endDate": "2018-03-31", "cash": 807639000, "shortTermInvestments": 61551000, "netReceivables": 821204000, "inventory": 510346000, "otherCurrentAssets": 335166000, "totalCurrentAssets": 2535941000, "longTermInvestments": 1787724000, "propertyPlantEquipment": 1210657000, "intangibleAssets": 1439000, "otherAssets": 168522000, "totalAssets": 5704283000, "accountsPayable": 691993000, "shortLongTermDebt": 109000, "otherCurrentLiab": 579402000, "longTermDebt": 218000, "otherLiab": 432968000, "totalCurrentLiabilities": 1720271000, "totalLiab": 2153457000, "commonStock": 977902000, "retainedEarnings": 2253189000, "treasuryStock": 45560000, "capitalSurplus": 274175000, "otherStockholderEquity": 45560000, "totalStockholderEquity": 3550826000, "netTangibleAssets": 3549387000}, {"maxAge": 1, "endDate": "2017-03-31", "cash": 812175000, "shortTermInvestments": 70329000, "netReceivables": 1222466000, "inventory": 479219000, "otherCurrentAssets": 468407000, "totalCurrentAssets": 3052631000, "longTermInvestments": 1693063000, "propertyPlantEquipment": 984386000, "intangibleAssets": 2089000, "otherAssets": 156947000, "totalAssets": 5889116000, "accountsPayable": 1012457000, "shortLongTermDebt": 111000, "otherCurrentLiab": 549077000, "longTermDebt": 75184000, "otherLiab": 398439000, "totalCurrentLiabilities": 2052811000, "totalLiab": 2526434000, "commonStock": 977902000, "retainedEarnings": 2088714000, "treasuryStock": 21891000, "capitalSurplus": 274175000, "otherStockholderEquity": 21891000, "totalStockholderEquity": 3362682000, "netTangibleAssets": 3360593000}, {"maxAge": 1, "endDate": "2016-03-31", "cash": 822163000, "shortTermInvestments": 72643000, "netReceivables": 1140549000, "inventory": 470844000, "otherCurrentAssets": 383592000, "totalCurrentAssets": 2889791000, "longTermInvestments": 1434503000, "propertyPlantEquipment": 1864646000, "goodWill": 49000, "intangibleAssets": 2735000, "otherAssets": 218491000, "totalAssets": 6410215000, "accountsPayable": 1004305000, "otherCurrentLiab": 827840000, "longTermDebt": 200729000, "otherLiab": 237271000, "totalCurrentLiabilities": 2317343000, "totalLiab": 2755343000, "commonStock": 667277000, "retainedEarnings": 1550005000, "treasuryStock": 1437590000, "otherStockholderEquity": 1437590000, "totalStockholderEquity": 3654872000, "netTangibleAssets": 3652088000}], "maxAge": 86400}, "financialData": {"maxAge": 86400, "currentPrice": 21.55, "recommendationKey": "none", "grossProfits": 2091866000, "financialCurrency": "INR"}}}