{"ANG.BO": {"cashflowStatementHistory": {"cashflowStatements": [{"maxAge": 1, "endDate": "2020-03-31", "netIncome": 60956000, "depreciation": 12287172, "changeToNetincome": 27780225, "changeToAccountReceivables": -43154932, "changeToLiabilities": 39750226, "changeToInventory": -34669740, "changeToOperatingActivities": -12109929, "totalCashFromOperatingActivities": 50839022, "capitalExpenditures": -16421018, "otherCashflowsFromInvestingActivities": -144802, "totalCashflowsFromInvestingActivities": -16565820, "netBorrowings": -10276710, "otherCashflowsFromFinancingActivities": -29173974, "totalCashFromFinancingActivities": -39450684, "changeInCash": -5177482}, {"maxAge": 1, "endDate": "2019-03-31", "netIncome": 56489861, "depreciation": 11237165, "changeToNetincome": 23701476, "changeToAccountReceivables": -95984211, "changeToLiabilities": -5006170, "changeToInventory": 12055366, "changeToOperatingActivities": 72127895, "totalCashFromOperatingActivities": 74621382, "capitalExpenditures": -8417868, "otherCashflowsFromInvestingActivities": 700640, "totalCashflowsFromInvestingActivities": -7717228, "netBorrowings": -14056303, "otherCashflowsFromFinancingActivities": -23927410, "totalCashFromFinancingActivities": -37983713, "changeInCash": 28920441}, {"maxAge": 1, "endDate": "2018-03-31", "netIncome": 37240815, "depreciation": 11915422, "changeToNetincome": 17746883, "changeToAccountReceivables": -65941821, "changeToLiabilities": 9234082, "changeToInventory": -19020127, "changeToOperatingActivities": 17585396, "totalCashFromOperatingActivities": 8760650, "capitalExpenditures": -132611077, "otherCashflowsFromInvestingActivities": -1413640, "totalCashflowsFromInvestingActivities": -134024717, "netBorrowings": 27202968, "otherCashflowsFromFinancingActivities": -16305728, "totalCashFromFinancingActivities": 130961240, "changeInCash": 5697173, "issuanceOfStock": 120064000}, {"maxAge": 1, "endDate": "2017-03-31", "netIncome": 28234752, "depreciation": 11703513, "changeToNetincome": 16431775, "changeToAccountReceivables": -91793638, "changeToLiabilities": 63117514, "changeToInventory": -5968359, "changeToOperatingActivities": 23327008, "totalCashFromOperatingActivities": 45052565, "capitalExpenditures": -11196597, "otherCashflowsFromInvestingActivities": -335464, "totalCashflowsFromInvestingActivities": -11532061, "netBorrowings": -18476674, "otherCashflowsFromFinancingActivities": -16281702, "totalCashFromFinancingActivities": -34758376, "changeInCash": -1237872, "issuanceOfStock": 120064000}], "maxAge": 86400}, "institutionOwnership": {"ownershipList": [], "maxAge": 1}, "balanceSheetHistoryQuarterly": {"balanceSheetStatements": [{"maxAge": 1, "endDate": "2020-03-31", "cash": 36005000, "netReceivables": 533156000, "inventory": 100043000, "otherCurrentAssets": 57925000, "totalCurrentAssets": 727129000, "longTermInvestments": 200000, "propertyPlantEquipment": 209373000, "intangibleAssets": 2312000, "otherAssets": 1737000, "totalAssets": 940751000, "accountsPayable": 257896000, "otherCurrentLiab": 121879000, "longTermDebt": 52500000, "otherLiab": 33727000, "totalCurrentLiabilities": 508969000, "totalLiab": 595196000, "commonStock": 51833000, "treasuryStock": 293722000, "otherStockholderEquity": 293722000, "totalStockholderEquity": 345555000, "netTangibleAssets": 343243000}, {"maxAge": 1, "endDate": "2019-12-31", "cash": 36005000, "netReceivables": 533156000, "inventory": 100043000, "otherCurrentAssets": 57925000, "totalCurrentAssets": 727129000, "longTermInvestments": 200000, "propertyPlantEquipment": 209373000, "intangibleAssets": 2312000, "otherAssets": 1737000, "totalAssets": 940751000, "accountsPayable": 257896000, "otherCurrentLiab": 121879000, "longTermDebt": 52500000, "otherLiab": 33727000, "totalCurrentLiabilities": 508969000, "totalLiab": 595196000, "commonStock": 51833000, "treasuryStock": 293722000, "otherStockholderEquity": 293722000, "totalStockholderEquity": 345555000, "netTangibleAssets": 343243000}, {"maxAge": 1, "endDate": "2019-09-30", "cash": 24813000, "netReceivables": 550243000, "inventory": 56640000, "totalCurrentAssets": 631696000, "longTermInvestments": 200000, "propertyPlantEquipment": 213384000, "otherAssets": 1614000, "totalAssets": 846894000, "accountsPayable": 200648000, "otherCurrentLiab": 102488000, "longTermDebt": 63577000, "otherLiab": 34322000, "totalCurrentLiabilities": 432882000, "totalLiab": 530781000, "commonStock": 51833000, "treasuryStock": 264280000, "otherStockholderEquity": 264280000, "totalStockholderEquity": 316113000, "netTangibleAssets": 316113000}, {"maxAge": 1, "endDate": "2019-06-30", "cash": 24813000, "netReceivables": 550243000, "inventory": 56640000, "totalCurrentAssets": 631696000, "longTermInvestments": 200000, "propertyPlantEquipment": 213384000, "otherAssets": 1614000, "totalAssets": 846894000, "accountsPayable": 200648000, "otherCurrentLiab": 102488000, "longTermDebt": 63577000, "otherLiab": 34322000, "totalCurrentLiabilities": 432882000, "totalLiab": 530781000, "commonStock": 51833000, "treasuryStock": 264280000, "otherStockholderEquity": 264280000, "totalStockholderEquity": 316113000, "netTangibleAssets": 316113000}], "maxAge": 86400}, "indexTrend": {"maxAge": 1, "symbol": "SP5", "peRatio": 19.7411, "pegRatio": 1.34172, "estimates": [{"period": "0q", "growth": 0.549}, {"period": "+1q", "growth": 0.431}, {"period": "0y", "growth": 0.305}, {"period": "+1y", "growth": 0.109}, {"period": "+5y", "growth": 0.120859005}, {"period": "-5y"}]}, "insiderTransactions": {"transactions": [{"maxAge": 1, "shares": 24000, "filerUrl": "", "transactionText": "", "filerName": "Ways Vinimay Pvt Ltd", "filerRelation": "Promoter", "moneyText": "", "startDate": "2020-07-16", "ownership": "D"}, {"maxAge": 1, "shares": 17600, "filerUrl": "", "transactionText": "", "filerName": "Ways Vinimay Pvt Ltd", "filerRelation": "Promoter", "moneyText": "", "startDate": "2020-07-01", "ownership": "D"}, {"maxAge": 1, "shares": 0, "filerUrl": "", "transactionText": "", "filerName": "Ways Vinimay Pvt Ltd", "filerRelation": "Institution- Corporation", "moneyText": "", "startDate": "2020-07-01", "ownership": "I"}, {"maxAge": 1, "shares": 6400, "filerUrl": "", "transactionText": "", "filerName": "Ways Vinimay Pvt Ltd", "filerRelation": "Institution- Corporation", "moneyText": "", "startDate": "2020-06-30", "ownership": "D"}, {"maxAge": 1, "shares": 14400, "filerUrl": "", "transactionText": "", "filerName": "Ways Vinimay Pvt Ltd", "filerRelation": "Institution- Corporation", "moneyText": "", "startDate": "2020-02-18", "ownership": "D"}, {"maxAge": 1, "shares": 9600, "filerUrl": "", "transactionText": "", "filerName": "Ways Vinimay Pvt Ltd", "filerRelation": "Institution- Corporation", "moneyText": "", "startDate": "2020-02-17", "ownership": "D"}], "maxAge": 1}, "quoteType": {"exchange": "BSE", "quoteType": "EQUITY", "symbol": "ANG.BO", "underlyingSymbol": "ANG.BO", "shortName": "ANG Lifesciences India Limited", "longName": "ANG Lifesciences India Limited", "firstTradeDateEpochUtc": "2017-09-08 09:15:00", "timeZoneFullName": "Asia/Kolkata", "timeZoneShortName": "IST", "uuid": "2d8ab614-b2df-35d0-b53b-53972f0518a6", "gmtOffSetMilliseconds": 19800000, "maxAge": 1}, "incomeStatementHistory": {"incomeStatementHistory": [{"maxAge": 1, "endDate": "2020-03-31", "totalRevenue": 1268312000, "costOfRevenue": 889691000, "grossProfit": 378621000, "researchDevelopment": {}, "sellingGeneralAdministrative": 79363000, "nonRecurring": {}, "otherOperatingExpenses": 178432000, "totalOperatingExpenses": 1159773000, "operatingIncome": 108539000, "totalOtherIncomeExpenseNet": -24477000, "ebit": 108539000, "interestExpense": -28674000, "incomeBeforeTax": 84062000, "incomeTaxExpense": 23106000, "minorityInterest": {}, "netIncomeFromContinuingOps": 60956000, "discontinuedOperations": {}, "extraordinaryItems": {}, "effectOfAccountingCharges": {}, "otherItems": {}, "netIncome": 60956000, "netIncomeApplicableToCommonShares": 60956000}, {"maxAge": 1, "endDate": "2019-03-31", "totalRevenue": 1216998000, "costOfRevenue": 878409975, "grossProfit": 338588025, "researchDevelopment": {}, "sellingGeneralAdministrative": 66999482, "nonRecurring": {}, "otherOperatingExpenses": 154371121, "totalOperatingExpenses": 1111017743, "operatingIncome": 105980257, "totalOtherIncomeExpenseNet": -24893390, "ebit": 105980257, "interestExpense": -23747720, "incomeBeforeTax": 81086867, "incomeTaxExpense": 24597006, "minorityInterest": {}, "netIncomeFromContinuingOps": 56489861, "discontinuedOperations": {}, "extraordinaryItems": {}, "effectOfAccountingCharges": {}, "otherItems": {}, "netIncome": 56489861, "netIncomeApplicableToCommonShares": 56448961}, {"maxAge": 1, "endDate": "2018-03-31", "totalRevenue": 760447156, "costOfRevenue": 528938383, "grossProfit": 231508773, "researchDevelopment": {}, "sellingGeneralAdministrative": 58168225, "nonRecurring": {}, "otherOperatingExpenses": 102543203, "totalOperatingExpenses": 701565233, "operatingIncome": 58881923, "totalOtherIncomeExpenseNet": -9350477, "ebit": 58881923, "interestExpense": -16222937, "incomeBeforeTax": 49531446, "incomeTaxExpense": 12290631, "minorityInterest": {}, "netIncomeFromContinuingOps": 37240815, "discontinuedOperations": {}, "extraordinaryItems": {}, "effectOfAccountingCharges": {}, "otherItems": {}, "netIncome": 37240815, "netIncomeApplicableToCommonShares": 37240815}, {"maxAge": 1, "endDate": "2017-03-31", "totalRevenue": 676680552, "costOfRevenue": 477710510, "grossProfit": 198970042, "researchDevelopment": {}, "sellingGeneralAdministrative": 43332060, "nonRecurring": {}, "otherOperatingExpenses": 92920182, "totalOperatingExpenses": 625666265, "operatingIncome": 51014287, "totalOtherIncomeExpenseNet": -12900713, "ebit": 51014287, "interestExpense": -15402216, "incomeBeforeTax": 38113574, "incomeTaxExpense": 9878822, "minorityInterest": {}, "netIncomeFromContinuingOps": 28234752, "discontinuedOperations": {}, "extraordinaryItems": {}, "effectOfAccountingCharges": {}, "otherItems": {}, "netIncome": 28234752, "netIncomeApplicableToCommonShares": 28234752}], "maxAge": 86400}, "fundOwnership": {"ownershipList": [], "maxAge": 1}, "summaryDetail": {"maxAge": 1, "priceHint": 2, "previousClose": 128.5, "open": 125.0, "dayLow": 125.0, "dayHigh": 125.0, "regularMarketPreviousClose": 128.5, "regularMarketOpen": 125.0, "regularMarketDayLow": 125.0, "regularMarketDayHigh": 125.0, "trailingPE": 10.6292515, "volume": 1600, "regularMarketVolume": 1600, "averageVolume": 7134, "averageVolume10days": 3200, "averageDailyVolume10Day": 3200, "bid": 121.2, "ask": 130.0, "bidSize": 0, "askSize": 0, "marketCap": 647915008, "fiftyTwoWeekLow": 26.55, "fiftyTwoWeekHigh": 125.0, "fiftyDayAverage": 77.92424, "twoHundredDayAverage": 58.59853, "currency": "INR", "fromCurrency": null, "lastMarket": null, "algorithm": null, "tradeable": false}, "incomeStatementHistoryQuarterly": {"incomeStatementHistory": [{"maxAge": 1, "endDate": "2020-03-31", "totalRevenue": 341006500, "costOfRevenue": 228397000, "grossProfit": 112609500, "researchDevelopment": {}, "sellingGeneralAdministrative": 26296500, "nonRecurring": {}, "otherOperatingExpenses": 55287500, "totalOperatingExpenses": 313383000, "operatingIncome": 27623500, "totalOtherIncomeExpenseNet": -5424000, "ebit": 27623500, "interestExpense": -6894000, "incomeBeforeTax": 22199500, "incomeTaxExpense": 5941500, "minorityInterest": {}, "netIncomeFromContinuingOps": 16258000, "discontinuedOperations": {}, "extraordinaryItems": {}, "effectOfAccountingCharges": {}, "otherItems": {}, "netIncome": 16258000, "netIncomeApplicableToCommonShares": 16258000}, {"maxAge": 1, "endDate": "2019-12-31", "totalRevenue": 341006500, "costOfRevenue": 228397000, "grossProfit": 112609500, "researchDevelopment": {}, "sellingGeneralAdministrative": 26296500, "nonRecurring": {}, "otherOperatingExpenses": 55287500, "totalOperatingExpenses": 313383000, "operatingIncome": 27623500, "totalOtherIncomeExpenseNet": -5424000, "ebit": 27623500, "interestExpense": -6894000, "incomeBeforeTax": 22199500, "incomeTaxExpense": 5941500, "minorityInterest": {}, "netIncomeFromContinuingOps": 16258000, "discontinuedOperations": {}, "extraordinaryItems": {}, "effectOfAccountingCharges": {}, "otherItems": {}, "netIncome": 16258000, "netIncomeApplicableToCommonShares": 16258000}, {"maxAge": 1, "endDate": "2019-09-30", "totalRevenue": 293149500, "costOfRevenue": 216448500, "grossProfit": 76701000, "researchDevelopment": {}, "sellingGeneralAdministrative": 13385000, "nonRecurring": {}, "otherOperatingExpenses": 33928500, "totalOperatingExpenses": 266503500, "operatingIncome": 26646000, "totalOtherIncomeExpenseNet": -6814500, "ebit": 26646000, "interestExpense": -7443000, "incomeBeforeTax": 19831500, "incomeTaxExpense": 5611500, "minorityInterest": {}, "netIncomeFromContinuingOps": 14220000, "discontinuedOperations": {}, "extraordinaryItems": {}, "effectOfAccountingCharges": {}, "otherItems": {}, "netIncome": 14220000, "netIncomeApplicableToCommonShares": 14220000}, {"maxAge": 1, "endDate": "2019-06-30", "totalRevenue": 293149500, "costOfRevenue": 216448500, "grossProfit": 76701000, "researchDevelopment": {}, "sellingGeneralAdministrative": 13385000, "nonRecurring": {}, "otherOperatingExpenses": 33928500, "totalOperatingExpenses": 266503500, "operatingIncome": 26646000, "totalOtherIncomeExpenseNet": -6814500, "ebit": 26646000, "interestExpense": -7443000, "incomeBeforeTax": 19831500, "incomeTaxExpense": 5611500, "minorityInterest": {}, "netIncomeFromContinuingOps": 14220000, "discontinuedOperations": {}, "extraordinaryItems": {}, "effectOfAccountingCharges": {}, "otherItems": {}, "netIncome": 14220000, "netIncomeApplicableToCommonShares": 14220000}], "maxAge": 86400}, "cashflowStatementHistoryQuarterly": {"cashflowStatements": [{"maxAge": 1, "endDate": "2020-03-31", "netIncome": 16258000, "depreciation": 3402086, "changeToNetincome": 6453613, "changeToAccountReceivables": 5564534, "changeToLiabilities": 28624113, "changeToInventory": -21701370, "changeToOperatingActivities": -16419965, "totalCashFromOperatingActivities": 22181011, "capitalExpenditures": -2574009, "otherCashflowsFromInvestingActivities": -61901, "totalCashflowsFromInvestingActivities": -2635910, "netBorrowings": -5538855, "otherCashflowsFromFinancingActivities": -7143987, "totalCashFromFinancingActivities": -12682842, "changeInCash": 6862259}, {"maxAge": 1, "endDate": "2019-12-31", "netIncome": 16258000, "depreciation": 3402086, "changeToNetincome": 6453613, "changeToAccountReceivables": 5564534, "changeToLiabilities": 28624113, "changeToInventory": -21701370, "changeToOperatingActivities": -16419965, "totalCashFromOperatingActivities": 22181011, "capitalExpenditures": -2574009, "otherCashflowsFromInvestingActivities": -61901, "totalCashflowsFromInvestingActivities": -2635910, "netBorrowings": -5538855, "otherCashflowsFromFinancingActivities": -7143987, "totalCashFromFinancingActivities": -12682842, "changeInCash": 6862259}, {"maxAge": 1, "endDate": "2019-09-30", "netIncome": 14220000, "depreciation": 2741500, "changeToNetincome": 7436500, "changeToAccountReceivables": -27142000, "changeToLiabilities": -8749000, "changeToInventory": 4366500, "changeToOperatingActivities": 10365000, "totalCashFromOperatingActivities": 3238500, "capitalExpenditures": -5636500, "otherCashflowsFromInvestingActivities": -10500, "totalCashflowsFromInvestingActivities": -5647000, "netBorrowings": 400500, "otherCashflowsFromFinancingActivities": -7443000, "totalCashFromFinancingActivities": -7042500, "changeInCash": -9451000}, {"maxAge": 1, "endDate": "2019-06-30", "netIncome": 14220000, "depreciation": 2741500, "changeToNetincome": 7436500, "changeToAccountReceivables": -27142000, "changeToLiabilities": -8749000, "changeToInventory": 4366500, "changeToOperatingActivities": 10365000, "totalCashFromOperatingActivities": 3238500, "capitalExpenditures": -5636500, "otherCashflowsFromInvestingActivities": -10500, "totalCashflowsFromInvestingActivities": -5647000, "netBorrowings": 400500, "otherCashflowsFromFinancingActivities": -7443000, "totalCashFromFinancingActivities": -7042500, "changeInCash": -9451000}], "maxAge": 86400}, "insiderHolders": {"holders": [{"maxAge": 1, "name": "Ways Vinimay Pvt Ltd", "relation": "Promoter", "url": "", "transactionDescription": "Sale", "latestTransDate": "2020-07-16", "positionDirect": 358400, "positionDirectDate": "2020-07-16"}], "maxAge": 1}, "calendarEvents": {"maxAge": 1, "earnings": {"earningsDate": ["2020-07-21 05:30:S"]}}, "upgradeDowngradeHistory": {"history": [], "maxAge": 86400}, "price": {"maxAge": 1, "regularMarketChangePercent": -0.027237354, "regularMarketChange": -3.5, "regularMarketTime": "2021-04-30 13:31:01", "priceHint": 2, "regularMarketPrice": 125.0, "regularMarketDayHigh": 125.0, "regularMarketDayLow": 125.0, "regularMarketVolume": 1600, "averageDailyVolume10Day": 3200, "averageDailyVolume3Month": 7134, "regularMarketPreviousClose": 128.5, "regularMarketSource": "FREE_REALTIME", "regularMarketOpen": 125.0, "exchange": "BSE", "exchangeName": "BSE", "exchangeDataDelayedBy": 0, "marketState": "CLOSED", "quoteType": "EQUITY", "symbol": "ANG.BO", "underlyingSymbol": null, "shortName": "ANG Lifesciences India Limited", "longName": "ANG Lifesciences India Limited", "currency": "INR", "quoteSourceName": "Delayed Quote", "currencySymbol": "\u20b9", "fromCurrency": null, "lastMarket": null, "marketCap": 647915008}, "balanceSheetHistory": {"balanceSheetStatements": [{"maxAge": 1, "endDate": "2020-03-31", "cash": 36005000, "netReceivables": 533156000, "inventory": 100043000, "otherCurrentAssets": 57925000, "totalCurrentAssets": 727129000, "longTermInvestments": 200000, "propertyPlantEquipment": 209373000, "intangibleAssets": 2312000, "otherAssets": 1737000, "totalAssets": 940751000, "accountsPayable": 257896000, "otherCurrentLiab": 121879000, "longTermDebt": 52500000, "otherLiab": 33727000, "totalCurrentLiabilities": 508969000, "totalLiab": 595196000, "commonStock": 51833000, "treasuryStock": 293722000, "otherStockholderEquity": 293722000, "totalStockholderEquity": 345555000, "netTangibleAssets": 343243000}, {"maxAge": 1, "endDate": "2019-03-31", "cash": 43714848, "netReceivables": 442218094, "inventory": 65373233, "otherCurrentAssets": 48000420, "totalCurrentAssets": 599589854, "longTermInvestments": 200000, "propertyPlantEquipment": 205964552, "intangibleAssets": 1629563, "otherAssets": 1592254, "totalAssets": 808976223, "accountsPayable": 218146055, "shortLongTermDebt": 18802177, "otherCurrentLiab": 28424996, "longTermDebt": 62776440, "otherLiab": 34483222, "totalCurrentLiabilities": 424043530, "totalLiab": 521303192, "commonStock": 51833150, "retainedEarnings": 130283881, "treasuryStock": 500000, "capitalSurplus": 105056000, "otherStockholderEquity": 500000, "totalStockholderEquity": 287673031, "netTangibleAssets": 286043468}, {"maxAge": 1, "endDate": "2018-03-31", "cash": 14794407, "netReceivables": 354620183, "inventory": 77428599, "otherCurrentAssets": 21622207, "totalCurrentAssets": 468746332, "longTermInvestments": 200000, "propertyPlantEquipment": 208783849, "intangibleAssets": 1629563, "otherAssets": 2292894, "totalAssets": 681652638, "accountsPayable": 223152226, "shortLongTermDebt": 30112902, "otherCurrentLiab": 15499693, "longTermDebt": 76832743, "otherLiab": 18677198, "totalCurrentLiabilities": 354459528, "totalLiab": 449969469, "commonStock": 51833150, "retainedEarnings": 73794019, "treasuryStock": 1000000, "capitalSurplus": 105056000, "otherStockholderEquity": 1000000, "totalStockholderEquity": 231683169, "netTangibleAssets": 230053606}, {"maxAge": 1, "endDate": "2017-03-31", "cash": 9097234, "netReceivables": 257216043, "inventory": 58408472, "otherCurrentAssets": 52708446, "totalCurrentAssets": 377572366, "longTermInvestments": 200000, "propertyPlantEquipment": 89730369, "otherAssets": 879252, "totalAssets": 468381987, "accountsPayable": 213918144, "shortLongTermDebt": 20917692, "otherCurrentLiab": 19848850, "longTermDebt": 49629773, "otherLiab": 1754240, "totalCurrentLiabilities": 342107007, "totalLiab": 393491020, "commonStock": 36825150, "retainedEarnings": 36565817, "treasuryStock": 1500000, "otherStockholderEquity": 1500000, "totalStockholderEquity": 74890967, "netTangibleAssets": 74890967}], "maxAge": 86400}, "financialData": {"maxAge": 86400, "currentPrice": 125.0, "recommendationKey": "none", "grossProfits": 378621000, "financialCurrency": "INR"}}}