{"ANGELBRKG.NS": {"assetProfile": {"address1": "Ackruti Star", "address2": "6th Floor Central Road, MIDC Andheri (East)", "city": "Mumbai", "zip": "400093", "country": "India", "phone": "91 22 4000 3600", "fax": "91 22 3935 7699", "website": "http://www.angelbroking.com", "industry": "Capital Markets", "sector": "Financial Services", "longBusinessSummary": "Angel Broking Limited provides broking and advisory services, margin funding, loans against shares, and financial products to its clients under the Angel Broking brand in India. The company operates in three segments: broking and Related Services; Finance and Investing Activities; and Health and Allied Fitness Activities. It offers broking services through online and digital platforms, and trading terminals, as well as network of sub-brokers. The company's products include equity, commodities, derivatives, and currency trading. Its services comprise portfolio management, investment advisory, intraday trading, trading account, portfolio health score, initial public offering, and DEMAT account, as well as loans against shares. The company also engages in the investment activities; and operation of fitness centers. Angel Broking Limited was incorporated in 1996 and is based in Mumbai, India.", "companyOfficers": [{"maxAge": 1, "name": "Mr. Dinesh D. Thakkar", "age": 58, "title": "Chairman & MD", "yearBorn": 1962, "fiscalYear": 2020, "totalPay": 25227060, "exercisedValue": 0, "unexercisedValue": 0}, {"maxAge": 1, "name": "Mr. Vineet  Agrawal", "age": 46, "title": "Chief Financial Officer", "yearBorn": 1974, "fiscalYear": 2020, "totalPay": 11539344, "exercisedValue": 0, "unexercisedValue": 0}, {"maxAge": 1, "name": "Nilesh  Gokral", "age": 42, "title": "Chief Operating Officer", "yearBorn": 1978, "exercisedValue": 0, "unexercisedValue": 0}, {"maxAge": 1, "name": "Ms. Naheed Rehan Patel", "title": "Company Sec. & Compliance Officer", "fiscalYear": 2020, "totalPay": 1725096, "exercisedValue": 0, "unexercisedValue": 0}, {"maxAge": 1, "name": "Santanu  Syam", "age": 54, "title": "Chief Risk Officer", "yearBorn": 1966, "exercisedValue": 0, "unexercisedValue": 0}, {"maxAge": 1, "name": "Mr. Narayan  Gangadhar", "age": 42, "title": "Chief Exec. Officer", "yearBorn": 1978, "exercisedValue": 0, "unexercisedValue": 0}, {"maxAge": 1, "name": "Rajiv  Kejriwal", "title": "Sr. Lead of Compliance", "exercisedValue": 0, "unexercisedValue": 0}, {"maxAge": 1, "name": "Vishesh  Sharma", "title": "Head of Corp. Communications", "exercisedValue": 0, "unexercisedValue": 0}, {"maxAge": 1, "name": "Mr. Ketan  Shah", "title": "Chief Revenue Officer & Non-Exec. Director", "exercisedValue": 0, "unexercisedValue": 0}, {"maxAge": 1, "name": "Bhavin  Parekh", "title": "Sr. VP", "exercisedValue": 0, "unexercisedValue": 0}], "compensationAsOfEpochDate": "2020-12-31 05:30:00", "maxAge": 86400}, "cashflowStatementHistory": {"cashflowStatements": [{"maxAge": 1, "endDate": "2020-03-31", "netIncome": 823470779, "depreciation": 194187569, "changeToNetincome": 805847466, "changeToAccountReceivables": 1385499113, "changeToLiabilities": 3017328117, "changeToInventory": 3779, "changeToOperatingActivities": 179577505, "totalCashFromOperatingActivities": 6432967492, "capitalExpenditures": -126176981, "investments": -178694856, "otherCashflowsFromInvestingActivities": 22296560, "totalCashflowsFromInvestingActivities": -281325321, "dividendsPaid": -194386508, "netBorrowings": -3818555578, "otherCashflowsFromFinancingActivities": -475955017, "totalCashFromFinancingActivities": -4488897103, "changeInCash": 1662745068}, {"maxAge": 1, "endDate": "2019-03-31", "netIncome": 798335363, "depreciation": 169649315, "changeToNetincome": 725790919, "changeToAccountReceivables": -725201666, "changeToLiabilities": 231107144, "changeToInventory": 109812, "changeToOperatingActivities": 5857413402, "totalCashFromOperatingActivities": 7087590237, "capitalExpenditures": -116356278, "investments": -83387536, "otherCashflowsFromInvestingActivities": 4753947, "totalCashflowsFromInvestingActivities": -193622448, "dividendsPaid": -194386508, "netBorrowings": -2795448571, "otherCashflowsFromFinancingActivities": -664870058, "totalCashFromFinancingActivities": -3654705137, "changeInCash": 3239262652}, {"maxAge": 1, "endDate": "2018-03-31", "netIncome": 1079285295, "depreciation": 115804823, "changeToNetincome": 876963174, "changeToAccountReceivables": 6912903046, "changeToLiabilities": 831373713, "changeToInventory": 1252973, "changeToOperatingActivities": -12939877589, "totalCashFromOperatingActivities": -3092814449, "capitalExpenditures": -70449844, "investments": 449124167, "otherCashflowsFromInvestingActivities": 91939775, "totalCashflowsFromInvestingActivities": 471973992, "dividendsPaid": -195352742, "netBorrowings": 3521140803, "otherCashflowsFromFinancingActivities": -947766963, "totalCashFromFinancingActivities": 2388938924, "changeInCash": -231901533, "issuanceOfStock": 10917826}, {"maxAge": 1, "endDate": "2017-03-31", "netIncome": 310140000, "depreciation": 114310000, "changeToNetincome": 466280000, "changeToAccountReceivables": -4161570000, "changeToLiabilities": 2082560000, "changeToInventory": -310000, "changeToOperatingActivities": -933840000, "totalCashFromOperatingActivities": -2101530000, "capitalExpenditures": -122350000, "investments": -503300000, "otherCashflowsFromInvestingActivities": 129630000, "totalCashflowsFromInvestingActivities": -493380000, "dividendsPaid": -97680000, "netBorrowings": 4134370000, "otherCashflowsFromFinancingActivities": -533410000, "totalCashFromFinancingActivities": 3503280000, "changeInCash": 908370000, "issuanceOfStock": 10917826}], "maxAge": 86400}, "institutionOwnership": {"maxAge": 1, "ownershipList": []}, "majorHoldersBreakdown": {"maxAge": 1, "insidersPercentHeld": 0.60948, "institutionsPercentHeld": 0.14037, "institutionsFloatPercentHeld": 0.35944998, "institutionsCount": 11}, "balanceSheetHistoryQuarterly": {"balanceSheetStatements": [{"maxAge": 1, "endDate": "2020-12-31", "totalStockholderEquity": 9892550000, "netTangibleAssets": 9827810000}, {"maxAge": 1, "endDate": "2020-09-30", "cash": 25995840000, "netReceivables": 6731570000, "otherCurrentAssets": 16390000, "totalCurrentAssets": 32743800000, "longTermInvestments": 993510000, "propertyPlantEquipment": 1105320000, "intangibleAssets": 64740000, "otherAssets": 1292610000, "deferredLongTermAssetCharges": 50730000, "totalAssets": 36199980000, "accountsPayable": 15420580000, "otherCurrentLiab": 86880000, "longTermDebt": 5908510000, "otherLiab": 4891460000, "totalCurrentLiabilities": 15507460000, "totalLiab": 26307430000, "commonStock": 817990000, "treasuryStock": 9074560000, "otherStockholderEquity": 9074560000, "totalStockholderEquity": 9892550000, "netTangibleAssets": 9827810000}, {"maxAge": 1, "endDate": "2020-06-30", "cash": 5156276344, "netReceivables": 8818635054, "otherCurrentAssets": 161360713, "totalCurrentAssets": 14159915745, "longTermInvestments": 204969694, "propertyPlantEquipment": 1118342396, "intangibleAssets": 66901344, "otherAssets": 14406646428, "deferredLongTermAssetCharges": 51075776, "totalAssets": 29956775607, "accountsPayable": 16005186946, "otherCurrentLiab": 58873419, "longTermDebt": 18094392, "otherLiab": 275036136, "totalCurrentLiabilities": 23173660441, "totalLiab": 23565953814, "commonStock": 719950030, "retainedEarnings": 4597341920, "treasuryStock": 96445586, "capitalSurplus": 977084257, "otherStockholderEquity": 96445586, "totalStockholderEquity": 6390821793, "netTangibleAssets": 6323920449}, {"maxAge": 1, "endDate": "2019-12-31"}], "maxAge": 86400}, "indexTrend": {"maxAge": 1, "symbol": "SP5", "peRatio": 19.7411, "pegRatio": 1.34172, "estimates": [{"period": "0q", "growth": 0.549}, {"period": "+1q", "growth": 0.431}, {"period": "0y", "growth": 0.305}, {"period": "+1y", "growth": 0.109}, {"period": "+5y", "growth": 0.120865}, {"period": "-5y"}]}, "defaultKeyStatistics": {"maxAge": 1, "priceHint": 2, "enterpriseValue": 10050723840, "profitMargins": 0.21645, "floatShares": 17124893, "sharesOutstanding": 81826496, "heldPercentInsiders": 0.60948, "heldPercentInstitutions": 0.14037, "category": null, "bookValue": 137.212, "priceToBook": 2.6987433, "fundFamily": null, "legalType": null, "lastFiscalYearEnd": "2020-03-31 05:30:00", "nextFiscalYearEnd": "2022-03-31 05:30:00", "mostRecentQuarter": "2020-12-31 05:30:00", "earningsQuarterlyGrowth": 1.709, "netIncomeToCommon": 2242140672, "trailingEps": 30.159, "lastSplitFactor": null, "enterpriseToRevenue": 0.963, "52WeekChange": 0.34263957, "SandP52WeekChange": 0.48148263, "lastDividendValue": 4.15, "lastDividendDate": 1604275200}, "summaryProfile": {"address1": "Ackruti Star", "address2": "6th Floor Central Road, MIDC Andheri (East)", "city": "Mumbai", "zip": "400093", "country": "India", "phone": "91 22 4000 3600", "fax": "91 22 3935 7699", "website": "http://www.angelbroking.com", "industry": "Capital Markets", "sector": "Financial Services", "longBusinessSummary": "Angel Broking Limited provides broking and advisory services, margin funding, loans against shares, and financial products to its clients under the Angel Broking brand in India. The company operates in three segments: broking and Related Services; Finance and Investing Activities; and Health and Allied Fitness Activities. It offers broking services through online and digital platforms, and trading terminals, as well as network of sub-brokers. The company's products include equity, commodities, derivatives, and currency trading. Its services comprise portfolio management, investment advisory, intraday trading, trading account, portfolio health score, initial public offering, and DEMAT account, as well as loans against shares. The company also engages in the investment activities; and operation of fitness centers. Angel Broking Limited was incorporated in 1996 and is based in Mumbai, India.", "companyOfficers": [], "maxAge": 86400}, "netSharePurchaseActivity": {"maxAge": 1, "period": "6m", "buyInfoCount": 0, "buyInfoShares": 0, "sellInfoCount": 0, "netInfoCount": 0, "netInfoShares": 0, "netPercentInsiderShares": 0.0, "totalInsiderShares": 49604488}, "insiderTransactions": {"transactions": [{"maxAge": 1, "shares": 14427, "value": 41657, "filerUrl": "", "transactionText": "Other at price 2.89 per share.", "filerName": "Tiwari (Prabhakar)", "filerRelation": "UNREPORTED", "moneyText": "", "startDate": "2021-03-02", "ownership": "D"}, {"maxAge": 1, "shares": 7596, "value": 21972, "filerUrl": "", "transactionText": "Other at price 2.89 per share.", "filerName": "Ray (Suvajit)", "filerRelation": "UNREPORTED", "moneyText": "", "startDate": "2021-01-05", "ownership": "D"}, {"maxAge": 1, "shares": 500, "value": 2313, "filerUrl": "", "transactionText": "Sale at price 4.63 per share.", "filerName": "Ray (Suvajit)", "filerRelation": "UNREPORTED", "moneyText": "", "startDate": "2020-12-31", "ownership": "D"}, {"maxAge": 1, "shares": 2000, "value": 9255, "filerUrl": "", "transactionText": "Sale at price 4.63 per share.", "filerName": "Ray (Suvajit)", "filerRelation": "UNREPORTED", "moneyText": "", "startDate": "2020-12-31", "ownership": "D"}, {"maxAge": 1, "shares": 1020, "value": 4674, "filerUrl": "", "transactionText": "Sale at price 4.58 per share.", "filerName": "Ray (Suvajit)", "filerRelation": "UNREPORTED", "moneyText": "", "startDate": "2020-12-29", "ownership": "D"}, {"maxAge": 1, "shares": 5060, "value": 14551, "filerUrl": "", "transactionText": "Other at price 2.88 per share.", "filerName": "Ray (Suvajit)", "filerRelation": "UNREPORTED", "moneyText": "", "startDate": "2020-12-28", "ownership": "D"}], "maxAge": 1}, "quoteType": {"exchange": "NSI", "quoteType": "EQUITY", "symbol": "ANGELBRKG.NS", "underlyingSymbol": "ANGELBRKG.NS", "shortName": "Angel Broking Limited", "longName": "Angel Broking Limited", "firstTradeDateEpochUtc": "2020-10-05 09:15:00", "timeZoneFullName": "Asia/Kolkata", "timeZoneShortName": "IST", "uuid": "6f437c6a-2398-3c62-99bc-908411558479", "messageBoardId": "finmb_139019404", "gmtOffSetMilliseconds": 19800000, "maxAge": 1}, "incomeStatementHistory": {"incomeStatementHistory": [{"maxAge": 1, "endDate": "2020-03-31", "totalRevenue": 7079790000, "costOfRevenue": 2333519743, "grossProfit": 4746270257, "researchDevelopment": {}, "sellingGeneralAdministrative": 2116998183, "nonRecurring": {}, "otherOperatingExpenses": 889971164, "totalOperatingExpenses": 5937485540, "operatingIncome": 1142304460, "totalOtherIncomeExpenseNet": 6172425, "ebit": 0, "interestExpense": {}, "incomeBeforeTax": 1148476885, "incomeTaxExpense": 325006106, "minorityInterest": {}, "netIncomeFromContinuingOps": 823470779, "discontinuedOperations": {}, "extraordinaryItems": {}, "effectOfAccountingCharges": {}, "otherItems": {}, "netIncome": 823470779, "netIncomeApplicableToCommonShares": 823470779}, {"maxAge": 1, "endDate": "2019-03-31", "totalRevenue": 7202314429, "costOfRevenue": 2453248367, "grossProfit": 4749066062, "researchDevelopment": {}, "sellingGeneralAdministrative": 2228543038, "nonRecurring": {}, "otherOperatingExpenses": 933021727, "totalOperatingExpenses": 5959920998, "operatingIncome": 1242393431, "totalOtherIncomeExpenseNet": 1854788, "ebit": 0, "interestExpense": {}, "incomeBeforeTax": 1244248219, "incomeTaxExpense": 445912856, "minorityInterest": {}, "netIncomeFromContinuingOps": 798335363, "discontinuedOperations": {}, "extraordinaryItems": {}, "effectOfAccountingCharges": {}, "otherItems": {}, "netIncome": 798335363, "netIncomeApplicableToCommonShares": 798335363}, {"maxAge": 1, "endDate": "2018-03-31", "totalRevenue": 6848527081, "costOfRevenue": 27662725, "grossProfit": 6820864356, "researchDevelopment": {}, "sellingGeneralAdministrative": 1742542585, "nonRecurring": {}, "otherOperatingExpenses": 3262530750, "totalOperatingExpenses": 5262014052, "operatingIncome": 1586513029, "totalOtherIncomeExpenseNet": 426362, "ebit": 0, "interestExpense": {}, "incomeBeforeTax": 1586939391, "incomeTaxExpense": 507654096, "minorityInterest": {}, "netIncomeFromContinuingOps": 1079285295, "discontinuedOperations": {}, "extraordinaryItems": {}, "effectOfAccountingCharges": {}, "otherItems": {}, "netIncome": 1079285295, "netIncomeApplicableToCommonShares": 1079285295}, {"maxAge": 1, "endDate": "2017-03-31", "totalRevenue": 3914760000, "costOfRevenue": 0, "grossProfit": 3914760000, "researchDevelopment": {}, "sellingGeneralAdministrative": 1765610000, "nonRecurring": {}, "otherOperatingExpenses": 1498930000, "totalOperatingExpenses": 3438700000, "operatingIncome": 476060000, "totalOtherIncomeExpenseNet": 3010000, "ebit": 0, "interestExpense": {}, "incomeBeforeTax": 479070000, "incomeTaxExpense": 168930000, "minorityInterest": {}, "netIncomeFromContinuingOps": 310140000, "discontinuedOperations": {}, "extraordinaryItems": {}, "effectOfAccountingCharges": {}, "otherItems": {}, "netIncome": 310140000, "netIncomeApplicableToCommonShares": 310140000}], "maxAge": 86400}, "fundOwnership": {"maxAge": 1, "ownershipList": []}, "summaryDetail": {"maxAge": 1, "priceHint": 2, "previousClose": 359.2, "open": 358.9, "dayLow": 354.25, "dayHigh": 376.0, "regularMarketPreviousClose": 359.2, "regularMarketOpen": 358.9, "regularMarketDayLow": 354.25, "regularMarketDayHigh": 376.0, "dividendRate": 30.0, "dividendYield": 0.083500005, "exDividendDate": "2021-04-29 05:30:00", "payoutRatio": 0.14850001, "trailingPE": 12.278258, "volume": 230291, "regularMarketVolume": 230291, "averageVolume": 235345, "averageVolume10days": 542116, "averageDailyVolume10Day": 542116, "bid": 0.0, "ask": 0.0, "marketCap": 30300350464, "fiftyTwoWeekLow": 222.2, "fiftyTwoWeekHigh": 408.0, "priceToSalesTrailing12Months": 2.9041517, "fiftyDayAverage": 319.08472, "twoHundredDayAverage": 330.45312, "trailingAnnualDividendRate": 1.8, "trailingAnnualDividendYield": 0.0050111357, "currency": "INR", "fromCurrency": null, "toCurrency": null, "lastMarket": null, "algorithm": null, "tradeable": false}, "incomeStatementHistoryQuarterly": {"incomeStatementHistory": [{"maxAge": 1, "endDate": "2020-12-31", "totalRevenue": 3099600000, "costOfRevenue": 880720000, "grossProfit": 2218880000, "researchDevelopment": {}, "sellingGeneralAdministrative": 444750000, "nonRecurring": {}, "otherOperatingExpenses": 681290000, "totalOperatingExpenses": 2054210000, "operatingIncome": 1045390000, "totalOtherIncomeExpenseNet": 0, "ebit": 0, "interestExpense": {}, "incomeBeforeTax": 1045390000, "incomeTaxExpense": 313050000, "minorityInterest": {}, "netIncomeFromContinuingOps": 732340000, "discontinuedOperations": -660000, "extraordinaryItems": {}, "effectOfAccountingCharges": {}, "otherItems": {}, "netIncome": 731680000, "netIncomeApplicableToCommonShares": 731680000}, {"maxAge": 1, "endDate": "2020-09-30", "totalRevenue": 3035830000, "costOfRevenue": 919250000, "grossProfit": 2116580000, "researchDevelopment": {}, "sellingGeneralAdministrative": 397190000, "nonRecurring": {}, "otherOperatingExpenses": 676420000, "totalOperatingExpenses": 2039350000, "operatingIncome": 996480000, "totalOtherIncomeExpenseNet": 0, "ebit": 0, "interestExpense": {}, "incomeBeforeTax": 996480000, "incomeTaxExpense": 250530000, "minorityInterest": {}, "netIncomeFromContinuingOps": 745950000, "discontinuedOperations": -1190000, "extraordinaryItems": {}, "effectOfAccountingCharges": {}, "otherItems": {}, "netIncome": 744760000, "netIncomeApplicableToCommonShares": 744760000}, {"maxAge": 1, "endDate": "2020-06-30", "totalRevenue": 2364316511, "costOfRevenue": 764944173, "grossProfit": 1599372338, "researchDevelopment": {}, "sellingGeneralAdministrative": 513957919, "nonRecurring": {}, "otherOperatingExpenses": 392141061, "totalOperatingExpenses": 1720707379, "operatingIncome": 643609132, "totalOtherIncomeExpenseNet": 2693049, "ebit": 0, "interestExpense": {}, "incomeBeforeTax": 646302181, "incomeTaxExpense": 163704103, "minorityInterest": {}, "netIncomeFromContinuingOps": 482598078, "discontinuedOperations": -9588169, "extraordinaryItems": {}, "effectOfAccountingCharges": {}, "otherItems": {}, "netIncome": 473009909, "netIncomeApplicableToCommonShares": 473009909}, {"maxAge": 1, "endDate": "2019-12-31", "totalRevenue": 1750410000, "costOfRevenue": 570360000, "grossProfit": 1180050000, "researchDevelopment": {}, "sellingGeneralAdministrative": 368200000, "nonRecurring": {}, "otherOperatingExpenses": 390560000, "totalOperatingExpenses": 1380020000, "operatingIncome": 370390000, "totalOtherIncomeExpenseNet": 0, "ebit": 0, "interestExpense": {}, "incomeBeforeTax": 370390000, "incomeTaxExpense": 91080000, "minorityInterest": {}, "netIncomeFromContinuingOps": 279310000, "discontinuedOperations": -9180000, "extraordinaryItems": {}, "effectOfAccountingCharges": {}, "otherItems": {}, "netIncome": 270130000, "netIncomeApplicableToCommonShares": 270130000}], "maxAge": 86400}, "cashflowStatementHistoryQuarterly": {"cashflowStatements": [{"maxAge": 1, "endDate": "2020-12-31", "netIncome": 731680000, "changeToLiabilities": 0}, {"maxAge": 1, "endDate": "2020-09-30", "netIncome": 744760000, "depreciation": 53536824, "changeToNetincome": 231225356, "changeToAccountReceivables": 31756460, "changeToLiabilities": 383798238, "changeToInventory": -829, "changeToOperatingActivities": 3160356656, "totalCashFromOperatingActivities": 4599123833, "capitalExpenditures": -38828164, "investments": -971362, "otherCashflowsFromInvestingActivities": 401331, "totalCashflowsFromInvestingActivities": -39302569, "dividendsPaid": -87110000, "netBorrowings": -665058911, "otherCashflowsFromFinancingActivities": -133284551, "totalCashFromFinancingActivities": 2114546538, "changeInCash": 6674367802, "issuanceOfStock": 3000000000}, {"maxAge": 1, "endDate": "2020-06-30", "netIncome": 473009909, "depreciation": 46453176, "changeToNetincome": 354854644, "changeToAccountReceivables": -360776460, "changeToLiabilities": 5641851762, "changeToInventory": 450829, "changeToOperatingActivities": -9062376656, "totalCashFromOperatingActivities": -2900233833, "capitalExpenditures": -55771836, "investments": 332401362, "otherCashflowsFromInvestingActivities": 398669, "totalCashflowsFromInvestingActivities": 277072569, "dividendsPaid": -87110000, "netBorrowings": 1719838911, "otherCashflowsFromFinancingActivities": -72765449, "totalCashFromFinancingActivities": 1647073462, "changeInCash": -976087802, "issuanceOfStock": 3000000000}, {"maxAge": 1, "endDate": "2019-12-31", "netIncome": 270130000, "depreciation": 46453176, "changeToNetincome": 354854644, "changeToAccountReceivables": -360776460, "changeToLiabilities": 0, "changeToInventory": 450829, "changeToOperatingActivities": -9062376656, "totalCashFromOperatingActivities": -2900233833, "capitalExpenditures": -55771836, "investments": 332401362, "otherCashflowsFromInvestingActivities": 398669, "totalCashflowsFromInvestingActivities": 277072569, "dividendsPaid": -87110000, "netBorrowings": 1719838911, "otherCashflowsFromFinancingActivities": -72765449, "totalCashFromFinancingActivities": 1647073462, "changeInCash": -976087802, "issuanceOfStock": 3000000000}], "maxAge": 86400}, "insiderHolders": {"holders": [{"maxAge": 1, "name": "Ray (Suvajit)", "relation": "UNREPORTED", "url": "", "transactionDescription": "Other", "latestTransDate": "2021-01-05", "positionDirect": 10136, "positionDirectDate": "2021-01-05"}, {"maxAge": 1, "name": "Tiwari (Prabhakar)", "relation": "UNREPORTED", "url": "", "transactionDescription": "Other", "latestTransDate": "2021-03-02", "positionDirect": 14477, "positionDirectDate": "2021-03-02"}], "maxAge": 1}, "calendarEvents": {"maxAge": 1, "earnings": {"earningsDate": []}, "exDividendDate": "2021-04-29 05:30:00"}, "price": {"maxAge": 1, "regularMarketChangePercent": 0.030901935, "regularMarketChange": 11.099976, "regularMarketTime": "2021-04-30 15:29:59", "priceHint": 2, "regularMarketPrice": 370.3, "regularMarketDayHigh": 376.0, "regularMarketDayLow": 354.25, "regularMarketVolume": 230291, "averageDailyVolume10Day": 542116, "averageDailyVolume3Month": 235345, "regularMarketPreviousClose": 359.2, "regularMarketSource": "FREE_REALTIME", "regularMarketOpen": 358.9, "exchange": "NSI", "exchangeName": "NSE", "exchangeDataDelayedBy": 15, "marketState": "CLOSED", "quoteType": "EQUITY", "symbol": "ANGELBRKG.NS", "underlyingSymbol": null, "shortName": "Angel Broking Limited", "longName": "Angel Broking Limited", "currency": "INR", "quoteSourceName": "Delayed Quote", "currencySymbol": "\u20b9", "fromCurrency": null, "toCurrency": null, "lastMarket": null, "marketCap": 30300350464}, "balanceSheetHistory": {"balanceSheetStatements": [{"maxAge": 1, "endDate": "2020-03-31", "cash": 6132364146, "netReceivables": 3283105869, "inventory": 450829, "otherCurrentAssets": 10738957368, "totalCurrentAssets": 20507531249, "propertyPlantEquipment": 1191923120, "intangibleAssets": 68299306, "otherAssets": 134015843, "deferredLongTermAssetCharges": 48889961, "totalAssets": 21901769518, "accountsPayable": 10334639864, "otherCurrentLiab": 103833410, "longTermDebt": 48061811, "otherLiab": 239930902, "totalCurrentLiabilities": 13342001773, "totalLiab": 15987567680, "commonStock": 719950030, "retainedEarnings": 4128157706, "treasuryStock": 89009845, "capitalSurplus": 977084257, "otherStockholderEquity": 89009845, "totalStockholderEquity": 5914201838, "netTangibleAssets": 5845902532}, {"maxAge": 1, "endDate": "2019-03-31", "cash": 4469619078, "netReceivables": 9875433885, "inventory": 454608, "otherCurrentAssets": 6097273233, "totalCurrentAssets": 20591877430, "propertyPlantEquipment": 1271327291, "intangibleAssets": 72769747, "otherAssets": 149284123, "deferredLongTermAssetCharges": 75685199, "totalAssets": 22085258591, "accountsPayable": 7197110527, "otherCurrentLiab": 76293400, "longTermDebt": 70693614, "otherLiab": 201993772, "totalCurrentLiabilities": 16285301220, "totalLiab": 16770902871, "commonStock": 719950030, "retainedEarnings": 3548290021, "treasuryStock": 69031412, "capitalSurplus": 977084257, "otherStockholderEquity": 69031412, "totalStockholderEquity": 5314355720, "netTangibleAssets": 5241585973}, {"maxAge": 1, "endDate": "2018-03-31", "cash": 9273845445, "netReceivables": 12649327865, "inventory": 564420, "otherCurrentAssets": 170196403, "totalCurrentAssets": 22093934133, "longTermInvestments": 56217753, "propertyPlantEquipment": 1066443506, "intangibleAssets": 91596693, "otherAssets": 365958269, "deferredLongTermAssetCharges": 29330930, "totalAssets": 23674150354, "accountsPayable": 6795666984, "shortLongTermDebt": 26995341, "otherCurrentLiab": 123971925, "longTermDebt": 72597302, "otherLiab": 34928754, "totalCurrentLiabilities": 18817193100, "totalLiab": 18924719156, "commonStock": 719950030, "retainedEarnings": 2998808217, "treasuryStock": 53588694, "capitalSurplus": 977084257, "otherStockholderEquity": 53588694, "totalStockholderEquity": 4749431198, "netTangibleAssets": 4657834505}, {"maxAge": 1, "endDate": "2017-03-31", "cash": 6175830000, "netReceivables": 8750590000, "inventory": 990000, "otherCurrentAssets": 1129210000, "totalCurrentAssets": 16057450000, "longTermInvestments": 495180000, "propertyPlantEquipment": 1144190000, "intangibleAssets": 90080000, "otherAssets": 241580000, "totalAssets": 18028480000, "accountsPayable": 5847570000, "shortLongTermDebt": 17680000, "otherCurrentLiab": 87430000, "longTermDebt": 77340000, "otherLiab": 39860000, "totalCurrentLiabilities": 14016940000, "totalLiab": 14134140000, "commonStock": 143640000, "retainedEarnings": 2154630000, "treasuryStock": 53590000, "capitalSurplus": 1542480000, "otherStockholderEquity": 53590000, "totalStockholderEquity": 3894340000, "netTangibleAssets": 3804260000}], "maxAge": 86400}, "financialData": {"maxAge": 86400, "currentPrice": 370.3, "recommendationKey": "none", "totalCash": 25995839488, "totalCashPerShare": 319.405, "totalDebt": 5908510208, "totalRevenue": 10433460224, "debtToEquity": 59.727, "revenuePerShare": 140.068, "grossProfits": 4746270257, "earningsGrowth": 1.349, "revenueGrowth": 0.771, "grossMargins": 0.69126, "ebitdaMargins": 0.0, "operatingMargins": 0.29569998, "profitMargins": 0.21645, "financialCurrency": "INR"}}}