{"ANIKINDS.BO": {"recommendationTrend": {"trend": [{"period": "0m", "strongBuy": 0, "buy": 0, "hold": 0, "sell": 0, "strongSell": 0}, {"period": "-1m", "strongBuy": 0, "buy": 0, "hold": 0, "sell": 0, "strongSell": 0}, {"period": "-2m", "strongBuy": 0, "buy": 0, "hold": 0, "sell": 0, "strongSell": 0}, {"period": "-3m", "strongBuy": 0, "buy": 0, "hold": 0, "sell": 0, "strongSell": 0}], "maxAge": 86400}, "cashflowStatementHistory": {"cashflowStatements": [{"maxAge": 1, "endDate": "2020-03-31", "netIncome": -377666000, "depreciation": 8879000, "changeToNetincome": 352663000, "changeToAccountReceivables": -149070000, "changeToLiabilities": -119197000, "changeToInventory": 323631000, "totalCashFromOperatingActivities": 39240000, "capitalExpenditures": -4546000, "investments": -72403000, "otherCashflowsFromInvestingActivities": 90903000, "totalCashflowsFromInvestingActivities": 13954000, "netBorrowings": 45065000, "otherCashflowsFromFinancingActivities": -109556000, "totalCashFromFinancingActivities": -64491000, "changeInCash": -11297000}, {"maxAge": 1, "endDate": "2019-03-31", "netIncome": -151935000, "depreciation": 8946000, "changeToNetincome": 122315000, "changeToAccountReceivables": 950468000, "changeToLiabilities": -119098000, "changeToInventory": -105259000, "totalCashFromOperatingActivities": 705437000, "capitalExpenditures": -569945000, "investments": -117708000, "otherCashflowsFromInvestingActivities": 62335000, "totalCashflowsFromInvestingActivities": -775706000, "netBorrowings": 166740000, "otherCashflowsFromFinancingActivities": -128717000, "totalCashFromFinancingActivities": 38023000, "changeInCash": -32245000}, {"maxAge": 1, "endDate": "2018-03-31", "netIncome": 138223000, "depreciation": 9327000, "changeToNetincome": -173723000, "changeToAccountReceivables": 32963000, "changeToLiabilities": -442580000, "changeToInventory": -76105000, "totalCashFromOperatingActivities": -511895000, "capitalExpenditures": -40893000, "investments": -127369000, "otherCashflowsFromInvestingActivities": -16125000, "totalCashflowsFromInvestingActivities": 106278000, "netBorrowings": 431309000, "otherCashflowsFromFinancingActivities": -122410000, "totalCashFromFinancingActivities": 308899000, "changeInCash": -96718000}, {"maxAge": 1, "endDate": "2017-03-31", "netIncome": 357836000, "depreciation": 8346000, "changeToNetincome": -1899769000, "changeToAccountReceivables": -1737435000, "changeToLiabilities": 409513000, "changeToInventory": 93475000, "totalCashFromOperatingActivities": -2768034000, "capitalExpenditures": -460650000, "investments": 221544000, "otherCashflowsFromInvestingActivities": 455247000, "totalCashflowsFromInvestingActivities": 4673609000, "netBorrowings": -996894000, "otherCashflowsFromFinancingActivities": -878976000, "totalCashFromFinancingActivities": -1875870000, "changeInCash": 29705000}], "maxAge": 86400}, "institutionOwnership": {"maxAge": 1, "ownershipList": []}, "balanceSheetHistoryQuarterly": {"balanceSheetStatements": [{"maxAge": 1, "endDate": "2020-06-30", "totalStockholderEquity": 3641061000, "netTangibleAssets": 2767614000}, {"maxAge": 1, "endDate": "2020-03-31", "cash": 19861000, "netReceivables": 3477361000, "inventory": 502681000, "otherCurrentAssets": 498599000, "totalCurrentAssets": 4498502000, "longTermInvestments": 422684000, "propertyPlantEquipment": 730544000, "goodWill": 873447000, "otherAssets": 954766000, "deferredLongTermAssetCharges": 283175000, "totalAssets": 7479943000, "accountsPayable": 1029184000, "shortLongTermDebt": 769000, "otherCurrentLiab": 1896857000, "longTermDebt": 636902000, "otherLiab": 833000, "minorityInterest": 184670000, "totalCurrentLiabilities": 3016477000, "totalLiab": 3654212000, "commonStock": 277535000, "retainedEarnings": 2119027000, "capitalSurplus": 1244499000, "totalStockholderEquity": 3641061000, "netTangibleAssets": 2767614000}, {"maxAge": 1, "endDate": "2019-12-31", "totalStockholderEquity": 3980573000, "netTangibleAssets": 3107126000}, {"maxAge": 1, "endDate": "2019-09-30", "cash": 302068000, "shortTermInvestments": 15456000, "netReceivables": 2821512000, "inventory": 595793000, "otherCurrentAssets": 437004000, "totalCurrentAssets": 4171833000, "longTermInvestments": 384602000, "propertyPlantEquipment": 750664000, "goodWill": 873447000, "otherAssets": 735355000, "deferredLongTermAssetCharges": 109482000, "totalAssets": 6915901000, "accountsPayable": 1495859000, "otherCurrentLiab": 548251000, "longTermDebt": 657589000, "otherLiab": 1143000, "minorityInterest": 184725000, "totalCurrentLiabilities": 2091871000, "totalLiab": 2750603000, "commonStock": 277534800, "treasuryStock": 3703038200, "otherStockholderEquity": 3703038200, "totalStockholderEquity": 3980573000, "netTangibleAssets": 3107126000}], "maxAge": 86400}, "earningsHistory": {"history": [{"maxAge": 1, "epsActual": {}, "epsEstimate": {}, "epsDifference": {}, "surprisePercent": {}, "quarter": {}, "period": "-4q"}, {"maxAge": 1, "epsActual": {}, "epsEstimate": {}, "epsDifference": {}, "surprisePercent": {}, "quarter": {}, "period": "-3q"}, {"maxAge": 1, "epsActual": {}, "epsEstimate": {}, "epsDifference": {}, "surprisePercent": {}, "quarter": {}, "period": "-2q"}, {"maxAge": 1, "epsActual": {}, "epsEstimate": {}, "epsDifference": {}, "surprisePercent": {}, "quarter": {}, "period": "-1q"}], "maxAge": 86400}, "indexTrend": {"maxAge": 1, "symbol": "SP5", "peRatio": 19.7411, "pegRatio": 1.34172, "estimates": [{"period": "0q", "growth": 0.549}, {"period": "+1q", "growth": 0.431}, {"period": "0y", "growth": 0.305}, {"period": "+1y", "growth": 0.109}, {"period": "+5y", "growth": 0.120865}, {"period": "-5y"}]}, "industryTrend": {"maxAge": 1, "symbol": null, "estimates": []}, "insiderTransactions": {"transactions": [{"maxAge": 1, "shares": 55300, "filerUrl": "", "transactionText": "", "filerName": "Shashwat Trust", "filerRelation": "Institution- Corporation", "moneyText": "", "startDate": "2018-12-24", "ownership": "D"}, {"maxAge": 1, "shares": 74000, "filerUrl": "", "transactionText": "", "filerName": "Mahakosh Amusements Pvt. Ltd.", "filerRelation": "Promoter", "moneyText": "", "startDate": "2018-12-04", "ownership": "D"}, {"maxAge": 1, "shares": 85645, "filerUrl": "", "transactionText": "", "filerName": "Shahra (Manish)", "filerRelation": "Chairman of the Board", "moneyText": "", "startDate": "2018-12-04", "ownership": "D"}, {"maxAge": 1, "shares": 40200, "filerUrl": "", "transactionText": "", "filerName": "Shahra (Umesh)", "filerRelation": "Promoter", "moneyText": "", "startDate": "2018-12-03", "ownership": "D"}], "maxAge": 1}, "quoteType": {"exchange": "BSE", "quoteType": "EQUITY", "symbol": "ANIKINDS.BO", "underlyingSymbol": "ANIKINDS.BO", "shortName": "ANIK INDUSTRIES LTD.", "longName": "Anik Industries Limited", "firstTradeDateEpochUtc": "2000-08-08 09:15:00", "timeZoneFullName": "Asia/Kolkata", "timeZoneShortName": "IST", "uuid": "66fe0f71-90a7-3592-b120-143904a3d7cb", "messageBoardId": null, "gmtOffSetMilliseconds": 19800000, "maxAge": 1}, "incomeStatementHistory": {"incomeStatementHistory": [{"maxAge": 1, "endDate": "2020-03-31", "totalRevenue": 4987307000, "costOfRevenue": 4847797000, "grossProfit": 139510000, "researchDevelopment": {}, "sellingGeneralAdministrative": 46616000, "nonRecurring": {}, "otherOperatingExpenses": 617455000, "totalOperatingExpenses": 5520747000, "operatingIncome": -533440000, "totalOtherIncomeExpenseNet": -37125000, "ebit": -533440000, "interestExpense": -80350000, "incomeBeforeTax": -570565000, "incomeTaxExpense": -192844000, "minorityInterest": 184670000, "netIncomeFromContinuingOps": -377721000, "discontinuedOperations": {}, "extraordinaryItems": {}, "effectOfAccountingCharges": {}, "otherItems": {}, "netIncome": -377666000, "netIncomeApplicableToCommonShares": -377666000}, {"maxAge": 1, "endDate": "2019-03-31", "totalRevenue": 6045382000, "costOfRevenue": 5868225000, "grossProfit": 177157000, "researchDevelopment": {}, "sellingGeneralAdministrative": 47739000, "nonRecurring": {}, "otherOperatingExpenses": 330956000, "totalOperatingExpenses": 6255866000, "operatingIncome": -210484000, "totalOtherIncomeExpenseNet": -16052000, "ebit": -210484000, "interestExpense": -108906000, "incomeBeforeTax": -226536000, "incomeTaxExpense": -74614000, "minorityInterest": 184725000, "netIncomeFromContinuingOps": -151922000, "discontinuedOperations": {}, "extraordinaryItems": {}, "effectOfAccountingCharges": {}, "otherItems": {}, "netIncome": -151935000, "netIncomeApplicableToCommonShares": -151935000}, {"maxAge": 1, "endDate": "2018-03-31", "totalRevenue": 6096708000, "costOfRevenue": 5909278000, "grossProfit": 187430000, "researchDevelopment": {}, "sellingGeneralAdministrative": 46527000, "nonRecurring": {}, "otherOperatingExpenses": 97713000, "totalOperatingExpenses": 6062845000, "operatingIncome": 33863000, "totalOtherIncomeExpenseNet": 140695000, "ebit": 33863000, "interestExpense": -95283000, "incomeBeforeTax": 174558000, "incomeTaxExpense": 36368000, "minorityInterest": 306535000, "netIncomeFromContinuingOps": 138190000, "discontinuedOperations": {}, "extraordinaryItems": {}, "effectOfAccountingCharges": {}, "otherItems": {}, "netIncome": 138223000, "netIncomeApplicableToCommonShares": 138223000}, {"maxAge": 1, "endDate": "2017-03-31", "totalRevenue": 4891488000, "costOfRevenue": 5145926000, "grossProfit": -254438000, "researchDevelopment": {}, "sellingGeneralAdministrative": 48748000, "nonRecurring": {}, "otherOperatingExpenses": 479678000, "totalOperatingExpenses": 5891330000, "operatingIncome": -999842000, "totalOtherIncomeExpenseNet": 1715738000, "ebit": -999842000, "interestExpense": -345886000, "incomeBeforeTax": 715896000, "incomeTaxExpense": -8844000, "minorityInterest": 2635000, "netIncomeFromContinuingOps": 724740000, "discontinuedOperations": -366877000, "extraordinaryItems": {}, "effectOfAccountingCharges": {}, "otherItems": {}, "netIncome": 357836000, "netIncomeApplicableToCommonShares": 357836000}], "maxAge": 86400}, "fundOwnership": {"maxAge": 1, "ownershipList": []}, "summaryDetail": {"maxAge": 1, "priceHint": 2, "previousClose": 14.02, "open": 13.55, "dayLow": 13.55, "dayHigh": 14.5, "regularMarketPreviousClose": 14.02, "regularMarketOpen": 13.55, "regularMarketDayLow": 13.55, "regularMarketDayHigh": 14.5, "volume": 1174, "regularMarketVolume": 1174, "averageVolume": 11036, "averageVolume10days": 12678, "averageDailyVolume10Day": 12678, "bid": 14.01, "ask": 14.5, "bidSize": 0, "askSize": 0, "marketCap": 401315616, "fiftyTwoWeekLow": 5.89, "fiftyTwoWeekHigh": 25.7, "fiftyDayAverage": 15.953714, "twoHundredDayAverage": 14.158467, "currency": "INR", "fromCurrency": null, "toCurrency": null, "lastMarket": null, "algorithm": null, "tradeable": false}, "sectorTrend": {"maxAge": 1, "symbol": null, "estimates": []}, "incomeStatementHistoryQuarterly": {"incomeStatementHistory": [{"maxAge": 1, "endDate": "2020-06-30", "totalRevenue": 86954000, "costOfRevenue": 69765000, "grossProfit": 17189000, "researchDevelopment": {}, "sellingGeneralAdministrative": 5378000, "nonRecurring": {}, "otherOperatingExpenses": 42057000, "totalOperatingExpenses": 119314000, "operatingIncome": -32360000, "totalOtherIncomeExpenseNet": -18569000, "ebit": -32360000, "interestExpense": -31271000, "incomeBeforeTax": -50929000, "incomeTaxExpense": -16681000, "minorityInterest": {}, "netIncomeFromContinuingOps": -34248000, "discontinuedOperations": {}, "extraordinaryItems": {}, "effectOfAccountingCharges": {}, "otherItems": {}, "netIncome": -34248000, "netIncomeApplicableToCommonShares": -34248000}, {"maxAge": 1, "endDate": "2020-03-31", "totalRevenue": 929932000, "costOfRevenue": 928415000, "grossProfit": 1517000, "researchDevelopment": {}, "sellingGeneralAdministrative": 15353000, "nonRecurring": {}, "otherOperatingExpenses": 501704000, "totalOperatingExpenses": 1448527000, "operatingIncome": -518595000, "totalOtherIncomeExpenseNet": -23251000, "ebit": -518595000, "interestExpense": -31271000, "incomeBeforeTax": -541846000, "incomeTaxExpense": -175880000, "minorityInterest": 184670000, "netIncomeFromContinuingOps": -365966000, "discontinuedOperations": {}, "extraordinaryItems": {}, "effectOfAccountingCharges": {}, "otherItems": {}, "netIncome": -365911000, "netIncomeApplicableToCommonShares": -365911000}, {"maxAge": 1, "endDate": "2019-12-31", "totalRevenue": 1324521000, "costOfRevenue": 1277761000, "grossProfit": 46760000, "researchDevelopment": {}, "sellingGeneralAdministrative": 10419000, "nonRecurring": {}, "otherOperatingExpenses": 18651000, "totalOperatingExpenses": 1308748000, "operatingIncome": 15773000, "totalOtherIncomeExpenseNet": -2276000, "ebit": 15773000, "interestExpense": -23428000, "incomeBeforeTax": 13497000, "incomeTaxExpense": 1046000, "minorityInterest": 184670000, "netIncomeFromContinuingOps": 12451000, "discontinuedOperations": {}, "extraordinaryItems": {}, "effectOfAccountingCharges": {}, "otherItems": {}, "netIncome": 12451000, "netIncomeApplicableToCommonShares": 12451000}, {"maxAge": 1, "endDate": "2019-09-30", "totalRevenue": 1576850000, "costOfRevenue": 1531037000, "grossProfit": 45813000, "researchDevelopment": {}, "sellingGeneralAdministrative": 9478000, "nonRecurring": {}, "otherOperatingExpenses": 22795000, "totalOperatingExpenses": 1565258000, "operatingIncome": 11592000, "totalOtherIncomeExpenseNet": -1410000, "ebit": 11592000, "interestExpense": -33633000, "incomeBeforeTax": 10182000, "incomeTaxExpense": -824000, "minorityInterest": 184725000, "netIncomeFromContinuingOps": 11006000, "discontinuedOperations": {}, "extraordinaryItems": {}, "effectOfAccountingCharges": {}, "otherItems": {}, "netIncome": 11006000, "netIncomeApplicableToCommonShares": 11006000}], "maxAge": 86400}, "cashflowStatementHistoryQuarterly": {"cashflowStatements": [{"maxAge": 1, "endDate": "2020-06-30", "netIncome": -34248000, "changeToLiabilities": 0}, {"maxAge": 1, "endDate": "2020-03-31", "netIncome": -365911000, "changeToLiabilities": 0}, {"maxAge": 1, "endDate": "2019-12-31", "netIncome": 12451000, "changeToLiabilities": 0}, {"maxAge": 1, "endDate": "2019-09-30", "netIncome": 11006000, "changeToLiabilities": 0}], "maxAge": 86400}, "insiderHolders": {"holders": [{"maxAge": 1, "name": "Mahakosh Amusements Pvt. Ltd.", "relation": "Promoter", "url": "", "transactionDescription": "Sale", "latestTransDate": "2018-12-04", "positionDirect": 26000, "positionDirectDate": "2018-12-04"}, {"maxAge": 1, "name": "Shahra (Manish)", "relation": "Chairman of the Board", "url": "", "transactionDescription": "Acquisition", "latestTransDate": "2018-12-04", "positionDirect": 661952, "positionDirectDate": "2018-12-04"}, {"maxAge": 1, "name": "Shahra (Umesh)", "relation": "Promoter", "url": "", "transactionDescription": "Sale", "latestTransDate": "2018-12-03", "positionDirect": 0, "positionDirectDate": "2018-12-03"}, {"maxAge": 1, "name": "Shashwat Trust", "relation": "Institution- Corporation", "url": "", "transactionDescription": "Gift", "latestTransDate": "2018-12-24", "positionDirect": 109600, "positionDirectDate": "2018-12-24"}], "maxAge": 1}, "earnings": {"maxAge": 86400, "earningsChart": {"quarterly": [], "earningsDate": []}, "financialsChart": {"yearly": [{"date": 2017, "revenue": 4891488000, "earnings": 357836000}, {"date": 2018, "revenue": 6096708000, "earnings": 138223000}, {"date": 2019, "revenue": 6045382000, "earnings": -151935000}, {"date": 2020, "revenue": 4987307000, "earnings": -377666000}], "quarterly": [{"date": "3Q2019", "revenue": 1576850000, "earnings": 11006000}, {"date": "4Q2019", "revenue": 1324521000, "earnings": 12451000}, {"date": "1Q2020", "revenue": 929932000, "earnings": -365911000}, {"date": "2Q2020", "revenue": 86954000, "earnings": -34248000}]}, "financialCurrency": "INR"}, "calendarEvents": {"maxAge": 1, "earnings": {"earningsDate": []}}, "price": {"maxAge": 1, "regularMarketChangePercent": 0.031383708, "regularMarketChange": 0.43999958, "regularMarketTime": "2021-04-30 15:27:09", "priceHint": 2, "regularMarketPrice": 14.46, "regularMarketDayHigh": 14.5, "regularMarketDayLow": 13.55, "regularMarketVolume": 1174, "averageDailyVolume10Day": 12678, "averageDailyVolume3Month": 11036, "regularMarketPreviousClose": 14.02, "regularMarketSource": "FREE_REALTIME", "regularMarketOpen": 13.55, "exchange": "BSE", "exchangeName": "BSE", "exchangeDataDelayedBy": 0, "marketState": "CLOSED", "quoteType": "EQUITY", "symbol": "ANIKINDS.BO", "underlyingSymbol": null, "shortName": "ANIK INDUSTRIES LTD.", "longName": "Anik Industries Limited", "currency": "INR", "quoteSourceName": "Delayed Quote", "currencySymbol": "\u20b9", "fromCurrency": null, "toCurrency": null, "lastMarket": null, "marketCap": 401315616}, "balanceSheetHistory": {"balanceSheetStatements": [{"maxAge": 1, "endDate": "2020-03-31", "cash": 19861000, "netReceivables": 3477361000, "inventory": 502681000, "otherCurrentAssets": 498599000, "totalCurrentAssets": 4498502000, "longTermInvestments": 422684000, "propertyPlantEquipment": 730544000, "goodWill": 873447000, "otherAssets": 954766000, "deferredLongTermAssetCharges": 283175000, "totalAssets": 7479943000, "accountsPayable": 1029184000, "shortLongTermDebt": 769000, "otherCurrentLiab": 1896857000, "longTermDebt": 636902000, "otherLiab": 833000, "minorityInterest": 184670000, "totalCurrentLiabilities": 3016477000, "totalLiab": 3654212000, "commonStock": 277535000, "retainedEarnings": 2119027000, "capitalSurplus": 1244499000, "totalStockholderEquity": 3641061000, "netTangibleAssets": 2767614000}, {"maxAge": 1, "endDate": "2019-03-31", "cash": 31157000, "netReceivables": 3746522000, "inventory": 826312000, "otherCurrentAssets": 623706000, "totalCurrentAssets": 5227697000, "longTermInvestments": 338934000, "propertyPlantEquipment": 751821000, "goodWill": 873447000, "otherAssets": 753993000, "deferredLongTermAssetCharges": 90476000, "totalAssets": 7945892000, "accountsPayable": 1486544000, "shortLongTermDebt": 1511000, "otherCurrentLiab": 1535086000, "longTermDebt": 621001000, "otherLiab": 1173000, "minorityInterest": 184725000, "totalCurrentLiabilities": 3106193000, "totalLiab": 3728367000, "commonStock": 277535000, "retainedEarnings": 2510766000, "capitalSurplus": 1244499000, "totalStockholderEquity": 4032800000, "netTangibleAssets": 3159353000}, {"maxAge": 1, "endDate": "2018-03-31", "cash": 63402000, "shortTermInvestments": 1244000, "netReceivables": 3492765000, "inventory": 721053000, "otherCurrentAssets": 620214000, "totalCurrentAssets": 4898678000, "longTermInvestments": 229757000, "propertyPlantEquipment": 747400000, "goodWill": 873447000, "otherAssets": 470970000, "deferredLongTermAssetCharges": 10949000, "totalAssets": 7220252000, "accountsPayable": 1444345000, "shortLongTermDebt": 40000000, "otherCurrentLiab": 733607000, "longTermDebt": 471212000, "otherLiab": 3305000, "minorityInterest": 306535000, "totalCurrentLiabilities": 2227030000, "totalLiab": 2701547000, "commonStock": 277535000, "retainedEarnings": 2690136000, "capitalSurplus": 1244499000, "totalStockholderEquity": 4212170000, "netTangibleAssets": 3338723000}, {"maxAge": 1, "endDate": "2017-03-31", "cash": 160120000, "shortTermInvestments": 1134000, "netReceivables": 3101799000, "inventory": 644947000, "otherCurrentAssets": 611844000, "totalCurrentAssets": 4519844000, "longTermInvestments": 106002000, "propertyPlantEquipment": 798414000, "goodWill": 873447000, "otherAssets": 840447000, "deferredLongTermAssetCharges": 8549000, "totalAssets": 7138154000, "accountsPayable": 1665702000, "shortLongTermDebt": 40000000, "otherCurrentLiab": 1000034000, "longTermDebt": 39904000, "otherLiab": 3552000, "minorityInterest": 2635000, "totalCurrentLiabilities": 2714354000, "totalLiab": 2757810000, "commonStock": 277535000, "retainedEarnings": 2546542000, "capitalSurplus": 1553632000, "totalStockholderEquity": 4377709000, "netTangibleAssets": 3504262000}], "maxAge": 86400}, "earningsTrend": {"trend": [{"maxAge": 1, "period": "0q", "endDate": "2014-09-30", "growth": {}, "earningsEstimate": {"avg": 0.0, "low": 0.0, "high": 0.0, "yearAgoEps": {}, "numberOfAnalysts": 0, "growth": {}}, "revenueEstimate": {"avg": 0, "low": 0, "high": 0, "numberOfAnalysts": 0, "yearAgoRevenue": {}, "growth": {}}, "epsTrend": {"current": 0.0, "7daysAgo": 0.64, "30daysAgo": 0.64, "60daysAgo": 0.64, "90daysAgo": 0.64}, "epsRevisions": {"upLast7days": 0, "upLast30days": 0, "downLast30days": 0, "downLast90days": {}}}, {"maxAge": 1, "period": "+1q", "endDate": "2014-12-31", "growth": {}, "earningsEstimate": {"avg": 0.0, "low": 0.0, "high": 0.0, "yearAgoEps": {}, "numberOfAnalysts": 0, "growth": {}}, "revenueEstimate": {"avg": 0, "low": 0, "high": 0, "numberOfAnalysts": 0, "yearAgoRevenue": {}, "growth": {}}, "epsTrend": {"current": 0.0, "7daysAgo": 0.0, "30daysAgo": 0.0, "60daysAgo": 0.0, "90daysAgo": 0.0}, "epsRevisions": {"upLast7days": 0, "upLast30days": 0, "downLast30days": 0, "downLast90days": {}}}, {"maxAge": 1, "period": "0y", "endDate": "2019-03-31", "growth": {}, "earningsEstimate": {"avg": 0.0, "low": 0.0, "high": 0.0, "yearAgoEps": {}, "numberOfAnalysts": 0, "growth": {}}, "revenueEstimate": {"avg": 0, "low": 0, "high": 0, "numberOfAnalysts": 0, "yearAgoRevenue": {}, "growth": {}}, "epsTrend": {"current": 0.0, "7daysAgo": 0.0, "30daysAgo": 0.0, "60daysAgo": 0.0, "90daysAgo": 0.0}, "epsRevisions": {"upLast7days": 0, "upLast30days": 0, "downLast30days": 0, "downLast90days": {}}}, {"maxAge": 1, "period": "+1y", "endDate": "2015-03-31", "growth": {}, "earningsEstimate": {"avg": 0.0, "low": 0.0, "high": 0.0, "yearAgoEps": {}, "numberOfAnalysts": 0, "growth": {}}, "revenueEstimate": {"avg": 0, "low": 16131500000, "high": 16131500000, "numberOfAnalysts": 1, "yearAgoRevenue": {}, "growth": {}}, "epsTrend": {"current": 0.0, "7daysAgo": 4.81, "30daysAgo": 4.81, "60daysAgo": 4.81, "90daysAgo": 4.81}, "epsRevisions": {"upLast7days": 0, "upLast30days": 0, "downLast30days": 0, "downLast90days": {}}}, {"maxAge": 1, "period": "+5y", "endDate": null, "growth": {}, "earningsEstimate": {"avg": {}, "low": {}, "high": {}, "yearAgoEps": {}, "numberOfAnalysts": {}, "growth": {}}, "revenueEstimate": {"avg": {}, "low": {}, "high": {}, "numberOfAnalysts": {}, "yearAgoRevenue": {}, "growth": {}}, "epsTrend": {"current": {}, "7daysAgo": {}, "30daysAgo": {}, "60daysAgo": {}, "90daysAgo": {}}, "epsRevisions": {"upLast7days": {}, "upLast30days": {}, "downLast30days": {}, "downLast90days": {}}}, {"maxAge": 1, "period": "-5y", "endDate": null, "growth": {}, "earningsEstimate": {"avg": {}, "low": {}, "high": {}, "yearAgoEps": {}, "numberOfAnalysts": {}, "growth": {}}, "revenueEstimate": {"avg": {}, "low": {}, "high": {}, "numberOfAnalysts": {}, "yearAgoRevenue": {}, "growth": {}}, "epsTrend": {"current": {}, "7daysAgo": {}, "30daysAgo": {}, "60daysAgo": {}, "90daysAgo": {}}, "epsRevisions": {"upLast7days": {}, "upLast30days": {}, "downLast30days": {}, "downLast90days": {}}}], "maxAge": 1}, "financialData": {"maxAge": 86400, "currentPrice": 14.46, "targetHighPrice": 41.0, "targetLowPrice": 41.0, "targetMeanPrice": 41.0, "targetMedianPrice": 41.0, "recommendationKey": "none", "numberOfAnalystOpinions": 1, "grossProfits": 139510000, "financialCurrency": "INR"}}}