{"ANJANIFOODS.BO": {"cashflowStatementHistory": {"cashflowStatements": [{"maxAge": 1, "endDate": "2020-03-31", "netIncome": 4836000, "depreciation": 6433000, "changeToNetincome": 3658000, "changeToAccountReceivables": -352000, "changeToLiabilities": 3089000, "changeToInventory": 949000, "changeToOperatingActivities": 38638000, "totalCashFromOperatingActivities": 57161000, "capitalExpenditures": -47330000, "otherCashflowsFromInvestingActivities": 2419000, "totalCashflowsFromInvestingActivities": -44911000, "netBorrowings": -7867000, "otherCashflowsFromFinancingActivities": -3705000, "totalCashFromFinancingActivities": -11452000, "changeInCash": 798000, "issuanceOfStock": 120000}, {"maxAge": 1, "endDate": "2019-03-31", "netIncome": 127000, "depreciation": 5946000, "changeToNetincome": 4826000, "changeToAccountReceivables": 1450000, "changeToLiabilities": 3639000, "changeToInventory": -1317000, "changeToOperatingActivities": -13304000, "totalCashFromOperatingActivities": 1409000, "capitalExpenditures": -19846000, "otherCashflowsFromInvestingActivities": 708000, "totalCashflowsFromInvestingActivities": -12524000, "netBorrowings": 16143000, "otherCashflowsFromFinancingActivities": -3375000, "totalCashFromFinancingActivities": 12768000, "changeInCash": 1654000, "issuanceOfStock": 120000}, {"maxAge": 1, "endDate": "2018-03-31", "netIncome": -1746000, "depreciation": 6107000, "changeToNetincome": 3087000, "changeToAccountReceivables": -3365000, "changeToLiabilities": 9299000, "changeToInventory": -6379000, "changeToOperatingActivities": 18117000, "totalCashFromOperatingActivities": 24830000, "capitalExpenditures": -17993000, "otherCashflowsFromInvestingActivities": 360000, "totalCashflowsFromInvestingActivities": -14147000, "netBorrowings": -6494000, "otherCashflowsFromFinancingActivities": -3250000, "totalCashFromFinancingActivities": -9744000, "changeInCash": 938000, "issuanceOfStock": 120000}, {"maxAge": 1, "endDate": "2017-03-31", "netIncome": -7233000, "depreciation": 5678000, "changeToNetincome": 1920000, "changeToAccountReceivables": -1506000, "changeToLiabilities": 3224000, "changeToInventory": -1963000, "changeToOperatingActivities": 14430000, "totalCashFromOperatingActivities": 16179000, "capitalExpenditures": -15003000, "otherCashflowsFromInvestingActivities": 1608000, "totalCashflowsFromInvestingActivities": -12725000, "netBorrowings": 322000, "otherCashflowsFromFinancingActivities": -3982000, "totalCashFromFinancingActivities": -3660000, "changeInCash": -206000, "issuanceOfStock": 120000}], "maxAge": 86400}, "institutionOwnership": {"maxAge": 1, "ownershipList": []}, "balanceSheetHistoryQuarterly": {"balanceSheetStatements": [{"maxAge": 1, "endDate": "2020-06-30", "totalStockholderEquity": 92463000, "netTangibleAssets": 80602000}, {"maxAge": 1, "endDate": "2020-03-31", "cash": 5245000, "netReceivables": 29172000, "inventory": 30995000, "otherCurrentAssets": 3766000, "totalCurrentAssets": 69758000, "longTermInvestments": 50000, "propertyPlantEquipment": 189991000, "goodWill": 11569000, "intangibleAssets": 292000, "otherAssets": 3887000, "totalAssets": 275547000, "accountsPayable": 29345000, "shortLongTermDebt": 2400000, "otherCurrentLiab": 5610000, "longTermDebt": 17302000, "otherLiab": 97678000, "totalCurrentLiabilities": 68104000, "totalLiab": 183084000, "commonStock": 55898000, "retainedEarnings": 34352000, "capitalSurplus": 2213000, "totalStockholderEquity": 92463000, "netTangibleAssets": 80602000}, {"maxAge": 1, "endDate": "2019-12-31", "totalStockholderEquity": 90288000, "netTangibleAssets": 78383000}, {"maxAge": 1, "endDate": "2019-09-30", "cash": 4418000, "shortTermInvestments": 1931000, "netReceivables": 27342000, "inventory": 32856000, "otherCurrentAssets": 3193000, "totalCurrentAssets": 69740000, "longTermInvestments": 50000, "propertyPlantEquipment": 159440000, "goodWill": 11569000, "intangibleAssets": 336000, "otherAssets": 3013000, "deferredLongTermAssetCharges": 555000, "totalAssets": 244148000, "accountsPayable": 27960000, "otherCurrentLiab": 13742000, "longTermDebt": 18505000, "otherLiab": 64910000, "totalCurrentLiabilities": 70445000, "totalLiab": 153860000, "commonStock": 55778000, "treasuryStock": 34510000, "otherStockholderEquity": 34510000, "totalStockholderEquity": 90288000, "netTangibleAssets": 78383000}], "maxAge": 86400}, "indexTrend": {"maxAge": 1, "symbol": "SP5", "peRatio": 19.7411, "pegRatio": 1.34172, "estimates": [{"period": "0q", "growth": 0.549}, {"period": "+1q", "growth": 0.431}, {"period": "0y", "growth": 0.305}, {"period": "+1y", "growth": 0.109}, {"period": "+5y", "growth": 0.120859005}, {"period": "-5y"}]}, "insiderTransactions": {"transactions": [{"maxAge": 1, "shares": 797500, "filerUrl": "", "transactionText": "", "filerName": "Raju (Vishnu Kalidindi Venkata)", "filerRelation": "Promoter", "moneyText": "", "startDate": "2018-10-26", "ownership": "D"}, {"maxAge": 1, "shares": 41245, "filerUrl": "", "transactionText": "", "filerName": "Vissam (Aditya Kalidindi)", "filerRelation": "Promoter", "moneyText": "", "startDate": "2018-10-26", "ownership": "D"}], "maxAge": 1}, "quoteType": {"exchange": "BSE", "quoteType": "EQUITY", "symbol": "ANJANIFOODS.BO", "underlyingSymbol": "ANJANIFOODS.BO", "shortName": "Anjani Foods Limited", "longName": "Anjani Foods Limited", "firstTradeDateEpochUtc": "2010-04-28 09:15:00", "timeZoneFullName": "Asia/Kolkata", "timeZoneShortName": "IST", "uuid": "483f95e5-f49d-3e3c-a8b9-7a4e2444ebfe", "messageBoardId": null, "gmtOffSetMilliseconds": 19800000, "maxAge": 1}, "incomeStatementHistory": {"incomeStatementHistory": [{"maxAge": 1, "endDate": "2020-03-31", "totalRevenue": 275447000, "costOfRevenue": 151383000, "grossProfit": 124064000, "researchDevelopment": {}, "sellingGeneralAdministrative": 51056000, "nonRecurring": {}, "otherOperatingExpenses": 60411000, "totalOperatingExpenses": 269371000, "operatingIncome": 6076000, "totalOtherIncomeExpenseNet": -1181000, "ebit": 6076000, "interestExpense": -3305000, "incomeBeforeTax": 4895000, "incomeTaxExpense": 59000, "minorityInterest": {}, "netIncomeFromContinuingOps": 4836000, "discontinuedOperations": {}, "extraordinaryItems": {}, "effectOfAccountingCharges": {}, "otherItems": {}, "netIncome": 4836000, "netIncomeApplicableToCommonShares": 4836000}, {"maxAge": 1, "endDate": "2019-03-31", "totalRevenue": 233190000, "costOfRevenue": 134358000, "grossProfit": 98832000, "researchDevelopment": {}, "sellingGeneralAdministrative": 45991000, "nonRecurring": {}, "otherOperatingExpenses": 46333000, "totalOperatingExpenses": 232835000, "operatingIncome": 355000, "totalOtherIncomeExpenseNet": 985000, "ebit": 355000, "interestExpense": -2420000, "incomeBeforeTax": 1340000, "incomeTaxExpense": 1213000, "minorityInterest": {}, "netIncomeFromContinuingOps": 127000, "discontinuedOperations": {}, "extraordinaryItems": {}, "effectOfAccountingCharges": {}, "otherItems": {}, "netIncome": 127000, "netIncomeApplicableToCommonShares": 127000}, {"maxAge": 1, "endDate": "2018-03-31", "totalRevenue": 198784000, "costOfRevenue": 107586000, "grossProfit": 91198000, "researchDevelopment": {}, "sellingGeneralAdministrative": 48810000, "nonRecurring": {}, "otherOperatingExpenses": 36232000, "totalOperatingExpenses": 198742000, "operatingIncome": 42000, "totalOtherIncomeExpenseNet": 603000, "ebit": 42000, "interestExpense": -3171000, "incomeBeforeTax": 645000, "incomeTaxExpense": 2391000, "minorityInterest": {}, "netIncomeFromContinuingOps": -1746000, "discontinuedOperations": {}, "extraordinaryItems": {}, "effectOfAccountingCharges": {}, "otherItems": {}, "netIncome": -1746000, "netIncomeApplicableToCommonShares": -1746000}, {"maxAge": 1, "endDate": "2017-03-31", "totalRevenue": 228298000, "costOfRevenue": 157918000, "grossProfit": 70380000, "researchDevelopment": {}, "sellingGeneralAdministrative": 43027000, "nonRecurring": {}, "otherOperatingExpenses": 28239000, "totalOperatingExpenses": 234862000, "operatingIncome": -6564000, "totalOtherIncomeExpenseNet": -1279000, "ebit": -6564000, "interestExpense": -3987000, "incomeBeforeTax": -7843000, "incomeTaxExpense": -610000, "minorityInterest": {}, "netIncomeFromContinuingOps": -7233000, "discontinuedOperations": {}, "extraordinaryItems": {}, "effectOfAccountingCharges": {}, "otherItems": {}, "netIncome": -7233000, "netIncomeApplicableToCommonShares": -7233000}], "maxAge": 86400}, "fundOwnership": {"maxAge": 1, "ownershipList": []}, "summaryDetail": {"maxAge": 1, "priceHint": 2, "previousClose": 210.0, "open": 201.2, "dayLow": 201.2, "dayHigh": 209.0, "regularMarketPreviousClose": 210.0, "regularMarketOpen": 201.2, "regularMarketDayLow": 201.2, "regularMarketDayHigh": 209.0, "trailingPE": 125.9795, "volume": 2392, "regularMarketVolume": 2392, "averageVolume": 2751, "averageVolume10days": 4141, "averageDailyVolume10Day": 4141, "bid": 204.4, "ask": 209.0, "bidSize": 0, "askSize": 0, "marketCap": 1168264064, "fiftyTwoWeekLow": 6.32, "fiftyTwoWeekHigh": 209.0, "fiftyDayAverage": 156.98285, "twoHundredDayAverage": 86.96204, "currency": "INR", "fromCurrency": null, "toCurrency": null, "lastMarket": null, "algorithm": null, "tradeable": false}, "incomeStatementHistoryQuarterly": {"incomeStatementHistory": [{"maxAge": 1, "endDate": "2020-06-30", "totalRevenue": 60421000, "costOfRevenue": 26223000, "grossProfit": 34198000, "researchDevelopment": {}, "sellingGeneralAdministrative": 10869000, "nonRecurring": {}, "otherOperatingExpenses": 16673000, "totalOperatingExpenses": 55415000, "operatingIncome": 5006000, "totalOtherIncomeExpenseNet": -174000, "ebit": 5006000, "interestExpense": -824000, "incomeBeforeTax": 4832000, "incomeTaxExpense": 763000, "minorityInterest": {}, "netIncomeFromContinuingOps": 4069000, "discontinuedOperations": {}, "extraordinaryItems": {}, "effectOfAccountingCharges": {}, "otherItems": {}, "netIncome": 4069000, "netIncomeApplicableToCommonShares": 4069000}, {"maxAge": 1, "endDate": "2020-03-31", "totalRevenue": 65147000, "costOfRevenue": 40708000, "grossProfit": 24439000, "researchDevelopment": {}, "sellingGeneralAdministrative": 18841000, "nonRecurring": {}, "otherOperatingExpenses": 3574000, "totalOperatingExpenses": 64794000, "operatingIncome": 353000, "totalOtherIncomeExpenseNet": -145000, "ebit": 353000, "interestExpense": -393000, "incomeBeforeTax": 208000, "incomeTaxExpense": 759000, "minorityInterest": {}, "netIncomeFromContinuingOps": -551000, "discontinuedOperations": {}, "extraordinaryItems": {}, "effectOfAccountingCharges": {}, "otherItems": {}, "netIncome": -551000, "netIncomeApplicableToCommonShares": -551000}, {"maxAge": 1, "endDate": "2019-12-31", "totalRevenue": 75385000, "costOfRevenue": 40453000, "grossProfit": 34932000, "researchDevelopment": {}, "sellingGeneralAdministrative": 10693000, "nonRecurring": {}, "otherOperatingExpenses": 20041000, "totalOperatingExpenses": 72837000, "operatingIncome": 2548000, "totalOtherIncomeExpenseNet": -207000, "ebit": 2548000, "interestExpense": -831000, "incomeBeforeTax": 2341000, "incomeTaxExpense": 1584000, "minorityInterest": {}, "netIncomeFromContinuingOps": 757000, "discontinuedOperations": {}, "extraordinaryItems": {}, "effectOfAccountingCharges": {}, "otherItems": {}, "netIncome": 757000, "netIncomeApplicableToCommonShares": 757000}, {"maxAge": 1, "endDate": "2019-09-30", "totalRevenue": 75062000, "costOfRevenue": 38657000, "grossProfit": 36405000, "researchDevelopment": {}, "sellingGeneralAdministrative": 10757000, "nonRecurring": {}, "otherOperatingExpenses": 20340000, "totalOperatingExpenses": 71127000, "operatingIncome": 3935000, "totalOtherIncomeExpenseNet": -404000, "ebit": 3935000, "interestExpense": -1039000, "incomeBeforeTax": 3531000, "incomeTaxExpense": -1525000, "minorityInterest": {}, "netIncomeFromContinuingOps": 5056000, "discontinuedOperations": {}, "extraordinaryItems": {}, "effectOfAccountingCharges": {}, "otherItems": {}, "netIncome": 5056000, "netIncomeApplicableToCommonShares": 5056000}], "maxAge": 86400}, "cashflowStatementHistoryQuarterly": {"cashflowStatements": [{"maxAge": 1, "endDate": "2020-06-30", "netIncome": 4069000, "changeToLiabilities": 0}, {"maxAge": 1, "endDate": "2020-03-31", "netIncome": -551000, "changeToLiabilities": 0}, {"maxAge": 1, "endDate": "2019-12-31", "netIncome": 757000, "changeToLiabilities": 0}, {"maxAge": 1, "endDate": "2019-09-30", "netIncome": 5056000, "changeToLiabilities": 0}], "maxAge": 86400}, "insiderHolders": {"holders": [{"maxAge": 1, "name": "Raju (Vishnu Kalidindi Venkata)", "relation": "Promoter", "url": "", "transactionDescription": "Sale", "latestTransDate": "2018-10-26", "positionDirect": 2277900, "positionDirectDate": "2018-10-26"}, {"maxAge": 1, "name": "Vissam (Aditya Kalidindi)", "relation": "Promoter", "url": "", "transactionDescription": "Sale", "latestTransDate": "2018-10-26", "positionDirect": 136255, "positionDirectDate": "2018-10-26"}], "maxAge": 1}, "calendarEvents": {"maxAge": 1, "earnings": {"earningsDate": []}}, "price": {"maxAge": 1, "regularMarketChangePercent": -0.004761905, "regularMarketChange": -1.0, "regularMarketTime": "2021-04-30 13:41:51", "priceHint": 2, "regularMarketPrice": 209.0, "regularMarketDayHigh": 209.0, "regularMarketDayLow": 201.2, "regularMarketVolume": 2392, "averageDailyVolume10Day": 4141, "averageDailyVolume3Month": 2751, "regularMarketPreviousClose": 210.0, "regularMarketSource": "FREE_REALTIME", "regularMarketOpen": 201.2, "exchange": "BSE", "exchangeName": "BSE", "exchangeDataDelayedBy": 0, "marketState": "CLOSED", "quoteType": "EQUITY", "symbol": "ANJANIFOODS.BO", "underlyingSymbol": null, "shortName": "Anjani Foods Limited", "longName": "Anjani Foods Limited", "currency": "INR", "quoteSourceName": "Delayed Quote", "currencySymbol": "\u20b9", "fromCurrency": null, "toCurrency": null, "lastMarket": null, "marketCap": 1168264064}, "balanceSheetHistory": {"balanceSheetStatements": [{"maxAge": 1, "endDate": "2020-03-31", "cash": 5245000, "netReceivables": 29172000, "inventory": 30995000, "otherCurrentAssets": 3766000, "totalCurrentAssets": 69758000, "longTermInvestments": 50000, "propertyPlantEquipment": 189991000, "goodWill": 11569000, "intangibleAssets": 292000, "otherAssets": 3887000, "totalAssets": 275547000, "accountsPayable": 29345000, "shortLongTermDebt": 2400000, "otherCurrentLiab": 5610000, "longTermDebt": 17302000, "otherLiab": 97678000, "totalCurrentLiabilities": 68104000, "totalLiab": 183084000, "commonStock": 55898000, "retainedEarnings": 34352000, "capitalSurplus": 2213000, "totalStockholderEquity": 92463000, "netTangibleAssets": 80602000}, {"maxAge": 1, "endDate": "2019-03-31", "cash": 4447000, "netReceivables": 26531000, "inventory": 31943000, "otherCurrentAssets": 3945000, "totalCurrentAssets": 67308000, "longTermInvestments": 50000, "propertyPlantEquipment": 149094000, "goodWill": 11569000, "intangibleAssets": 380000, "otherAssets": 2479000, "totalAssets": 230880000, "accountsPayable": 26255000, "shortLongTermDebt": 2400000, "otherCurrentLiab": 552000, "longTermDebt": 26955000, "otherLiab": 62061000, "totalCurrentLiabilities": 56206000, "totalLiab": 145222000, "commonStock": 55778000, "retainedEarnings": 27667000, "capitalSurplus": 2213000, "totalStockholderEquity": 85658000, "netTangibleAssets": 73709000}, {"maxAge": 1, "endDate": "2018-03-31", "cash": 2795000, "netReceivables": 8432000, "inventory": 30626000, "otherCurrentAssets": 5901000, "totalCurrentAssets": 47878000, "longTermInvestments": 50000, "propertyPlantEquipment": 141004000, "goodWill": 12212000, "intangibleAssets": 111000, "otherAssets": 2315000, "totalAssets": 203570000, "accountsPayable": 22617000, "otherCurrentLiab": 694000, "longTermDebt": 11265000, "otherLiab": 54610000, "totalCurrentLiabilities": 53300000, "totalLiab": 119175000, "commonStock": 55778000, "retainedEarnings": 26404000, "capitalSurplus": 2213000, "totalStockholderEquity": 84395000, "netTangibleAssets": 72072000}, {"maxAge": 1, "endDate": "2017-03-31", "cash": 1857000, "netReceivables": 5013000, "inventory": 24248000, "otherCurrentAssets": 3604000, "totalCurrentAssets": 34769000, "longTermInvestments": 50000, "propertyPlantEquipment": 130350000, "goodWill": 12854000, "otherAssets": 3164000, "deferredLongTermAssetCharges": 1472000, "totalAssets": 181187000, "accountsPayable": 13318000, "otherCurrentLiab": 4012000, "longTermDebt": 15416000, "otherLiab": 30369000, "totalCurrentLiabilities": 48939000, "totalLiab": 94724000, "commonStock": 55778000, "retainedEarnings": 28472000, "capitalSurplus": 2213000, "totalStockholderEquity": 86463000, "netTangibleAssets": 73609000}], "maxAge": 86400}, "financialData": {"maxAge": 86400, "currentPrice": 209.0, "recommendationKey": "none", "grossProfits": 124064000, "financialCurrency": "INR"}}}