{"ANJANIFIN.BO": {"cashflowStatementHistory": {"cashflowStatements": [{"maxAge": 1, "endDate": "2020-03-31", "netIncome": 2574290, "depreciation": 59410, "changeToNetincome": 2777620, "changeToAccountReceivables": -1401790, "changeToLiabilities": 59930, "changeToOperatingActivities": -527500, "totalCashFromOperatingActivities": 3541960, "otherCashflowsFromFinancingActivities": -2704060, "totalCashFromFinancingActivities": -2704060, "changeInCash": 837900}, {"maxAge": 1, "endDate": "2019-03-31", "netIncome": 3901900, "depreciation": 59410, "changeToNetincome": 2446300, "changeToAccountReceivables": -100530, "changeToLiabilities": 599550, "changeToOperatingActivities": -2895690, "totalCashFromOperatingActivities": 4010940, "otherCashflowsFromFinancingActivities": -3433670, "totalCashFromFinancingActivities": -3433670, "changeInCash": 577270}, {"maxAge": 1, "endDate": "2018-03-31", "netIncome": 1157218, "depreciation": 243488, "changeToNetincome": 941177, "changeToAccountReceivables": 2432, "changeToLiabilities": 0, "changeToOperatingActivities": -11593086, "totalCashFromOperatingActivities": -9248771, "otherCashflowsFromFinancingActivities": -3433670, "totalCashFromFinancingActivities": -3433670, "changeInCash": -9248771}, {"maxAge": 1, "endDate": "2017-03-31", "netIncome": 3400946, "depreciation": 243489, "changeToNetincome": 924457, "changeToAccountReceivables": 2020840, "changeToLiabilities": 0, "changeToOperatingActivities": 2255739, "totalCashFromOperatingActivities": 8845471, "otherCashflowsFromFinancingActivities": -3433670, "totalCashFromFinancingActivities": -3433670, "changeInCash": 8845471}], "maxAge": 86400}, "institutionOwnership": {"maxAge": 1, "ownershipList": []}, "balanceSheetHistoryQuarterly": {"balanceSheetStatements": [{"maxAge": 1, "endDate": "2020-09-30", "cash": 14000, "netReceivables": 86878000, "otherCurrentAssets": 3617000, "totalCurrentAssets": 90509000, "longTermInvestments": 164208000, "propertyPlantEquipment": 1492000, "totalAssets": 256209000, "otherCurrentLiab": 225000, "longTermDebt": 62317000, "otherLiab": 224000, "totalCurrentLiabilities": 2879000, "totalLiab": 65420000, "commonStock": 101433000, "retainedEarnings": 89356000, "totalStockholderEquity": 190789000, "netTangibleAssets": 190789000}, {"maxAge": 1, "endDate": "2020-06-30", "totalStockholderEquity": 128771320, "netTangibleAssets": 128771320}, {"maxAge": 1, "endDate": "2020-03-31", "cash": 1784870, "netReceivables": 80712620, "otherCurrentAssets": 2655420, "totalCurrentAssets": 86156020, "longTermInvestments": 103663500, "propertyPlantEquipment": 1521900, "totalAssets": 191341420, "accountsPayable": 658410, "otherCurrentLiab": 149740, "longTermDebt": 60629200, "otherLiab": 224250, "totalCurrentLiabilities": 1716650, "totalLiab": 62570100, "commonStock": 101433000, "retainedEarnings": 27338320, "totalStockholderEquity": 128771320, "netTangibleAssets": 128771320}, {"maxAge": 1, "endDate": "2019-12-31", "totalStockholderEquity": 184317000, "netTangibleAssets": 184317000}], "maxAge": 86400}, "indexTrend": {"maxAge": 1, "symbol": "SP5", "peRatio": 19.7411, "pegRatio": 1.34172, "estimates": [{"period": "0q", "growth": 0.549}, {"period": "+1q", "growth": 0.431}, {"period": "0y", "growth": 0.305}, {"period": "+1y", "growth": 0.109}, {"period": "+5y", "growth": 0.120859005}, {"period": "-5y"}]}, "insiderTransactions": {"transactions": [{"maxAge": 1, "shares": 5000, "filerUrl": "", "transactionText": "", "filerName": "Nakhrali Dhani Hotels Pvt Ltd", "filerRelation": "Promoter", "moneyText": "", "startDate": "2016-02-29", "ownership": "D"}, {"maxAge": 1, "shares": 11846, "filerUrl": "", "transactionText": "", "filerName": "Nakhrali Dhani Hotels Pvt Ltd", "filerRelation": "Promoter", "moneyText": "", "startDate": "2016-02-24", "ownership": "D"}, {"maxAge": 1, "shares": 10000, "filerUrl": "", "transactionText": "", "filerName": "Agarwal Dal Mills Pvt. Ltd.", "filerRelation": "Promoter", "moneyText": "", "startDate": "2015-09-14", "ownership": "D"}, {"maxAge": 1, "shares": 16000, "filerUrl": "", "transactionText": "", "filerName": "Nakhrali Dhani Hotels Pvt Ltd", "filerRelation": "Promoter", "moneyText": "", "startDate": "2015-09-10", "ownership": "D"}], "maxAge": 1}, "quoteType": {"exchange": "BSE", "quoteType": "EQUITY", "symbol": "ANJANIFIN.BO", "underlyingSymbol": "ANJANIFIN.BO", "shortName": "ANJANI FINANCE LTD.", "longName": "Anjani Finance Limited", "firstTradeDateEpochUtc": "2002-11-13 09:15:00", "timeZoneFullName": "Asia/Kolkata", "timeZoneShortName": "IST", "uuid": "3ca6c806-e6b1-32e5-b272-b319ac823d1a", "messageBoardId": null, "gmtOffSetMilliseconds": 19800000, "maxAge": 1}, "incomeStatementHistory": {"incomeStatementHistory": [{"maxAge": 1, "endDate": "2020-03-31", "totalRevenue": 9268650, "costOfRevenue": 0, "grossProfit": 9268650, "researchDevelopment": {}, "sellingGeneralAdministrative": 866420, "nonRecurring": {}, "otherOperatingExpenses": 2364620, "totalOperatingExpenses": 3290450, "operatingIncome": 5978200, "totalOtherIncomeExpenseNet": -2707780, "ebit": 5978200, "interestExpense": -2704060, "incomeBeforeTax": 3270420, "incomeTaxExpense": 696130, "minorityInterest": {}, "netIncomeFromContinuingOps": 2574290, "discontinuedOperations": {}, "extraordinaryItems": {}, "effectOfAccountingCharges": {}, "otherItems": {}, "netIncome": 2574290, "netIncomeApplicableToCommonShares": 2574290}, {"maxAge": 1, "endDate": "2019-03-31", "totalRevenue": 9782120, "costOfRevenue": 0, "grossProfit": 9782120, "researchDevelopment": {}, "sellingGeneralAdministrative": 1206100, "nonRecurring": {}, "otherOperatingExpenses": 1767140, "totalOperatingExpenses": 3032650, "operatingIncome": 6749470, "totalOtherIncomeExpenseNet": -3436770, "ebit": 6749470, "interestExpense": -3433670, "incomeBeforeTax": 3312700, "incomeTaxExpense": -589200, "minorityInterest": {}, "netIncomeFromContinuingOps": 3901900, "discontinuedOperations": {}, "extraordinaryItems": {}, "effectOfAccountingCharges": {}, "otherItems": {}, "netIncome": 3901900, "netIncomeApplicableToCommonShares": 3901900}, {"maxAge": 1, "endDate": "2018-03-31", "totalRevenue": 8273182, "costOfRevenue": 0, "grossProfit": 8273182, "researchDevelopment": {}, "sellingGeneralAdministrative": 1173264, "nonRecurring": {}, "otherOperatingExpenses": 1739849, "totalOperatingExpenses": 3156601, "operatingIncome": 5116581, "totalOtherIncomeExpenseNet": -3648855, "ebit": 5116581, "interestExpense": -3645982, "incomeBeforeTax": 1467726, "incomeTaxExpense": 310508, "minorityInterest": {}, "netIncomeFromContinuingOps": 1157218, "discontinuedOperations": {}, "extraordinaryItems": {}, "effectOfAccountingCharges": {}, "otherItems": {}, "netIncome": 1157218, "netIncomeApplicableToCommonShares": 1157218}, {"maxAge": 1, "endDate": "2017-03-31", "totalRevenue": 10631764, "costOfRevenue": 0, "grossProfit": 10631764, "researchDevelopment": {}, "sellingGeneralAdministrative": 907495, "nonRecurring": {}, "otherOperatingExpenses": 1742326, "totalOperatingExpenses": 2893310, "operatingIncome": 7738454, "totalOtherIncomeExpenseNet": -4045091, "ebit": 7738454, "interestExpense": -4041984, "incomeBeforeTax": 3693363, "incomeTaxExpense": 292417, "minorityInterest": {}, "netIncomeFromContinuingOps": 3400946, "discontinuedOperations": {}, "extraordinaryItems": {}, "effectOfAccountingCharges": {}, "otherItems": {}, "netIncome": 3400946, "netIncomeApplicableToCommonShares": 3400946}], "maxAge": 86400}, "fundOwnership": {"maxAge": 1, "ownershipList": []}, "summaryDetail": {"maxAge": 1, "priceHint": 2, "previousClose": 6.46, "open": 6.58, "dayLow": 6.58, "dayHigh": 6.58, "regularMarketPreviousClose": 6.46, "regularMarketOpen": 6.58, "regularMarketDayLow": 6.58, "regularMarketDayHigh": 6.58, "trailingPE": 48.38235, "volume": 104, "regularMarketVolume": 104, "averageVolume": 11925, "averageVolume10days": 24713, "averageDailyVolume10Day": 24713, "bid": 6.58, "ask": 0.0, "bidSize": 0, "askSize": 0, "marketCap": 66742912, "fiftyTwoWeekLow": 0.86, "fiftyTwoWeekHigh": 6.58, "fiftyDayAverage": 3.0542858, "twoHundredDayAverage": 1.5706569, "currency": "INR", "fromCurrency": null, "toCurrency": null, "lastMarket": null, "algorithm": null, "tradeable": false}, "incomeStatementHistoryQuarterly": {"incomeStatementHistory": [{"maxAge": 1, "endDate": "2020-09-30", "totalRevenue": 3133000, "costOfRevenue": 0, "grossProfit": 3133000, "researchDevelopment": {}, "sellingGeneralAdministrative": 182000, "nonRecurring": {}, "otherOperatingExpenses": 832000, "totalOperatingExpenses": 1029000, "operatingIncome": 2104000, "totalOtherIncomeExpenseNet": -1628000, "ebit": 2104000, "interestExpense": -1251000, "incomeBeforeTax": 476000, "incomeTaxExpense": 225000, "minorityInterest": {}, "netIncomeFromContinuingOps": 251000, "discontinuedOperations": {}, "extraordinaryItems": {}, "effectOfAccountingCharges": {}, "otherItems": {}, "netIncome": 251000, "netIncomeApplicableToCommonShares": 251000}, {"maxAge": 1, "endDate": "2020-06-30", "totalRevenue": 3289000, "costOfRevenue": 0, "grossProfit": 3289000, "researchDevelopment": {}, "sellingGeneralAdministrative": 181000, "nonRecurring": {}, "otherOperatingExpenses": 1034000, "totalOperatingExpenses": 1230000, "operatingIncome": 2059000, "totalOtherIncomeExpenseNet": -1213000, "ebit": 2059000, "interestExpense": -1213000, "incomeBeforeTax": 846000, "incomeTaxExpense": 1000, "minorityInterest": {}, "netIncomeFromContinuingOps": 845000, "discontinuedOperations": {}, "extraordinaryItems": {}, "effectOfAccountingCharges": {}, "otherItems": {}, "netIncome": 845000, "netIncomeApplicableToCommonShares": 845000}, {"maxAge": 1, "endDate": "2020-03-31", "totalRevenue": 2437650, "costOfRevenue": 0, "grossProfit": 2437650, "researchDevelopment": {}, "sellingGeneralAdministrative": -1587580, "nonRecurring": {}, "otherOperatingExpenses": 2364620, "totalOperatingExpenses": 792450, "operatingIncome": 1645200, "totalOtherIncomeExpenseNet": -1042780, "ebit": 1645200, "interestExpense": -1039060, "incomeBeforeTax": 602420, "incomeTaxExpense": 246130, "minorityInterest": {}, "netIncomeFromContinuingOps": 356290, "discontinuedOperations": {}, "extraordinaryItems": {}, "effectOfAccountingCharges": {}, "otherItems": {}, "netIncome": 356290, "netIncomeApplicableToCommonShares": 356290}, {"maxAge": 1, "endDate": "2019-12-31", "totalRevenue": 750000, "costOfRevenue": 0, "grossProfit": 750000, "researchDevelopment": {}, "sellingGeneralAdministrative": 358000, "nonRecurring": {}, "otherOperatingExpenses": 2364620, "totalOperatingExpenses": 372000, "operatingIncome": 378000, "totalOtherIncomeExpenseNet": -592000, "ebit": 378000, "interestExpense": -592000, "incomeBeforeTax": -214000, "incomeTaxExpense": 100000, "minorityInterest": {}, "netIncomeFromContinuingOps": -314000, "discontinuedOperations": {}, "extraordinaryItems": {}, "effectOfAccountingCharges": {}, "otherItems": {}, "netIncome": -314000, "netIncomeApplicableToCommonShares": -314000}], "maxAge": 86400}, "cashflowStatementHistoryQuarterly": {"cashflowStatements": [{"maxAge": 1, "endDate": "2020-09-30", "netIncome": 251000, "changeToLiabilities": 0}, {"maxAge": 1, "endDate": "2020-06-30", "netIncome": 845000, "changeToLiabilities": 0}, {"maxAge": 1, "endDate": "2020-03-31", "netIncome": 356290, "changeToLiabilities": 0}, {"maxAge": 1, "endDate": "2019-12-31", "netIncome": -314000, "changeToLiabilities": 0}], "maxAge": 86400}, "insiderHolders": {"holders": [{"maxAge": 1, "name": "Agarwal Dal Mills Pvt. Ltd.", "relation": "Promoter", "url": "", "transactionDescription": "Acquisition", "latestTransDate": "2015-09-14", "positionDirect": 920500, "positionDirectDate": "2015-09-14"}, {"maxAge": 1, "name": "Nakhrali Dhani Hotels Pvt Ltd", "relation": "Promoter", "url": "", "transactionDescription": "Acquisition", "latestTransDate": "2016-02-29", "positionDirect": 867979, "positionDirectDate": "2016-02-29"}], "maxAge": 1}, "calendarEvents": {"maxAge": 1, "earnings": {"earningsDate": []}}, "price": {"maxAge": 1, "regularMarketChangePercent": 0.018575834, "regularMarketChange": 0.119999886, "regularMarketTime": "2021-04-30 13:15:00", "priceHint": 2, "regularMarketPrice": 6.58, "regularMarketDayHigh": 6.58, "regularMarketDayLow": 6.58, "regularMarketVolume": 104, "averageDailyVolume10Day": 24713, "averageDailyVolume3Month": 11925, "regularMarketPreviousClose": 6.46, "regularMarketSource": "FREE_REALTIME", "regularMarketOpen": 6.58, "exchange": "BSE", "exchangeName": "BSE", "exchangeDataDelayedBy": 0, "marketState": "CLOSED", "quoteType": "EQUITY", "symbol": "ANJANIFIN.BO", "underlyingSymbol": null, "shortName": "ANJANI FINANCE LTD.", "longName": "Anjani Finance Limited", "currency": "INR", "quoteSourceName": "Delayed Quote", "currencySymbol": "\u20b9", "fromCurrency": null, "toCurrency": null, "lastMarket": null, "marketCap": 66742912}, "balanceSheetHistory": {"balanceSheetStatements": [{"maxAge": 1, "endDate": "2020-03-31", "cash": 1784870, "netReceivables": 80712620, "otherCurrentAssets": 2655420, "totalCurrentAssets": 86156020, "longTermInvestments": 103663500, "propertyPlantEquipment": 1521900, "totalAssets": 191341420, "accountsPayable": 658410, "otherCurrentLiab": 149740, "longTermDebt": 60629200, "otherLiab": 224250, "totalCurrentLiabilities": 1716650, "totalLiab": 62570100, "commonStock": 101433000, "retainedEarnings": 27338320, "totalStockholderEquity": 128771320, "netTangibleAssets": 128771320}, {"maxAge": 1, "endDate": "2019-03-31", "cash": 946980, "netReceivables": 42125610, "otherCurrentAssets": 2655420, "totalCurrentAssets": 46670930, "longTermInvestments": 103663500, "propertyPlantEquipment": 1581310, "totalAssets": 151915740, "accountsPayable": 598490, "otherCurrentLiab": 123550, "longTermDebt": 23670550, "otherLiab": 176880, "totalCurrentLiabilities": 1871280, "totalLiab": 25718710, "commonStock": 101433000, "retainedEarnings": 24764030, "totalStockholderEquity": 126197030, "netTangibleAssets": 126197030}, {"maxAge": 1, "endDate": "2018-03-31", "cash": 369710, "netReceivables": 564981, "otherCurrentAssets": 2658790, "totalCurrentAssets": 3593481, "longTermInvestments": 103663500, "propertyPlantEquipment": 1640719, "otherAssets": 58787722, "totalAssets": 167685422, "otherCurrentLiab": 1126067, "longTermDebt": 43655254, "otherLiab": 160668, "totalCurrentLiabilities": 1574371, "totalLiab": 45390293, "commonStock": 101433000, "retainedEarnings": 20862129, "totalStockholderEquity": 122295129, "netTangibleAssets": 122295129}, {"maxAge": 1, "endDate": "2017-03-31", "cash": 9618482, "netReceivables": 2709224, "totalCurrentAssets": 12327706, "longTermInvestments": 103663500, "propertyPlantEquipment": 1884207, "otherAssets": 44527407, "totalAssets": 162402820, "otherCurrentLiab": 191861, "longTermDebt": 40381747, "otherLiab": 190499, "totalCurrentLiabilities": 692663, "totalLiab": 41264909, "commonStock": 101433000, "retainedEarnings": 19704911, "totalStockholderEquity": 121137911, "netTangibleAssets": 121137911}], "maxAge": 86400}, "financialData": {"maxAge": 86400, "currentPrice": 6.58, "recommendationKey": "none", "grossProfits": 9268650, "financialCurrency": "INR"}}}