{"ANKITMETAL.BO": {"recommendationTrend": {"trend": [{"period": "0m", "strongBuy": 0, "buy": 0, "hold": 0, "sell": 0, "strongSell": 0}, {"period": "-1m", "strongBuy": 0, "buy": 0, "hold": 0, "sell": 0, "strongSell": 0}, {"period": "-2m", "strongBuy": 0, "buy": 0, "hold": 0, "sell": 0, "strongSell": 0}, {"period": "-3m", "strongBuy": 0, "buy": 0, "hold": 0, "sell": 0, "strongSell": 0}], "maxAge": 86400}, "cashflowStatementHistory": {"cashflowStatements": [{"maxAge": 1, "endDate": "2020-03-31", "netIncome": -750446000, "depreciation": 511338000, "changeToNetincome": 434077000, "changeToAccountReceivables": 353743000, "changeToLiabilities": -510126000, "changeToInventory": -6018000, "changeToOperatingActivities": 2086160000, "totalCashFromOperatingActivities": 2118728000, "investments": -9000, "otherCashflowsFromInvestingActivities": 611000, "totalCashflowsFromInvestingActivities": 646000, "netBorrowings": -2003504000, "otherCashflowsFromFinancingActivities": -116112000, "totalCashFromFinancingActivities": -2119616000, "changeInCash": -242000}, {"maxAge": 1, "endDate": "2019-03-31", "netIncome": -922650000, "depreciation": 449080000, "changeToNetincome": 25282000, "changeToAccountReceivables": 26142000, "changeToLiabilities": -22421000, "changeToInventory": 146709000, "changeToOperatingActivities": 1686948000, "totalCashFromOperatingActivities": 1389090000, "capitalExpenditures": -597000, "investments": -208000, "otherCashflowsFromInvestingActivities": 579000, "totalCashflowsFromInvestingActivities": -226000, "netBorrowings": -1349297000, "otherCashflowsFromFinancingActivities": -55315000, "totalCashFromFinancingActivities": -1404612000, "changeInCash": -15748000}, {"maxAge": 1, "endDate": "2018-03-31", "netIncome": -1812986000, "depreciation": 412149000, "changeToNetincome": 615641000, "changeToAccountReceivables": 1054634000, "changeToLiabilities": -78729000, "changeToInventory": -189868000, "changeToOperatingActivities": 1079180000, "totalCashFromOperatingActivities": 1080021000, "capitalExpenditures": -597000, "investments": 39724000, "otherCashflowsFromInvestingActivities": 1671000, "totalCashflowsFromInvestingActivities": 41663000, "netBorrowings": -1020538000, "otherCashflowsFromFinancingActivities": -105665000, "totalCashFromFinancingActivities": -1126203000, "changeInCash": -4519000}, {"maxAge": 1, "endDate": "2017-03-31", "netIncome": -2992966000, "depreciation": 404983000, "changeToNetincome": 146632000, "changeToAccountReceivables": 514229000, "changeToLiabilities": 163512000, "changeToInventory": 1995040000, "changeToOperatingActivities": 609197000, "totalCashFromOperatingActivities": 840975000, "capitalExpenditures": -100037000, "investments": 36263000, "otherCashflowsFromInvestingActivities": 5169000, "totalCashflowsFromInvestingActivities": -58605000, "netBorrowings": -792789000, "otherCashflowsFromFinancingActivities": -15034000, "totalCashFromFinancingActivities": -807823000, "changeInCash": -25453000}], "maxAge": 86400}, "institutionOwnership": {"maxAge": 1, "ownershipList": []}, "balanceSheetHistoryQuarterly": {"balanceSheetStatements": [{"maxAge": 1, "endDate": "2020-06-30", "totalStockholderEquity": -6587287000, "netTangibleAssets": -6587287000}, {"maxAge": 1, "endDate": "2020-03-31", "cash": 6211000, "netReceivables": 1201010000, "inventory": 5313767000, "otherCurrentAssets": 723511000, "totalCurrentAssets": 7244499000, "longTermInvestments": 1219000, "propertyPlantEquipment": 5481995000, "otherAssets": 26384000, "totalAssets": 12754097000, "accountsPayable": 4953562000, "otherCurrentLiab": 7400376000, "longTermDebt": 2762157000, "totalCurrentLiabilities": 16579227000, "totalLiab": 19341384000, "commonStock": 1411105000, "treasuryStock": -7998392000, "otherStockholderEquity": -7998392000, "totalStockholderEquity": -6587287000, "netTangibleAssets": -6587287000}, {"maxAge": 1, "endDate": "2019-12-31", "totalStockholderEquity": -6253724000, "netTangibleAssets": -6253724000}, {"maxAge": 1, "endDate": "2019-09-30", "cash": 7910000, "netReceivables": 2792551000, "inventory": 5238317000, "otherCurrentAssets": 1112700000, "totalCurrentAssets": 9151478000, "longTermInvestments": 1219000, "propertyPlantEquipment": 5749832000, "otherAssets": 31191000, "totalAssets": 14933720000, "accountsPayable": 6464713000, "otherCurrentLiab": 6623311000, "longTermDebt": 3857542000, "totalCurrentLiabilities": 17329902000, "totalLiab": 21187444000, "commonStock": 1411105000, "treasuryStock": -7664829000, "otherStockholderEquity": -7664829000, "totalStockholderEquity": -6253724000, "netTangibleAssets": -6253724000}], "maxAge": 86400}, "earningsHistory": {"history": [{"maxAge": 1, "epsActual": {}, "epsEstimate": {}, "epsDifference": {}, "surprisePercent": {}, "quarter": {}, "period": "-4q"}, {"maxAge": 1, "epsActual": {}, "epsEstimate": {}, "epsDifference": {}, "surprisePercent": {}, "quarter": {}, "period": "-3q"}, {"maxAge": 1, "epsActual": {}, "epsEstimate": {}, "epsDifference": {}, "surprisePercent": {}, "quarter": {}, "period": "-2q"}, {"maxAge": 1, "epsActual": {}, "epsEstimate": {}, "epsDifference": {}, "surprisePercent": {}, "quarter": {}, "period": "-1q"}], "maxAge": 86400}, "indexTrend": {"maxAge": 1, "symbol": "SP5", "peRatio": 19.7411, "pegRatio": 1.34172, "estimates": [{"period": "0q", "growth": 0.549}, {"period": "+1q", "growth": 0.431}, {"period": "0y", "growth": 0.305}, {"period": "+1y", "growth": 0.109}, {"period": "+5y", "growth": 0.120865}, {"period": "-5y"}]}, "industryTrend": {"maxAge": 1, "symbol": null, "estimates": []}, "insiderTransactions": {"transactions": [{"maxAge": 1, "shares": 3520000, "filerUrl": "", "transactionText": "", "filerName": "Arthodock Vinimay Pvt Ltd", "filerRelation": "Promoter", "moneyText": "", "startDate": "2013-10-25", "ownership": "D"}, {"maxAge": 1, "shares": 770000, "filerUrl": "", "transactionText": "", "filerName": "Invesco Finance Pvt. Ltd.", "filerRelation": "Promoter", "moneyText": "", "startDate": "2013-10-25", "ownership": "D"}, {"maxAge": 1, "shares": 3251500, "filerUrl": "", "transactionText": "", "filerName": "Nucore Exports Pvt Ltd", "filerRelation": "Promoter", "moneyText": "", "startDate": "2013-10-25", "ownership": "D"}, {"maxAge": 1, "shares": 5565000, "filerUrl": "", "transactionText": "", "filerName": "Shreyansh Leafin Pvt Ltd", "filerRelation": "Promoter", "moneyText": "", "startDate": "2013-10-25", "ownership": "D"}, {"maxAge": 1, "shares": 285000, "filerUrl": "", "transactionText": "", "filerName": "VNG Mercantiles Pvt Ltd", "filerRelation": "Promoter", "moneyText": "", "startDate": "2013-10-25", "ownership": "D"}, {"maxAge": 1, "shares": 4687500, "filerUrl": "", "transactionText": "", "filerName": "Whitestone Supplier Pvt Ltd", "filerRelation": "Promoter", "moneyText": "", "startDate": "2013-10-25", "ownership": "D"}], "maxAge": 1}, "quoteType": {"exchange": "BSE", "quoteType": "EQUITY", "symbol": "ANKITMETAL.BO", "underlyingSymbol": "ANKITMETAL.BO", "shortName": "ANKIT METAL & POWER LTD.", "longName": "Ankit Metal & Power Limited", "firstTradeDateEpochUtc": "2007-07-10 09:15:00", "timeZoneFullName": "Asia/Kolkata", "timeZoneShortName": "IST", "uuid": "9ac06420-40b7-3b96-bca1-817bf2e77dab", "messageBoardId": null, "gmtOffSetMilliseconds": 19800000, "maxAge": 1}, "incomeStatementHistory": {"incomeStatementHistory": [{"maxAge": 1, "endDate": "2020-03-31", "totalRevenue": 5482770000, "costOfRevenue": 4540001000, "grossProfit": 942769000, "researchDevelopment": {}, "sellingGeneralAdministrative": 206301000, "nonRecurring": {}, "otherOperatingExpenses": 533871000, "totalOperatingExpenses": 5791511000, "operatingIncome": -308741000, "totalOtherIncomeExpenseNet": -441705000, "ebit": -308741000, "interestExpense": -442316000, "incomeBeforeTax": -750446000, "incomeTaxExpense": 0, "minorityInterest": {}, "netIncomeFromContinuingOps": -750446000, "discontinuedOperations": {}, "extraordinaryItems": {}, "effectOfAccountingCharges": {}, "otherItems": {}, "netIncome": -750446000, "netIncomeApplicableToCommonShares": -750446000}, {"maxAge": 1, "endDate": "2019-03-31", "totalRevenue": 4091341000, "costOfRevenue": 3639218000, "grossProfit": 452123000, "researchDevelopment": {}, "sellingGeneralAdministrative": 130309000, "nonRecurring": {}, "otherOperatingExpenses": 764480000, "totalOperatingExpenses": 4983087000, "operatingIncome": -891746000, "totalOtherIncomeExpenseNet": -30904000, "ebit": -891746000, "interestExpense": -25581000, "incomeBeforeTax": -922650000, "incomeTaxExpense": 0, "minorityInterest": {}, "netIncomeFromContinuingOps": -922650000, "discontinuedOperations": {}, "extraordinaryItems": {}, "effectOfAccountingCharges": {}, "otherItems": {}, "netIncome": -922650000, "netIncomeApplicableToCommonShares": -922650000}, {"maxAge": 1, "endDate": "2018-03-31", "totalRevenue": 1877989000, "costOfRevenue": 2132992000, "grossProfit": -255003000, "researchDevelopment": {}, "sellingGeneralAdministrative": 7615000, "nonRecurring": {}, "otherOperatingExpenses": 522238000, "totalOperatingExpenses": 3074994000, "operatingIncome": -1197005000, "totalOtherIncomeExpenseNet": -615981000, "ebit": -1197005000, "interestExpense": -613796000, "incomeBeforeTax": -1812986000, "incomeTaxExpense": 0, "minorityInterest": {}, "netIncomeFromContinuingOps": -1812986000, "discontinuedOperations": {}, "extraordinaryItems": {}, "effectOfAccountingCharges": {}, "otherItems": {}, "netIncome": -1812986000, "netIncomeApplicableToCommonShares": -1812986000}, {"maxAge": 1, "endDate": "2017-03-31", "totalRevenue": 259650000, "costOfRevenue": 2279931000, "grossProfit": -2020281000, "researchDevelopment": {}, "sellingGeneralAdministrative": 5653000, "nonRecurring": {}, "otherOperatingExpenses": 173450000, "totalOperatingExpenses": 3004664000, "operatingIncome": -2745014000, "totalOtherIncomeExpenseNet": -247952000, "ebit": -2745014000, "interestExpense": -148918000, "incomeBeforeTax": -2992966000, "incomeTaxExpense": 0, "minorityInterest": {}, "netIncomeFromContinuingOps": -2992966000, "discontinuedOperations": {}, "extraordinaryItems": {}, "effectOfAccountingCharges": {}, "otherItems": {}, "netIncome": -2992966000, "netIncomeApplicableToCommonShares": -2992966000}], "maxAge": 86400}, "fundOwnership": {"maxAge": 1, "ownershipList": []}, "summaryDetail": {"maxAge": 1, "priceHint": 4, "previousClose": 0.96, "open": 1.0, "dayLow": 0.97, "dayHigh": 1.0, "regularMarketPreviousClose": 0.96, "regularMarketOpen": 1.0, "regularMarketDayLow": 0.97, "regularMarketDayHigh": 1.0, "volume": 14653, "regularMarketVolume": 14653, "averageVolume": 39343, "averageVolume10days": 17676, "averageDailyVolume10Day": 17676, "bid": 0.95, "ask": 1.0, "bidSize": 0, "askSize": 0, "marketCap": 139698896, "fiftyTwoWeekLow": 0.35, "fiftyTwoWeekHigh": 2.03, "fiftyDayAverage": 1.4251429, "twoHundredDayAverage": 1.1126277, "currency": "INR", "fromCurrency": null, "toCurrency": null, "lastMarket": null, "algorithm": null, "tradeable": false}, "sectorTrend": {"maxAge": 1, "symbol": null, "estimates": []}, "incomeStatementHistoryQuarterly": {"incomeStatementHistory": [{"maxAge": 1, "endDate": "2020-06-30", "totalRevenue": 717822000, "costOfRevenue": 680015000, "grossProfit": 37807000, "researchDevelopment": {}, "sellingGeneralAdministrative": 7557000, "nonRecurring": {}, "otherOperatingExpenses": 128421000, "totalOperatingExpenses": 911993000, "operatingIncome": -194171000, "totalOtherIncomeExpenseNet": -69556000, "ebit": -194171000, "interestExpense": -69728000, "incomeBeforeTax": -263727000, "incomeTaxExpense": 0, "minorityInterest": {}, "netIncomeFromContinuingOps": -263727000, "discontinuedOperations": {}, "extraordinaryItems": {}, "effectOfAccountingCharges": {}, "otherItems": {}, "netIncome": -263727000, "netIncomeApplicableToCommonShares": -263727000}, {"maxAge": 1, "endDate": "2020-03-31", "totalRevenue": 1517966000, "costOfRevenue": 1234383000, "grossProfit": 283583000, "researchDevelopment": {}, "sellingGeneralAdministrative": 44370000, "nonRecurring": {}, "otherOperatingExpenses": 54069000, "totalOperatingExpenses": 1461875000, "operatingIncome": 56091000, "totalOtherIncomeExpenseNet": -417314000, "ebit": 56091000, "interestExpense": -417486000, "incomeBeforeTax": -361223000, "incomeTaxExpense": 0, "minorityInterest": {}, "netIncomeFromContinuingOps": -361223000, "discontinuedOperations": {}, "extraordinaryItems": {}, "effectOfAccountingCharges": {}, "otherItems": {}, "netIncome": -361223000, "netIncomeApplicableToCommonShares": -361223000}, {"maxAge": 1, "endDate": "2019-12-31", "totalRevenue": 1117495000, "costOfRevenue": 694494000, "grossProfit": 423001000, "researchDevelopment": {}, "sellingGeneralAdministrative": 40806000, "nonRecurring": {}, "otherOperatingExpenses": 179017000, "totalOperatingExpenses": 1053097000, "operatingIncome": 64398000, "totalOtherIncomeExpenseNet": -29349000, "ebit": 64398000, "interestExpense": -29495000, "incomeBeforeTax": 35049000, "incomeTaxExpense": 0, "minorityInterest": {}, "netIncomeFromContinuingOps": 35049000, "discontinuedOperations": {}, "extraordinaryItems": {}, "effectOfAccountingCharges": {}, "otherItems": {}, "netIncome": 35049000, "netIncomeApplicableToCommonShares": 35049000}, {"maxAge": 1, "endDate": "2019-09-30", "totalRevenue": 1387362000, "costOfRevenue": 1147139000, "grossProfit": 240223000, "researchDevelopment": {}, "sellingGeneralAdministrative": 60717000, "nonRecurring": {}, "otherOperatingExpenses": 161601000, "totalOperatingExpenses": 1491375000, "operatingIncome": -104013000, "totalOtherIncomeExpenseNet": -26575000, "ebit": -104013000, "interestExpense": -26721000, "incomeBeforeTax": -130588000, "incomeTaxExpense": 0, "minorityInterest": {}, "netIncomeFromContinuingOps": -130588000, "discontinuedOperations": {}, "extraordinaryItems": {}, "effectOfAccountingCharges": {}, "otherItems": {}, "netIncome": -130588000, "netIncomeApplicableToCommonShares": -130588000}], "maxAge": 86400}, "cashflowStatementHistoryQuarterly": {"cashflowStatements": [{"maxAge": 1, "endDate": "2020-06-30", "netIncome": -263727000, "changeToLiabilities": 0}, {"maxAge": 1, "endDate": "2020-03-31", "netIncome": -361223000, "changeToLiabilities": 0}, {"maxAge": 1, "endDate": "2019-12-31", "netIncome": 35049000, "changeToLiabilities": 0}, {"maxAge": 1, "endDate": "2019-09-30", "netIncome": -130588000, "changeToLiabilities": 0}], "maxAge": 86400}, "insiderHolders": {"holders": [{"maxAge": 1, "name": "Arthodock Vinimay Pvt Ltd", "relation": "Promoter", "url": "", "transactionDescription": "Other", "latestTransDate": "2013-10-25", "positionDirect": 8874750, "positionDirectDate": "2013-10-25"}, {"maxAge": 1, "name": "Invesco Finance Pvt. Ltd.", "relation": "Promoter", "url": "", "transactionDescription": "Other", "latestTransDate": "2013-10-25", "positionDirect": 11321500, "positionDirectDate": "2013-10-25"}, {"maxAge": 1, "name": "Nucore Exports Pvt Ltd", "relation": "Promoter", "url": "", "transactionDescription": "Other", "latestTransDate": "2013-10-25", "positionDirect": 10820775, "positionDirectDate": "2013-10-25"}, {"maxAge": 1, "name": "Shreyansh Leafin Pvt Ltd", "relation": "Promoter", "url": "", "transactionDescription": "Other", "latestTransDate": "2013-10-25", "positionDirect": 11065000, "positionDirectDate": "2013-10-25"}, {"maxAge": 1, "name": "VNG Mercantiles Pvt Ltd", "relation": "Promoter", "url": "", "transactionDescription": "Other", "latestTransDate": "2013-10-25", "positionDirect": 9008975, "positionDirectDate": "2013-10-25"}, {"maxAge": 1, "name": "Whitestone Supplier Pvt Ltd", "relation": "Promoter", "url": "", "transactionDescription": "Other", "latestTransDate": "2013-10-25", "positionDirect": 10075000, "positionDirectDate": "2013-10-25"}], "maxAge": 1}, "earnings": {"maxAge": 86400, "earningsChart": {"quarterly": [], "earningsDate": []}, "financialsChart": {"yearly": [{"date": 2017, "revenue": 259650000, "earnings": -2992966000}, {"date": 2018, "revenue": 1877989000, "earnings": -1812986000}, {"date": 2019, "revenue": 4091341000, "earnings": -922650000}, {"date": 2020, "revenue": 5482770000, "earnings": -750446000}], "quarterly": [{"date": "3Q2019", "revenue": 1387362000, "earnings": -130588000}, {"date": "4Q2019", "revenue": 1117495000, "earnings": 35049000}, {"date": "1Q2020", "revenue": 1517966000, "earnings": -361223000}, {"date": "2Q2020", "revenue": 717822000, "earnings": -263727000}]}, "financialCurrency": "INR"}, "calendarEvents": {"maxAge": 1, "earnings": {"earningsDate": []}}, "price": {"maxAge": 1, "regularMarketChangePercent": 0.031250034, "regularMarketChange": 0.030000031, "regularMarketTime": "2021-04-30 15:03:28", "priceHint": 4, "regularMarketPrice": 0.99, "regularMarketDayHigh": 1.0, "regularMarketDayLow": 0.97, "regularMarketVolume": 14653, "averageDailyVolume10Day": 17676, "averageDailyVolume3Month": 39343, "regularMarketPreviousClose": 0.96, "regularMarketSource": "FREE_REALTIME", "regularMarketOpen": 1.0, "exchange": "BSE", "exchangeName": "BSE", "exchangeDataDelayedBy": 0, "marketState": "CLOSED", "quoteType": "EQUITY", "symbol": "ANKITMETAL.BO", "underlyingSymbol": null, "shortName": "ANKIT METAL & POWER LTD.", "longName": "Ankit Metal & Power Limited", "currency": "INR", "quoteSourceName": "Delayed Quote", "currencySymbol": "\u20b9", "fromCurrency": null, "toCurrency": null, "lastMarket": null, "marketCap": 139698896}, "balanceSheetHistory": {"balanceSheetStatements": [{"maxAge": 1, "endDate": "2020-03-31", "cash": 6211000, "netReceivables": 1201010000, "inventory": 5313767000, "otherCurrentAssets": 723511000, "totalCurrentAssets": 7244499000, "longTermInvestments": 1219000, "propertyPlantEquipment": 5481995000, "otherAssets": 26384000, "totalAssets": 12754097000, "accountsPayable": 4953562000, "otherCurrentLiab": 7400376000, "longTermDebt": 2762157000, "totalCurrentLiabilities": 16579227000, "totalLiab": 19341384000, "commonStock": 1411105000, "treasuryStock": -7998392000, "otherStockholderEquity": -7998392000, "totalStockholderEquity": -6587287000, "netTangibleAssets": -6587287000}, {"maxAge": 1, "endDate": "2019-03-31", "cash": 6236000, "shortTermInvestments": 208000, "netReceivables": 2002673000, "inventory": 5307749000, "otherCurrentAssets": 944068000, "totalCurrentAssets": 8269754000, "longTermInvestments": 1219000, "propertyPlantEquipment": 5993381000, "otherAssets": 36908000, "totalAssets": 14301262000, "accountsPayable": 5463688000, "shortLongTermDebt": 3408574000, "otherCurrentLiab": 895021000, "longTermDebt": 4471390000, "totalCurrentLiabilities": 15659085000, "totalLiab": 20130475000, "commonStock": 1411105000, "retainedEarnings": -10290554000, "treasuryStock": -1771000, "capitalSurplus": 3052007000, "otherStockholderEquity": -1771000, "totalStockholderEquity": -5829213000, "netTangibleAssets": -5829213000}, {"maxAge": 1, "endDate": "2018-03-31", "cash": 21984000, "netReceivables": 2028740000, "inventory": 5454458000, "otherCurrentAssets": 863457000, "totalCurrentAssets": 8373494000, "longTermInvestments": 1219000, "propertyPlantEquipment": 6441863000, "otherAssets": 36505000, "totalAssets": 14853081000, "accountsPayable": 5486109000, "shortLongTermDebt": 2256500000, "otherCurrentLiab": 409782000, "longTermDebt": 5620742000, "totalCurrentLiabilities": 14138202000, "totalLiab": 19758944000, "commonStock": 1411105000, "retainedEarnings": -9367904000, "treasuryStock": -1071000, "capitalSurplus": 3052007000, "otherStockholderEquity": -1071000, "totalStockholderEquity": -4905863000, "netTangibleAssets": -4905863000}, {"maxAge": 1, "endDate": "2017-03-31", "cash": 26503000, "shortTermInvestments": 39625000, "netReceivables": 3100817000, "inventory": 5264589000, "otherCurrentAssets": 851866000, "totalCurrentAssets": 9284512000, "longTermInvestments": 1210000, "propertyPlantEquipment": 6854282000, "otherAssets": 35530000, "totalAssets": 16175534000, "accountsPayable": 5564840000, "shortLongTermDebt": 1289951000, "otherCurrentLiab": 319419000, "longTermDebt": 6587342000, "totalCurrentLiabilities": 12681206000, "totalLiab": 19268548000, "commonStock": 1411105000, "retainedEarnings": -7554918000, "treasuryStock": -1208000, "capitalSurplus": 3052007000, "otherStockholderEquity": -1208000, "totalStockholderEquity": -3093014000, "netTangibleAssets": -3093014000}], "maxAge": 86400}, "earningsTrend": {"trend": [{"maxAge": 1, "period": "0q", "endDate": null, "growth": {}, "earningsEstimate": {"avg": 0.0, "low": 0.0, "high": 0.0, "yearAgoEps": {}, "numberOfAnalysts": 0, "growth": {}}, "revenueEstimate": {"avg": 0, "low": 0, "high": 0, "numberOfAnalysts": 0, "yearAgoRevenue": {}, "growth": {}}, "epsTrend": {"current": 0.0, "7daysAgo": 0.0, "30daysAgo": 0.0, "60daysAgo": 0.0, "90daysAgo": 0.0}, "epsRevisions": {"upLast7days": 0, "upLast30days": 0, "downLast30days": 0, "downLast90days": {}}}, {"maxAge": 1, "period": "+1q", "endDate": null, "growth": {}, "earningsEstimate": {"avg": 0.0, "low": 0.0, "high": 0.0, "yearAgoEps": {}, "numberOfAnalysts": 0, "growth": {}}, "revenueEstimate": {"avg": 0, "low": 0, "high": 0, "numberOfAnalysts": 0, "yearAgoRevenue": {}, "growth": {}}, "epsTrend": {"current": 0.0, "7daysAgo": 0.0, "30daysAgo": 0.0, "60daysAgo": 0.0, "90daysAgo": 0.0}, "epsRevisions": {"upLast7days": 0, "upLast30days": 0, "downLast30days": 0, "downLast90days": {}}}, {"maxAge": 1, "period": "0y", "endDate": null, "growth": {}, "earningsEstimate": {"avg": 0.0, "low": 0.0, "high": 0.0, "yearAgoEps": {}, "numberOfAnalysts": 0, "growth": {}}, "revenueEstimate": {"avg": 0, "low": 0, "high": 0, "numberOfAnalysts": 0, "yearAgoRevenue": {}, "growth": {}}, "epsTrend": {"current": 0.0, "7daysAgo": 0.0, "30daysAgo": 0.0, "60daysAgo": 0.0, "90daysAgo": 0.0}, "epsRevisions": {"upLast7days": 0, "upLast30days": 0, "downLast30days": 0, "downLast90days": {}}}, {"maxAge": 1, "period": "+1y", "endDate": null, "growth": {}, "earningsEstimate": {"avg": 0.0, "low": 0.0, "high": 0.0, "yearAgoEps": {}, "numberOfAnalysts": 0, "growth": {}}, "revenueEstimate": {"avg": 0, "low": 0, "high": 0, "numberOfAnalysts": 0, "yearAgoRevenue": {}, "growth": {}}, "epsTrend": {"current": 0.0, "7daysAgo": 0.0, "30daysAgo": 0.0, "60daysAgo": 0.0, "90daysAgo": 0.0}, "epsRevisions": {"upLast7days": 0, "upLast30days": 0, "downLast30days": 0, "downLast90days": {}}}, {"maxAge": 1, "period": "+5y", "endDate": null, "growth": {}, "earningsEstimate": {"avg": {}, "low": {}, "high": {}, "yearAgoEps": {}, "numberOfAnalysts": {}, "growth": {}}, "revenueEstimate": {"avg": {}, "low": {}, "high": {}, "numberOfAnalysts": {}, "yearAgoRevenue": {}, "growth": {}}, "epsTrend": {"current": {}, "7daysAgo": {}, "30daysAgo": {}, "60daysAgo": {}, "90daysAgo": {}}, "epsRevisions": {"upLast7days": {}, "upLast30days": {}, "downLast30days": {}, "downLast90days": {}}}, {"maxAge": 1, "period": "-5y", "endDate": null, "growth": {}, "earningsEstimate": {"avg": {}, "low": {}, "high": {}, "yearAgoEps": {}, "numberOfAnalysts": {}, "growth": {}}, "revenueEstimate": {"avg": {}, "low": {}, "high": {}, "numberOfAnalysts": {}, "yearAgoRevenue": {}, "growth": {}}, "epsTrend": {"current": {}, "7daysAgo": {}, "30daysAgo": {}, "60daysAgo": {}, "90daysAgo": {}}, "epsRevisions": {"upLast7days": {}, "upLast30days": {}, "downLast30days": {}, "downLast90days": {}}}], "maxAge": 1}, "financialData": {"maxAge": 86400, "currentPrice": 0.99, "targetHighPrice": 13.0, "targetLowPrice": 13.0, "targetMeanPrice": 13.0, "targetMedianPrice": 13.0, "recommendationKey": "none", "numberOfAnalystOpinions": 1, "grossProfits": 942769000, "financialCurrency": "INR"}}}