{"ANKITMETAL.NS": {"assetProfile": {"address1": "SKP House", "address2": "132A, S.P. Mukherjee Road", "city": "Kolkata", "zip": "700026", "country": "India", "phone": "91 33 4016 8000", "fax": "91 33 4016 8191", "website": "http://www.ankitmetal.com", "industry": "Steel", "sector": "Basic Materials", "longBusinessSummary": "Ankit Metal & Power Limited manufactures and sells iron and steel products in India. The company offers iron ore pillets, sponge iron, M.S. billets, TMT bars, pig iron, and ferro silicon. It serves real estate developers, construction units, forging units, wire drawing units, railways, and engineering industries. The company was founded in 2002 and is based in Kolkata, India.", "fullTimeEmployees": 1068, "companyOfficers": [{"maxAge": 1, "name": "Mr. Saurabh  Jhunjhunwala", "title": "Chief Financial Officer", "fiscalYear": 2020, "totalPay": 960000, "exercisedValue": 0, "unexercisedValue": 0}, {"maxAge": 1, "name": "Ms. Vineeta  Barmecha", "title": "Company Sec. & Compliance Officer", "fiscalYear": 2020, "totalPay": 657345, "exercisedValue": 0, "unexercisedValue": 0}, {"maxAge": 1, "name": "Mr. Subham  Bhagat", "title": "Chairman & MD", "exercisedValue": 0, "unexercisedValue": 0}], "compensationAsOfEpochDate": "2020-12-31 05:30:00", "maxAge": 86400}, "cashflowStatementHistory": {"cashflowStatements": [{"maxAge": 1, "endDate": "2020-03-31", "netIncome": -750446000, "depreciation": 511338000, "changeToNetincome": 434078000, "changeToAccountReceivables": 353743000, "changeToLiabilities": -510126000, "changeToInventory": -6018000, "changeToOperatingActivities": 2086159000, "totalCashFromOperatingActivities": 2118728000, "investments": -9000, "otherCashflowsFromInvestingActivities": 611000, "totalCashflowsFromInvestingActivities": 646000, "netBorrowings": -2003504000, "otherCashflowsFromFinancingActivities": -116111000, "totalCashFromFinancingActivities": -2119615000, "changeInCash": -241000}, {"maxAge": 1, "endDate": "2019-03-31", "netIncome": -922650000, "depreciation": 449080000, "changeToNetincome": 25282000, "changeToAccountReceivables": 26142000, "changeToLiabilities": -22421000, "changeToInventory": 146709000, "changeToOperatingActivities": 1686948000, "totalCashFromOperatingActivities": 1389090000, "capitalExpenditures": -597000, "investments": -208000, "otherCashflowsFromInvestingActivities": 579000, "totalCashflowsFromInvestingActivities": -226000, "netBorrowings": -1349297000, "otherCashflowsFromFinancingActivities": -55315000, "totalCashFromFinancingActivities": -1404612000, "changeInCash": -15748000}, {"maxAge": 1, "endDate": "2018-03-31", "netIncome": -1812986000, "depreciation": 412149000, "changeToNetincome": 615641000, "changeToAccountReceivables": 1054634000, "changeToLiabilities": -78729000, "changeToInventory": -189868000, "changeToOperatingActivities": 1079180000, "totalCashFromOperatingActivities": 1080021000, "capitalExpenditures": -597000, "investments": 39724000, "otherCashflowsFromInvestingActivities": 1671000, "totalCashflowsFromInvestingActivities": 41663000, "netBorrowings": -1020538000, "otherCashflowsFromFinancingActivities": -105665000, "totalCashFromFinancingActivities": -1126203000, "changeInCash": -4519000}, {"maxAge": 1, "endDate": "2017-03-31", "netIncome": -2992966000, "depreciation": 404983000, "changeToNetincome": 146632000, "changeToAccountReceivables": 514229000, "changeToLiabilities": 163512000, "changeToInventory": 1995040000, "changeToOperatingActivities": 609197000, "totalCashFromOperatingActivities": 840975000, "capitalExpenditures": -100037000, "investments": 36263000, "otherCashflowsFromInvestingActivities": 5169000, "totalCashflowsFromInvestingActivities": -58605000, "netBorrowings": -792789000, "otherCashflowsFromFinancingActivities": -15034000, "totalCashFromFinancingActivities": -807823000, "changeInCash": -25453000}], "maxAge": 86400}, "institutionOwnership": {"maxAge": 1, "ownershipList": []}, "majorHoldersBreakdown": {"maxAge": 1, "insidersPercentHeld": 0.71019, "institutionsPercentHeld": 0.0, "institutionsFloatPercentHeld": 0.0, "institutionsCount": 0}, "balanceSheetHistoryQuarterly": {"balanceSheetStatements": [{"maxAge": 1, "endDate": "2020-12-31", "totalStockholderEquity": -7008224000, "netTangibleAssets": -7008224000}, {"maxAge": 1, "endDate": "2020-09-30", "cash": 5080000, "netReceivables": 1507926000, "inventory": 5529916000, "otherCurrentAssets": 918473000, "totalCurrentAssets": 7961395000, "longTermInvestments": 1219000, "propertyPlantEquipment": 5270405000, "otherAssets": 26688000, "totalAssets": 13259707000, "accountsPayable": 5643896000, "shortLongTermDebt": 7718911000, "otherCurrentLiab": 939636000, "longTermDebt": 1852863000, "totalCurrentLiabilities": 18415068000, "totalLiab": 20267931000, "commonStock": 1411105000, "treasuryStock": -8419329000, "otherStockholderEquity": -8419329000, "totalStockholderEquity": -7008224000, "netTangibleAssets": -7008224000}, {"maxAge": 1, "endDate": "2020-06-30", "totalStockholderEquity": -6587287000, "netTangibleAssets": -6587287000}, {"maxAge": 1, "endDate": "2020-03-31", "cash": 5994000, "shortTermInvestments": 217000, "netReceivables": 1201010000, "inventory": 5313767000, "otherCurrentAssets": 721163000, "totalCurrentAssets": 7244499000, "longTermInvestments": 1219000, "propertyPlantEquipment": 5481995000, "otherAssets": 26383000, "totalAssets": 12754096000, "accountsPayable": 4953562000, "shortLongTermDebt": 5182996000, "otherCurrentLiab": 632337000, "longTermDebt": 2762157000, "otherLiab": -1000, "totalCurrentLiabilities": 16579227000, "totalLiab": 19341383000, "commonStock": 1411105000, "retainedEarnings": -11041001000, "treasuryStock": -9398000, "capitalSurplus": 3052007000, "otherStockholderEquity": -9398000, "totalStockholderEquity": -6587287000, "netTangibleAssets": -6587287000}], "maxAge": 86400}, "indexTrend": {"maxAge": 1, "symbol": "SP5", "peRatio": 19.7411, "pegRatio": 1.34172, "estimates": [{"period": "0q", "growth": 0.549}, {"period": "+1q", "growth": 0.431}, {"period": "0y", "growth": 0.305}, {"period": "+1y", "growth": 0.109}, {"period": "+5y", "growth": 0.120865}, {"period": "-5y"}]}, "defaultKeyStatistics": {"maxAge": 1, "priceHint": 4, "enterpriseValue": 13639802880, "profitMargins": -0.27337998, "floatShares": 38160513, "sharesOutstanding": 141110000, "heldPercentInsiders": 0.71019, "heldPercentInstitutions": 0.0, "beta": 1.539058, "category": null, "bookValue": -49.665, "fundFamily": null, "legalType": null, "lastFiscalYearEnd": "2020-03-31 05:30:00", "nextFiscalYearEnd": "2022-03-31 05:30:00", "mostRecentQuarter": "2020-12-31 05:30:00", "netIncomeToCommon": -985937024, "trailingEps": -6.989, "lastSplitFactor": null, "enterpriseToRevenue": 3.782, "enterpriseToEbitda": 82.674, "52WeekChange": 1.5, "SandP52WeekChange": 0.48148263, "lastDividendValue": 0.5, "lastDividendDate": 1221523200}, "summaryProfile": {"address1": "SKP House", "address2": "132A, S.P. Mukherjee Road", "city": "Kolkata", "zip": "700026", "country": "India", "phone": "91 33 4016 8000", "fax": "91 33 4016 8191", "website": "http://www.ankitmetal.com", "industry": "Steel", "sector": "Basic Materials", "longBusinessSummary": "Ankit Metal & Power Limited manufactures and sells iron and steel products in India. The company offers iron ore pillets, sponge iron, M.S. billets, TMT bars, pig iron, and ferro silicon. It serves real estate developers, construction units, forging units, wire drawing units, railways, and engineering industries. The company was founded in 2002 and is based in Kolkata, India.", "fullTimeEmployees": 1068, "companyOfficers": [], "maxAge": 86400}, "netSharePurchaseActivity": {"maxAge": 1, "period": "6m", "buyInfoCount": 0, "buyInfoShares": 0, "sellInfoCount": 0, "netInfoCount": 0, "netInfoShares": 0, "netPercentInsiderShares": 0.0, "totalInsiderShares": 100215264}, "insiderTransactions": {"transactions": [{"maxAge": 1, "shares": 3520000, "filerUrl": "", "transactionText": "", "filerName": "Arthodock Vinimay Pvt Ltd", "filerRelation": "Promoter", "moneyText": "", "startDate": "2013-10-25", "ownership": "D"}, {"maxAge": 1, "shares": 770000, "filerUrl": "", "transactionText": "", "filerName": "Invesco Finance Pvt. Ltd.", "filerRelation": "Promoter", "moneyText": "", "startDate": "2013-10-25", "ownership": "D"}, {"maxAge": 1, "shares": 3251500, "filerUrl": "", "transactionText": "", "filerName": "Nucore Exports Pvt Ltd", "filerRelation": "Promoter", "moneyText": "", "startDate": "2013-10-25", "ownership": "D"}, {"maxAge": 1, "shares": 5565000, "filerUrl": "", "transactionText": "", "filerName": "Shreyansh Leafin Pvt Ltd", "filerRelation": "Promoter", "moneyText": "", "startDate": "2013-10-25", "ownership": "D"}, {"maxAge": 1, "shares": 285000, "filerUrl": "", "transactionText": "", "filerName": "VNG Mercantiles Pvt Ltd", "filerRelation": "Promoter", "moneyText": "", "startDate": "2013-10-25", "ownership": "D"}, {"maxAge": 1, "shares": 4687500, "filerUrl": "", "transactionText": "", "filerName": "Whitestone Supplier Pvt Ltd", "filerRelation": "Promoter", "moneyText": "", "startDate": "2013-10-25", "ownership": "D"}], "maxAge": 1}, "quoteType": {"exchange": "NSI", "quoteType": "EQUITY", "symbol": "ANKITMETAL.NS", "underlyingSymbol": "ANKITMETAL.NS", "shortName": "ANKIT METAL & POWE", "longName": "Ankit Metal & Power Limited", "firstTradeDateEpochUtc": "2013-03-14 09:15:00", "timeZoneFullName": "Asia/Kolkata", "timeZoneShortName": "IST", "uuid": "697a954d-5e2d-36dc-8cdc-63d6bed8947b", "messageBoardId": "finmb_32388426", "gmtOffSetMilliseconds": 19800000, "maxAge": 1}, "incomeStatementHistory": {"incomeStatementHistory": [{"maxAge": 1, "endDate": "2020-03-31", "totalRevenue": 5482770000, "costOfRevenue": 4354762000, "grossProfit": 1128008000, "researchDevelopment": {}, "sellingGeneralAdministrative": 208136000, "nonRecurring": {}, "otherOperatingExpenses": 709164000, "totalOperatingExpenses": 5783400000, "operatingIncome": -300630000, "totalOtherIncomeExpenseNet": -449816000, "ebit": -300630000, "interestExpense": -441448000, "incomeBeforeTax": -750446000, "incomeTaxExpense": 0, "minorityInterest": {}, "netIncomeFromContinuingOps": -750446000, "discontinuedOperations": {}, "extraordinaryItems": {}, "effectOfAccountingCharges": {}, "otherItems": {}, "netIncome": -750446000, "netIncomeApplicableToCommonShares": -750446000}, {"maxAge": 1, "endDate": "2019-03-31", "totalRevenue": 4091341000, "costOfRevenue": 3639218000, "grossProfit": 452123000, "researchDevelopment": {}, "sellingGeneralAdministrative": 130309000, "nonRecurring": {}, "otherOperatingExpenses": 764480000, "totalOperatingExpenses": 4983087000, "operatingIncome": -891746000, "totalOtherIncomeExpenseNet": -30904000, "ebit": -891746000, "interestExpense": -25581000, "incomeBeforeTax": -922650000, "incomeTaxExpense": 0, "minorityInterest": {}, "netIncomeFromContinuingOps": -922650000, "discontinuedOperations": {}, "extraordinaryItems": {}, "effectOfAccountingCharges": {}, "otherItems": {}, "netIncome": -922650000, "netIncomeApplicableToCommonShares": -922650000}, {"maxAge": 1, "endDate": "2018-03-31", "totalRevenue": 1877989000, "costOfRevenue": 2132992000, "grossProfit": -255003000, "researchDevelopment": {}, "sellingGeneralAdministrative": 7615000, "nonRecurring": {}, "otherOperatingExpenses": 522238000, "totalOperatingExpenses": 3074994000, "operatingIncome": -1197005000, "totalOtherIncomeExpenseNet": -615981000, "ebit": -1197005000, "interestExpense": -613796000, "incomeBeforeTax": -1812986000, "incomeTaxExpense": 0, "minorityInterest": {}, "netIncomeFromContinuingOps": -1812986000, "discontinuedOperations": {}, "extraordinaryItems": {}, "effectOfAccountingCharges": {}, "otherItems": {}, "netIncome": -1812986000, "netIncomeApplicableToCommonShares": -1812986000}, {"maxAge": 1, "endDate": "2017-03-31", "totalRevenue": 259650000, "costOfRevenue": 2279931000, "grossProfit": -2020281000, "researchDevelopment": {}, "sellingGeneralAdministrative": 5653000, "nonRecurring": {}, "otherOperatingExpenses": 173450000, "totalOperatingExpenses": 3004664000, "operatingIncome": -2745014000, "totalOtherIncomeExpenseNet": -247952000, "ebit": -2745014000, "interestExpense": -148918000, "incomeBeforeTax": -2992966000, "incomeTaxExpense": 0, "minorityInterest": {}, "netIncomeFromContinuingOps": -2992966000, "discontinuedOperations": {}, "extraordinaryItems": {}, "effectOfAccountingCharges": {}, "otherItems": {}, "netIncome": -2992966000, "netIncomeApplicableToCommonShares": -2992966000}], "maxAge": 86400}, "fundOwnership": {"maxAge": 1, "ownershipList": []}, "summaryDetail": {"maxAge": 1, "priceHint": 4, "previousClose": 1.0, "open": 1.0, "dayLow": 0.95, "dayHigh": 1.0, "regularMarketPreviousClose": 1.0, "regularMarketOpen": 1.0, "regularMarketDayLow": 0.95, "regularMarketDayHigh": 1.0, "exDividendDate": "2008-09-16 05:30:00", "payoutRatio": 0.0, "beta": 1.539058, "volume": 28902, "regularMarketVolume": 28902, "averageVolume": 81073, "averageVolume10days": 65504, "averageDailyVolume10Day": 65504, "bid": 0.0, "ask": 0.0, "bidSize": 0, "askSize": 0, "marketCap": 135466000, "fiftyTwoWeekLow": 0.35, "fiftyTwoWeekHigh": 1.85, "priceToSalesTrailing12Months": 0.037561897, "fiftyDayAverage": 1.0191176, "twoHundredDayAverage": 1.1688812, "currency": "INR", "fromCurrency": null, "toCurrency": null, "lastMarket": null, "algorithm": null, "tradeable": false}, "incomeStatementHistoryQuarterly": {"incomeStatementHistory": [{"maxAge": 1, "endDate": "2020-12-31", "totalRevenue": 659882000, "costOfRevenue": 505365000, "grossProfit": 154517000, "researchDevelopment": {}, "sellingGeneralAdministrative": 32908000, "nonRecurring": {}, "otherOperatingExpenses": 199280000, "totalOperatingExpenses": 827873000, "operatingIncome": -167991000, "totalOtherIncomeExpenseNet": -34332000, "ebit": -167991000, "interestExpense": -34504000, "incomeBeforeTax": -202323000, "incomeTaxExpense": 0, "minorityInterest": {}, "netIncomeFromContinuingOps": -202323000, "discontinuedOperations": {}, "extraordinaryItems": {}, "effectOfAccountingCharges": {}, "otherItems": {}, "netIncome": -202323000, "netIncomeApplicableToCommonShares": -202323000}, {"maxAge": 1, "endDate": "2020-09-30", "totalRevenue": 711044000, "costOfRevenue": 580944000, "grossProfit": 130100000, "researchDevelopment": {}, "sellingGeneralAdministrative": 23758000, "nonRecurring": {}, "otherOperatingExpenses": 135950000, "totalOperatingExpenses": 857436000, "operatingIncome": -146392000, "totalOtherIncomeExpenseNet": -63576000, "ebit": -146392000, "interestExpense": -63748000, "incomeBeforeTax": -209968000, "incomeTaxExpense": 0, "minorityInterest": {}, "netIncomeFromContinuingOps": -209968000, "discontinuedOperations": {}, "extraordinaryItems": {}, "effectOfAccountingCharges": {}, "otherItems": {}, "netIncome": -209968000, "netIncomeApplicableToCommonShares": -209968000}, {"maxAge": 1, "endDate": "2020-06-30", "totalRevenue": 717822000, "costOfRevenue": 680015000, "grossProfit": 37807000, "researchDevelopment": {}, "sellingGeneralAdministrative": 7557000, "nonRecurring": {}, "otherOperatingExpenses": 128421000, "totalOperatingExpenses": 911993000, "operatingIncome": -194171000, "totalOtherIncomeExpenseNet": -69556000, "ebit": -194171000, "interestExpense": -69728000, "incomeBeforeTax": -263727000, "incomeTaxExpense": 0, "minorityInterest": {}, "netIncomeFromContinuingOps": -263727000, "discontinuedOperations": {}, "extraordinaryItems": {}, "effectOfAccountingCharges": {}, "otherItems": {}, "netIncome": -263727000, "netIncomeApplicableToCommonShares": -263727000}, {"maxAge": 1, "endDate": "2020-03-31", "totalRevenue": 1517725000, "costOfRevenue": 1094027000, "grossProfit": 423698000, "researchDevelopment": {}, "sellingGeneralAdministrative": 46205000, "nonRecurring": {}, "otherOperatingExpenses": 184236000, "totalOperatingExpenses": 1453521000, "operatingIncome": 64204000, "totalOtherIncomeExpenseNet": -425424000, "ebit": 64204000, "interestExpense": -416618000, "incomeBeforeTax": -361220000, "incomeTaxExpense": 0, "minorityInterest": {}, "netIncomeFromContinuingOps": -361220000, "discontinuedOperations": {}, "extraordinaryItems": {}, "effectOfAccountingCharges": {}, "otherItems": {}, "netIncome": -361220000, "netIncomeApplicableToCommonShares": -361220000}], "maxAge": 86400}, "cashflowStatementHistoryQuarterly": {"cashflowStatements": [{"maxAge": 1, "endDate": "2020-12-31", "netIncome": -202323000, "changeToLiabilities": 0}, {"maxAge": 1, "endDate": "2020-09-30", "netIncome": -209968000, "changeToLiabilities": 0}, {"maxAge": 1, "endDate": "2020-06-30", "netIncome": -263727000, "changeToLiabilities": 0}, {"maxAge": 1, "endDate": "2020-03-31", "netIncome": -361220000, "changeToLiabilities": 0}], "maxAge": 86400}, "insiderHolders": {"holders": [{"maxAge": 1, "name": "Arthodock Vinimay Pvt Ltd", "relation": "Promoter", "url": "", "transactionDescription": "Other", "latestTransDate": "2013-10-25", "positionDirect": 8874750, "positionDirectDate": "2013-10-25"}, {"maxAge": 1, "name": "Invesco Finance Pvt. Ltd.", "relation": "Promoter", "url": "", "transactionDescription": "Other", "latestTransDate": "2013-10-25", "positionDirect": 11321500, "positionDirectDate": "2013-10-25"}, {"maxAge": 1, "name": "Nucore Exports Pvt Ltd", "relation": "Promoter", "url": "", "transactionDescription": "Other", "latestTransDate": "2013-10-25", "positionDirect": 10820775, "positionDirectDate": "2013-10-25"}, {"maxAge": 1, "name": "Shreyansh Leafin Pvt Ltd", "relation": "Promoter", "url": "", "transactionDescription": "Other", "latestTransDate": "2013-10-25", "positionDirect": 11065000, "positionDirectDate": "2013-10-25"}, {"maxAge": 1, "name": "VNG Mercantiles Pvt Ltd", "relation": "Promoter", "url": "", "transactionDescription": "Other", "latestTransDate": "2013-10-25", "positionDirect": 9008975, "positionDirectDate": "2013-10-25"}, {"maxAge": 1, "name": "Whitestone Supplier Pvt Ltd", "relation": "Promoter", "url": "", "transactionDescription": "Other", "latestTransDate": "2013-10-25", "positionDirect": 10075000, "positionDirectDate": "2013-10-25"}], "maxAge": 1}, "calendarEvents": {"maxAge": 1, "earnings": {"earningsDate": []}, "exDividendDate": "2008-09-16 05:30:00"}, "price": {"maxAge": 1, "regularMarketChangePercent": 0.0, "regularMarketChange": 0.0, "regularMarketTime": "2021-04-30 15:27:14", "priceHint": 4, "regularMarketPrice": 1.0, "regularMarketDayHigh": 1.0, "regularMarketDayLow": 0.95, "regularMarketVolume": 28902, "averageDailyVolume10Day": 65504, "averageDailyVolume3Month": 81073, "regularMarketPreviousClose": 1.0, "regularMarketSource": "FREE_REALTIME", "regularMarketOpen": 1.0, "exchange": "NSI", "exchangeName": "NSE", "exchangeDataDelayedBy": 15, "marketState": "CLOSED", "quoteType": "EQUITY", "symbol": "ANKITMETAL.NS", "underlyingSymbol": null, "shortName": "ANKIT METAL & POWE", "longName": "Ankit Metal & Power Limited", "currency": "INR", "quoteSourceName": "Delayed Quote", "currencySymbol": "\u20b9", "fromCurrency": null, "toCurrency": null, "lastMarket": null, "marketCap": 135466000}, "balanceSheetHistory": {"balanceSheetStatements": [{"maxAge": 1, "endDate": "2020-03-31", "cash": 5994000, "shortTermInvestments": 217000, "netReceivables": 1201010000, "inventory": 5313767000, "otherCurrentAssets": 721163000, "totalCurrentAssets": 7244499000, "longTermInvestments": 1219000, "propertyPlantEquipment": 5481995000, "otherAssets": 26383000, "totalAssets": 12754096000, "accountsPayable": 4953562000, "shortLongTermDebt": 5182996000, "otherCurrentLiab": 632337000, "longTermDebt": 2762157000, "otherLiab": -1000, "totalCurrentLiabilities": 16579227000, "totalLiab": 19341383000, "commonStock": 1411105000, "retainedEarnings": -11041001000, "treasuryStock": -9398000, "capitalSurplus": 3052007000, "otherStockholderEquity": -9398000, "totalStockholderEquity": -6587287000, "netTangibleAssets": -6587287000}, {"maxAge": 1, "endDate": "2019-03-31", "cash": 6236000, "shortTermInvestments": 208000, "netReceivables": 2002673000, "inventory": 5307749000, "otherCurrentAssets": 944068000, "totalCurrentAssets": 8269754000, "longTermInvestments": 1219000, "propertyPlantEquipment": 5993381000, "otherAssets": 36908000, "totalAssets": 14301262000, "accountsPayable": 5463688000, "shortLongTermDebt": 3408574000, "otherCurrentLiab": 895021000, "longTermDebt": 4471390000, "totalCurrentLiabilities": 15659085000, "totalLiab": 20130475000, "commonStock": 1411105000, "retainedEarnings": -10290554000, "treasuryStock": -1771000, "capitalSurplus": 3052007000, "otherStockholderEquity": -1771000, "totalStockholderEquity": -5829213000, "netTangibleAssets": -5829213000}, {"maxAge": 1, "endDate": "2018-03-31", "cash": 21984000, "netReceivables": 2028740000, "inventory": 5454458000, "otherCurrentAssets": 863457000, "totalCurrentAssets": 8373494000, "longTermInvestments": 1219000, "propertyPlantEquipment": 6441863000, "otherAssets": 36505000, "totalAssets": 14853081000, "accountsPayable": 5486109000, "shortLongTermDebt": 2256500000, "otherCurrentLiab": 409782000, "longTermDebt": 5620742000, "totalCurrentLiabilities": 14138202000, "totalLiab": 19758944000, "commonStock": 1411105000, "retainedEarnings": -9367904000, "treasuryStock": -1071000, "capitalSurplus": 3052007000, "otherStockholderEquity": -1071000, "totalStockholderEquity": -4905863000, "netTangibleAssets": -4905863000}, {"maxAge": 1, "endDate": "2017-03-31", "cash": 26503000, "shortTermInvestments": 39625000, "netReceivables": 3100817000, "inventory": 5264589000, "otherCurrentAssets": 851866000, "totalCurrentAssets": 9284512000, "longTermInvestments": 1210000, "propertyPlantEquipment": 6854282000, "otherAssets": 35530000, "totalAssets": 16175534000, "accountsPayable": 5564840000, "shortLongTermDebt": 1289951000, "otherCurrentLiab": 319419000, "longTermDebt": 6587342000, "totalCurrentLiabilities": 12681206000, "totalLiab": 19268548000, "commonStock": 1411105000, "retainedEarnings": -7554918000, "treasuryStock": -1208000, "capitalSurplus": 3052007000, "otherStockholderEquity": -1208000, "totalStockholderEquity": -3093014000, "netTangibleAssets": -3093014000}], "maxAge": 86400}, "financialData": {"maxAge": 86400, "currentPrice": 1.0, "recommendationKey": "none", "totalCash": 5080000, "totalCashPerShare": 0.036, "ebitda": 164982496, "totalDebt": 13503771648, "totalRevenue": 3606473984, "revenuePerShare": 25.558, "grossProfits": 1128008000, "revenueGrowth": -0.409, "grossMargins": 0.22111, "ebitdaMargins": 0.04575, "operatingMargins": -0.10898, "profitMargins": -0.27337998, "financialCurrency": "INR"}}}