{"ANSALBU.BO": {"recommendationTrend": {"trend": [{"period": "0m", "strongBuy": 0, "buy": 0, "hold": 0, "sell": 0, "strongSell": 0}, {"period": "-1m", "strongBuy": 0, "buy": 0, "hold": 0, "sell": 0, "strongSell": 0}, {"period": "-2m", "strongBuy": 0, "buy": 0, "hold": 0, "sell": 0, "strongSell": 0}, {"period": "-3m", "strongBuy": 0, "buy": 0, "hold": 0, "sell": 0, "strongSell": 0}], "maxAge": 86400}, "cashflowStatementHistory": {"cashflowStatements": [{"maxAge": 1, "endDate": "2020-03-31", "netIncome": 4576000, "depreciation": 36438000, "changeToNetincome": 110970000, "changeToAccountReceivables": -52963000, "changeToLiabilities": -12317000, "changeToInventory": 69555000, "changeToOperatingActivities": 166804000, "totalCashFromOperatingActivities": 323156000, "capitalExpenditures": -49805000, "otherCashflowsFromInvestingActivities": 8940000, "totalCashflowsFromInvestingActivities": -39627000, "netBorrowings": -158286000, "otherCashflowsFromFinancingActivities": -123853000, "totalCashFromFinancingActivities": -282139000, "changeInCash": 1390000}, {"maxAge": 1, "endDate": "2019-03-31", "netIncome": -85061000, "depreciation": 9313000, "changeToNetincome": 189067000, "changeToAccountReceivables": 16191000, "changeToLiabilities": -9906000, "changeToInventory": -57521000, "changeToOperatingActivities": 135797000, "totalCashFromOperatingActivities": 197880000, "capitalExpenditures": -2118000, "otherCashflowsFromInvestingActivities": 6434000, "totalCashflowsFromInvestingActivities": 5325000, "dividendsPaid": -3698000, "netBorrowings": 16681000, "otherCashflowsFromFinancingActivities": -208361000, "totalCashFromFinancingActivities": -195378000, "changeInCash": 7827000}, {"maxAge": 1, "endDate": "2018-03-31", "netIncome": 10503000, "depreciation": 11131000, "changeToNetincome": 121508000, "changeToAccountReceivables": -1106000, "changeToLiabilities": 1506000, "changeToInventory": 42644000, "changeToOperatingActivities": 44701000, "totalCashFromOperatingActivities": 230887000, "capitalExpenditures": -7484000, "otherCashflowsFromInvestingActivities": -5338000, "totalCashflowsFromInvestingActivities": -11571000, "dividendsPaid": -472000, "netBorrowings": -108833000, "otherCashflowsFromFinancingActivities": -132485000, "totalCashFromFinancingActivities": -241790000, "changeInCash": -22474000}, {"maxAge": 1, "endDate": "2017-03-31", "netIncome": -9847000, "depreciation": 14913000, "changeToNetincome": 134187000, "changeToAccountReceivables": 130229000, "changeToLiabilities": 5682000, "changeToInventory": -145696000, "changeToOperatingActivities": 35493000, "totalCashFromOperatingActivities": 165127000, "capitalExpenditures": -5046000, "otherCashflowsFromInvestingActivities": 4079000, "totalCashflowsFromInvestingActivities": 978000, "dividendsPaid": -5958000, "netBorrowings": -31957000, "otherCashflowsFromFinancingActivities": -135467000, "totalCashFromFinancingActivities": -173382000, "changeInCash": -7277000}], "maxAge": 86400}, "institutionOwnership": {"maxAge": 1, "ownershipList": []}, "balanceSheetHistoryQuarterly": {"balanceSheetStatements": [{"maxAge": 1, "endDate": "2020-03-31", "cash": 13463000, "netReceivables": 103153000, "inventory": 2434248000, "otherCurrentAssets": 659004000, "totalCurrentAssets": 3209868000, "longTermInvestments": 107699000, "propertyPlantEquipment": 42069000, "intangibleAssets": 172000, "otherAssets": 76778000, "deferredLongTermAssetCharges": 24613000, "totalAssets": 3436586000, "accountsPayable": 60797000, "shortLongTermDebt": 108487000, "otherCurrentLiab": 946381000, "longTermDebt": 183522000, "otherLiab": 116462000, "totalCurrentLiabilities": 2214804000, "totalLiab": 2517995000, "commonStock": 73838000, "retainedEarnings": 780561000, "treasuryStock": -305000, "capitalSurplus": 64497000, "otherStockholderEquity": -305000, "totalStockholderEquity": 918591000, "netTangibleAssets": 918419000}, {"maxAge": 1, "endDate": "2019-12-31", "totalStockholderEquity": 1004915000, "netTangibleAssets": 1004696000}, {"maxAge": 1, "endDate": "2019-09-30", "cash": 76416000, "netReceivables": 113665000, "inventory": 2388595000, "otherCurrentAssets": 584875000, "totalCurrentAssets": 3163551000, "longTermInvestments": 111205000, "propertyPlantEquipment": 50249000, "intangibleAssets": 219000, "otherAssets": 96170000, "deferredLongTermAssetCharges": 25081000, "totalAssets": 3421394000, "accountsPayable": 64759000, "otherCurrentLiab": 1671788000, "longTermDebt": 226163000, "otherLiab": 133535000, "totalCurrentLiabilities": 2056781000, "totalLiab": 2416479000, "commonStock": 73838000, "treasuryStock": 931077000, "otherStockholderEquity": 931077000, "totalStockholderEquity": 1004915000, "netTangibleAssets": 1004696000}, {"maxAge": 1, "endDate": "2019-06-30", "totalStockholderEquity": 915723000, "netTangibleAssets": 915458000}], "maxAge": 86400}, "earningsHistory": {"history": [{"maxAge": 1, "epsActual": {}, "epsEstimate": {}, "epsDifference": {}, "surprisePercent": {}, "quarter": {}, "period": "-4q"}, {"maxAge": 1, "epsActual": {}, "epsEstimate": {}, "epsDifference": {}, "surprisePercent": {}, "quarter": {}, "period": "-3q"}, {"maxAge": 1, "epsActual": {}, "epsEstimate": {}, "epsDifference": {}, "surprisePercent": {}, "quarter": {}, "period": "-2q"}, {"maxAge": 1, "epsActual": {}, "epsEstimate": {}, "epsDifference": {}, "surprisePercent": {}, "quarter": {}, "period": "-1q"}], "maxAge": 86400}, "indexTrend": {"maxAge": 1, "symbol": "SP5", "peRatio": 19.7411, "pegRatio": 1.34172, "estimates": [{"period": "0q", "growth": 0.549}, {"period": "+1q", "growth": 0.431}, {"period": "0y", "growth": 0.305}, {"period": "+1y", "growth": 0.109}, {"period": "+5y", "growth": 0.120859005}, {"period": "-5y"}]}, "industryTrend": {"maxAge": 1, "symbol": null, "estimates": []}, "insiderTransactions": {"transactions": [{"maxAge": 1, "shares": 1000, "filerUrl": "", "transactionText": "", "filerName": "Verma (Ved Prakash)", "filerRelation": "Director (Independent)", "moneyText": "", "startDate": "2017-03-03", "ownership": "D"}, {"maxAge": 1, "shares": 1000, "filerUrl": "", "transactionText": "", "filerName": "Verma (Arunima)", "filerRelation": "UNREPORTED", "moneyText": "", "startDate": "2017-03-02", "ownership": "D"}, {"maxAge": 1, "shares": 500, "filerUrl": "", "transactionText": "", "filerName": "Ansal (Gopal)", "filerRelation": "Chairman of the Board", "moneyText": "", "startDate": "2012-06-18", "ownership": "D"}], "maxAge": 1}, "quoteType": {"exchange": "BSE", "quoteType": "EQUITY", "symbol": "ANSALBU.BO", "underlyingSymbol": "ANSALBU.BO", "shortName": "ANSAL BUILDWELL LTD.", "longName": "Ansal Buildwell Limited", "firstTradeDateEpochUtc": "2000-11-02 09:15:00", "timeZoneFullName": "Asia/Kolkata", "timeZoneShortName": "IST", "uuid": "38ef0511-5347-3624-b6c5-b68b4ea473c6", "messageBoardId": null, "gmtOffSetMilliseconds": 19800000, "maxAge": 1}, "incomeStatementHistory": {"incomeStatementHistory": [{"maxAge": 1, "endDate": "2020-03-31", "totalRevenue": 634259000, "costOfRevenue": 375507000, "grossProfit": 258752000, "researchDevelopment": {}, "sellingGeneralAdministrative": 89732000, "nonRecurring": {}, "otherOperatingExpenses": 39055000, "totalOperatingExpenses": 539384000, "operatingIncome": 94875000, "totalOtherIncomeExpenseNet": -86991000, "ebit": 94875000, "interestExpense": -89709000, "incomeBeforeTax": 7884000, "incomeTaxExpense": 3308000, "minorityInterest": {}, "netIncomeFromContinuingOps": 4576000, "discontinuedOperations": {}, "extraordinaryItems": {}, "effectOfAccountingCharges": {}, "otherItems": {}, "netIncome": 4576000, "netIncomeApplicableToCommonShares": 4576000}, {"maxAge": 1, "endDate": "2019-03-31", "totalRevenue": 439557000, "costOfRevenue": 232287000, "grossProfit": 207270000, "researchDevelopment": {}, "sellingGeneralAdministrative": 120481000, "nonRecurring": {}, "otherOperatingExpenses": 43688000, "totalOperatingExpenses": 404445000, "operatingIncome": 35112000, "totalOtherIncomeExpenseNet": -111076000, "ebit": 35112000, "interestExpense": -112362000, "incomeBeforeTax": -75964000, "incomeTaxExpense": 9097000, "minorityInterest": {}, "netIncomeFromContinuingOps": -85061000, "discontinuedOperations": {}, "extraordinaryItems": {}, "effectOfAccountingCharges": {}, "otherItems": {}, "netIncome": -85061000, "netIncomeApplicableToCommonShares": -85061000}, {"maxAge": 1, "endDate": "2018-03-31", "totalRevenue": 718893000, "costOfRevenue": 381900000, "grossProfit": 336993000, "researchDevelopment": {}, "sellingGeneralAdministrative": 134601000, "nonRecurring": {}, "otherOperatingExpenses": 43733000, "totalOperatingExpenses": 569395000, "operatingIncome": 149498000, "totalOtherIncomeExpenseNet": -99626000, "ebit": 149498000, "interestExpense": -104544000, "incomeBeforeTax": 49872000, "incomeTaxExpense": 39369000, "minorityInterest": {}, "netIncomeFromContinuingOps": 10503000, "discontinuedOperations": {}, "extraordinaryItems": {}, "effectOfAccountingCharges": {}, "otherItems": {}, "netIncome": 10503000, "netIncomeApplicableToCommonShares": 10503000}, {"maxAge": 1, "endDate": "2017-03-31", "totalRevenue": 508152000, "costOfRevenue": 204094000, "grossProfit": 304058000, "researchDevelopment": {}, "sellingGeneralAdministrative": 136201000, "nonRecurring": {}, "otherOperatingExpenses": 47312000, "totalOperatingExpenses": 399701000, "operatingIncome": 108451000, "totalOtherIncomeExpenseNet": -102837000, "ebit": 108451000, "interestExpense": -105482000, "incomeBeforeTax": 5614000, "incomeTaxExpense": 15461000, "minorityInterest": {}, "netIncomeFromContinuingOps": -9847000, "discontinuedOperations": {}, "extraordinaryItems": {}, "effectOfAccountingCharges": {}, "otherItems": {}, "netIncome": -9847000, "netIncomeApplicableToCommonShares": -9847000}], "maxAge": 86400}, "fundOwnership": {"maxAge": 1, "ownershipList": []}, "summaryDetail": {"maxAge": 1, "priceHint": 2, "previousClose": 39.0, "open": 39.9, "dayLow": 39.9, "dayHigh": 40.4, "regularMarketPreviousClose": 39.0, "regularMarketOpen": 39.9, "regularMarketDayLow": 39.9, "regularMarketDayHigh": 40.4, "trailingPE": 64.51613, "volume": 1102, "regularMarketVolume": 1102, "averageVolume": 3703, "averageVolume10days": 3869, "averageDailyVolume10Day": 3869, "bid": 40.0, "ask": 40.4, "bidSize": 0, "askSize": 0, "marketCap": 295353600, "fiftyTwoWeekLow": 18.0, "fiftyTwoWeekHigh": 54.9, "fiftyDayAverage": 44.075, "twoHundredDayAverage": 33.49853, "trailingAnnualDividendRate": 0.5, "trailingAnnualDividendYield": 0.012820513, "currency": "INR", "fromCurrency": null, "toCurrency": null, "lastMarket": null, "algorithm": null, "tradeable": false}, "sectorTrend": {"maxAge": 1, "symbol": null, "estimates": []}, "incomeStatementHistoryQuarterly": {"incomeStatementHistory": [{"maxAge": 1, "endDate": "2020-03-31", "totalRevenue": 102204000, "costOfRevenue": 84020000, "grossProfit": 18184000, "researchDevelopment": {}, "sellingGeneralAdministrative": 23732000, "nonRecurring": {}, "otherOperatingExpenses": 10657000, "totalOperatingExpenses": 123989000, "operatingIncome": -21785000, "totalOtherIncomeExpenseNet": -17179000, "ebit": -21785000, "interestExpense": -20620000, "incomeBeforeTax": -38964000, "incomeTaxExpense": -24557000, "minorityInterest": {}, "netIncomeFromContinuingOps": -14407000, "discontinuedOperations": {}, "extraordinaryItems": {}, "effectOfAccountingCharges": {}, "otherItems": {}, "netIncome": -14407000, "netIncomeApplicableToCommonShares": -14407000}, {"maxAge": 1, "endDate": "2019-12-31", "totalRevenue": 31796000, "costOfRevenue": 34621000, "grossProfit": -2825000, "researchDevelopment": {}, "sellingGeneralAdministrative": 21388000, "nonRecurring": {}, "otherOperatingExpenses": 9496000, "totalOperatingExpenses": 72966000, "operatingIncome": -41170000, "totalOtherIncomeExpenseNet": -24564000, "ebit": -41170000, "interestExpense": -24471000, "incomeBeforeTax": -65734000, "incomeTaxExpense": 5484000, "minorityInterest": {}, "netIncomeFromContinuingOps": -71218000, "discontinuedOperations": {}, "extraordinaryItems": {}, "effectOfAccountingCharges": {}, "otherItems": {}, "netIncome": -71218000, "netIncomeApplicableToCommonShares": -71218000}, {"maxAge": 1, "endDate": "2019-09-30", "totalRevenue": 114378000, "costOfRevenue": 65627000, "grossProfit": 48751000, "researchDevelopment": {}, "sellingGeneralAdministrative": 21942000, "nonRecurring": {}, "otherOperatingExpenses": 12834000, "totalOperatingExpenses": 109941000, "operatingIncome": 4437000, "totalOtherIncomeExpenseNet": -25006000, "ebit": 4437000, "interestExpense": -24399000, "incomeBeforeTax": -20569000, "incomeTaxExpense": 19627000, "minorityInterest": {}, "netIncomeFromContinuingOps": -40196000, "discontinuedOperations": {}, "extraordinaryItems": {}, "effectOfAccountingCharges": {}, "otherItems": {}, "netIncome": -40196000, "netIncomeApplicableToCommonShares": -40196000}, {"maxAge": 1, "endDate": "2019-06-30", "totalRevenue": 385881000, "costOfRevenue": 191239000, "grossProfit": 194642000, "researchDevelopment": {}, "sellingGeneralAdministrative": 22670000, "nonRecurring": {}, "otherOperatingExpenses": 6068000, "totalOperatingExpenses": 232488000, "operatingIncome": 153393000, "totalOtherIncomeExpenseNet": -20242000, "ebit": 153393000, "interestExpense": -20219000, "incomeBeforeTax": 133151000, "incomeTaxExpense": 2754000, "minorityInterest": {}, "netIncomeFromContinuingOps": 130397000, "discontinuedOperations": {}, "extraordinaryItems": {}, "effectOfAccountingCharges": {}, "otherItems": {}, "netIncome": 130397000, "netIncomeApplicableToCommonShares": 130397000}], "maxAge": 86400}, "cashflowStatementHistoryQuarterly": {"cashflowStatements": [{"maxAge": 1, "endDate": "2020-03-31", "netIncome": -14407000, "changeToLiabilities": 0}, {"maxAge": 1, "endDate": "2019-12-31", "netIncome": -71218000, "changeToLiabilities": 0}, {"maxAge": 1, "endDate": "2019-09-30", "netIncome": -40196000, "changeToLiabilities": 0}, {"maxAge": 1, "endDate": "2019-06-30", "netIncome": 130397000, "changeToLiabilities": 0}], "maxAge": 86400}, "insiderHolders": {"holders": [{"maxAge": 1, "name": "Ansal (Gopal)", "relation": "Chairman of the Board", "url": "", "transactionDescription": "Acquisition", "latestTransDate": "2012-06-18", "positionDirect": 152508, "positionDirectDate": "2012-06-18"}, {"maxAge": 1, "name": "Verma (Arunima)", "relation": "UNREPORTED", "url": "", "transactionDescription": "Sale", "latestTransDate": "2017-03-02", "positionDirect": 0, "positionDirectDate": "2017-03-02"}, {"maxAge": 1, "name": "Verma (Ved Prakash)", "relation": "Director (Independent)", "url": "", "transactionDescription": "Sale", "latestTransDate": "2017-03-03", "positionDirect": 0, "positionDirectDate": "2017-03-03"}], "maxAge": 1}, "earnings": {"maxAge": 86400, "earningsChart": {"quarterly": [], "earningsDate": ["2020-08-11 05:30:S"]}, "financialsChart": {"yearly": [{"date": 2017, "revenue": 508152000, "earnings": -9847000}, {"date": 2018, "revenue": 718893000, "earnings": 10503000}, {"date": 2019, "revenue": 439557000, "earnings": -85061000}, {"date": 2020, "revenue": 634259000, "earnings": 4576000}], "quarterly": [{"date": "2Q2019", "revenue": 385881000, "earnings": 130397000}, {"date": "3Q2019", "revenue": 114378000, "earnings": -40196000}, {"date": "4Q2019", "revenue": 31796000, "earnings": -71218000}, {"date": "1Q2020", "revenue": 102204000, "earnings": -14407000}]}, "financialCurrency": "INR"}, "calendarEvents": {"maxAge": 1, "earnings": {"earningsDate": ["2020-08-11 05:30:S"]}}, "price": {"maxAge": 1, "regularMarketChangePercent": 0.025641026, "regularMarketChange": 1.0, "regularMarketTime": "2021-04-30 15:49:24", "priceHint": 2, "regularMarketPrice": 40.0, "regularMarketDayHigh": 40.4, "regularMarketDayLow": 39.9, "regularMarketVolume": 1102, "averageDailyVolume10Day": 3869, "averageDailyVolume3Month": 3703, "regularMarketPreviousClose": 39.0, "regularMarketSource": "FREE_REALTIME", "regularMarketOpen": 39.9, "exchange": "BSE", "exchangeName": "BSE", "exchangeDataDelayedBy": 0, "marketState": "CLOSED", "quoteType": "EQUITY", "symbol": "ANSALBU.BO", "underlyingSymbol": null, "shortName": "ANSAL BUILDWELL LTD.", "longName": "Ansal Buildwell Limited", "currency": "INR", "quoteSourceName": "Delayed Quote", "currencySymbol": "\u20b9", "fromCurrency": null, "toCurrency": null, "lastMarket": null, "marketCap": 295353600}, "balanceSheetHistory": {"balanceSheetStatements": [{"maxAge": 1, "endDate": "2020-03-31", "cash": 13463000, "netReceivables": 103153000, "inventory": 2434248000, "otherCurrentAssets": 659004000, "totalCurrentAssets": 3209868000, "longTermInvestments": 107699000, "propertyPlantEquipment": 42069000, "intangibleAssets": 172000, "otherAssets": 76778000, "deferredLongTermAssetCharges": 24613000, "totalAssets": 3436586000, "accountsPayable": 60797000, "shortLongTermDebt": 108487000, "otherCurrentLiab": 946381000, "longTermDebt": 183522000, "otherLiab": 116462000, "totalCurrentLiabilities": 2214804000, "totalLiab": 2517995000, "commonStock": 73838000, "retainedEarnings": 780561000, "treasuryStock": -305000, "capitalSurplus": 64497000, "otherStockholderEquity": -305000, "totalStockholderEquity": 918591000, "netTangibleAssets": 918419000}, {"maxAge": 1, "endDate": "2019-03-31", "cash": 13728000, "netReceivables": 50190000, "inventory": 2503803000, "otherCurrentAssets": 496238000, "totalCurrentAssets": 3063959000, "longTermInvestments": 111923000, "propertyPlantEquipment": 29378000, "intangibleAssets": 265000, "otherAssets": 92785000, "deferredLongTermAssetCharges": 28320000, "totalAssets": 3298310000, "accountsPayable": 73114000, "shortLongTermDebt": 103239000, "otherCurrentLiab": 734296000, "longTermDebt": 269720000, "otherLiab": 120912000, "totalCurrentLiabilities": 1991955000, "totalLiab": 2382587000, "commonStock": 73838000, "retainedEarnings": 777315000, "treasuryStock": 73000, "capitalSurplus": 64497000, "otherStockholderEquity": 73000, "totalStockholderEquity": 915723000, "netTangibleAssets": 915458000}, {"maxAge": 1, "endDate": "2018-03-31", "cash": 8145000, "netReceivables": 66381000, "inventory": 2446282000, "otherCurrentAssets": 470785000, "totalCurrentAssets": 2991673000, "longTermInvestments": 113036000, "propertyPlantEquipment": 37321000, "intangibleAssets": 38000, "otherAssets": 84979000, "deferredLongTermAssetCharges": 29369000, "totalAssets": 3227047000, "accountsPayable": 83020000, "shortLongTermDebt": 125597000, "otherCurrentLiab": 571921000, "longTermDebt": 328615000, "otherLiab": 122077000, "totalCurrentLiabilities": 1772758000, "totalLiab": 2223450000, "commonStock": 73838000, "retainedEarnings": 865195000, "treasuryStock": 67000, "capitalSurplus": 64497000, "otherStockholderEquity": 67000, "totalStockholderEquity": 1003597000, "netTangibleAssets": 1003559000}, {"maxAge": 1, "endDate": "2017-03-31", "cash": 30619000, "netReceivables": 65275000, "inventory": 2488926000, "otherCurrentAssets": 416975000, "totalCurrentAssets": 3002259000, "longTermInvestments": 116937000, "propertyPlantEquipment": 41869000, "intangibleAssets": 204000, "otherAssets": 83427000, "deferredLongTermAssetCharges": 32214000, "totalAssets": 3244696000, "accountsPayable": 81514000, "shortLongTermDebt": 132013000, "otherCurrentLiab": 539230000, "longTermDebt": 471208000, "otherLiab": 123713000, "totalCurrentLiabilities": 1659890000, "totalLiab": 2254811000, "commonStock": 73838000, "retainedEarnings": 851204000, "treasuryStock": 346000, "capitalSurplus": 64497000, "otherStockholderEquity": 346000, "totalStockholderEquity": 989885000, "netTangibleAssets": 989681000}], "maxAge": 86400}, "earningsTrend": {"trend": [{"maxAge": 1, "period": "0q", "endDate": "2012-09-30", "growth": {}, "earningsEstimate": {"avg": 0.0, "low": 0.0, "high": 0.0, "yearAgoEps": {}, "numberOfAnalysts": 0, "growth": {}}, "revenueEstimate": {"avg": 0, "low": 0, "high": 0, "numberOfAnalysts": 0, "yearAgoRevenue": {}, "growth": {}}, "epsTrend": {"current": 0.0, "7daysAgo": 5.66, "30daysAgo": 5.66, "60daysAgo": 5.66, "90daysAgo": 5.66}, "epsRevisions": {"upLast7days": 0, "upLast30days": 0, "downLast30days": 0, "downLast90days": {}}}, {"maxAge": 1, "period": "+1q", "endDate": "2012-12-31", "growth": {}, "earningsEstimate": {"avg": 0.0, "low": 0.0, "high": 0.0, "yearAgoEps": {}, "numberOfAnalysts": 0, "growth": {}}, "revenueEstimate": {"avg": 0, "low": 0, "high": 0, "numberOfAnalysts": 0, "yearAgoRevenue": {}, "growth": {}}, "epsTrend": {"current": 0.0, "7daysAgo": 6.08, "30daysAgo": 6.08, "60daysAgo": 6.08, "90daysAgo": 6.08}, "epsRevisions": {"upLast7days": 0, "upLast30days": 0, "downLast30days": 0, "downLast90days": {}}}, {"maxAge": 1, "period": "0y", "endDate": "2019-03-31", "growth": {}, "earningsEstimate": {"avg": 0.0, "low": 0.0, "high": 0.0, "yearAgoEps": {}, "numberOfAnalysts": 0, "growth": {}}, "revenueEstimate": {"avg": 0, "low": 0, "high": 0, "numberOfAnalysts": 0, "yearAgoRevenue": {}, "growth": {}}, "epsTrend": {"current": 0.0, "7daysAgo": 0.0, "30daysAgo": 0.0, "60daysAgo": 0.0, "90daysAgo": 0.0}, "epsRevisions": {"upLast7days": 0, "upLast30days": 0, "downLast30days": 0, "downLast90days": {}}}, {"maxAge": 1, "period": "+1y", "endDate": "2013-03-31", "growth": {}, "earningsEstimate": {"avg": 0.0, "low": 0.0, "high": 0.0, "yearAgoEps": {}, "numberOfAnalysts": 0, "growth": {}}, "revenueEstimate": {"avg": 1038110000, "low": 1098650000, "high": 1098650000, "numberOfAnalysts": 1, "yearAgoRevenue": {}, "growth": {}}, "epsTrend": {"current": 0.0, "7daysAgo": 18.42, "30daysAgo": 18.42, "60daysAgo": 18.42, "90daysAgo": 18.42}, "epsRevisions": {"upLast7days": 0, "upLast30days": 0, "downLast30days": 0, "downLast90days": {}}}, {"maxAge": 1, "period": "+5y", "endDate": null, "growth": {}, "earningsEstimate": {"avg": {}, "low": {}, "high": {}, "yearAgoEps": {}, "numberOfAnalysts": {}, "growth": {}}, "revenueEstimate": {"avg": {}, "low": {}, "high": {}, "numberOfAnalysts": {}, "yearAgoRevenue": {}, "growth": {}}, "epsTrend": {"current": {}, "7daysAgo": {}, "30daysAgo": {}, "60daysAgo": {}, "90daysAgo": {}}, "epsRevisions": {"upLast7days": {}, "upLast30days": {}, "downLast30days": {}, "downLast90days": {}}}, {"maxAge": 1, "period": "-5y", "endDate": null, "growth": {}, "earningsEstimate": {"avg": {}, "low": {}, "high": {}, "yearAgoEps": {}, "numberOfAnalysts": {}, "growth": {}}, "revenueEstimate": {"avg": {}, "low": {}, "high": {}, "numberOfAnalysts": {}, "yearAgoRevenue": {}, "growth": {}}, "epsTrend": {"current": {}, "7daysAgo": {}, "30daysAgo": {}, "60daysAgo": {}, "90daysAgo": {}}, "epsRevisions": {"upLast7days": {}, "upLast30days": {}, "downLast30days": {}, "downLast90days": {}}}], "maxAge": 1}, "financialData": {"maxAge": 86400, "currentPrice": 40.0, "targetHighPrice": 78.0, "targetLowPrice": 78.0, "targetMeanPrice": 78.0, "targetMedianPrice": 78.0, "recommendationKey": "none", "numberOfAnalystOpinions": 1, "grossProfits": 258752000, "financialCurrency": "INR"}}}