{"ANSALAPI.BO": {"recommendationTrend": {"trend": [{"period": "0m", "strongBuy": 0, "buy": 0, "hold": 0, "sell": 0, "strongSell": 0}, {"period": "-1m", "strongBuy": 0, "buy": 0, "hold": 0, "sell": 0, "strongSell": 0}, {"period": "-2m", "strongBuy": 0, "buy": 0, "hold": 0, "sell": 0, "strongSell": 0}, {"period": "-3m", "strongBuy": 0, "buy": 0, "hold": 0, "sell": 0, "strongSell": 0}], "maxAge": 86400}, "cashflowStatementHistory": {"cashflowStatements": [{"maxAge": 1, "endDate": "2020-03-31", "netIncome": -2611531000, "depreciation": 259152000, "changeToNetincome": 2437055000, "changeToAccountReceivables": 567761000, "changeToLiabilities": 2034544000, "changeToInventory": -685367000, "changeToOperatingActivities": -929910000, "totalCashFromOperatingActivities": 1071716000, "capitalExpenditures": -45606000, "investments": 34643000, "otherCashflowsFromInvestingActivities": -14771000, "totalCashflowsFromInvestingActivities": 119697000, "netBorrowings": -1073814000, "otherCashflowsFromFinancingActivities": -150512000, "totalCashFromFinancingActivities": -1224326000, "changeInCash": -86422000}, {"maxAge": 1, "endDate": "2019-03-31", "netIncome": -1402236000, "depreciation": 228097000, "changeToNetincome": 1602826000, "changeToAccountReceivables": 3277349000, "changeToLiabilities": -9869740000, "changeToInventory": 962198000, "changeToOperatingActivities": 7456821000, "totalCashFromOperatingActivities": 2255412000, "capitalExpenditures": -158812000, "investments": 3653000, "otherCashflowsFromInvestingActivities": 300462000, "totalCashflowsFromInvestingActivities": 420854000, "netBorrowings": -1020349000, "otherCashflowsFromFinancingActivities": -1616179000, "totalCashFromFinancingActivities": -2636528000, "changeInCash": 39738000}, {"maxAge": 1, "endDate": "2018-03-31", "netIncome": -1716996000, "depreciation": 236454000, "changeToNetincome": 1725491000, "changeToAccountReceivables": 2663361000, "changeToLiabilities": -2449275000, "changeToInventory": 5302291000, "changeToOperatingActivities": -904986000, "totalCashFromOperatingActivities": 4856762000, "capitalExpenditures": -181435000, "investments": 140412000, "otherCashflowsFromInvestingActivities": 233927000, "totalCashflowsFromInvestingActivities": 687889000, "netBorrowings": -3327854000, "otherCashflowsFromFinancingActivities": -2383700000, "totalCashFromFinancingActivities": -5711554000, "changeInCash": -166903000}, {"maxAge": 1, "endDate": "2017-04-01", "netIncome": -207059000, "depreciation": 163101000, "changeToNetincome": 720664000, "changeToAccountReceivables": -750371000, "changeToLiabilities": 4063337000, "changeToInventory": -8152719000, "changeToOperatingActivities": -39204000, "totalCashFromOperatingActivities": -4201492000, "capitalExpenditures": -403573000, "investments": 11498000, "otherCashflowsFromInvestingActivities": 114533000, "totalCashflowsFromInvestingActivities": 327886000, "netBorrowings": 6585269000, "otherCashflowsFromFinancingActivities": -2646714000, "totalCashFromFinancingActivities": 3938555000, "changeInCash": 64949000}], "maxAge": 86400}, "institutionOwnership": {"maxAge": 1, "ownershipList": []}, "balanceSheetHistoryQuarterly": {"balanceSheetStatements": [{"maxAge": 1, "endDate": "2020-06-30", "totalStockholderEquity": -1142149000, "netTangibleAssets": -2802334000}, {"maxAge": 1, "endDate": "2020-03-31", "cash": 176477000, "shortTermInvestments": 318000, "netReceivables": 1353979000, "inventory": 55145801000, "otherCurrentAssets": 6597153000, "totalCurrentAssets": 63371806000, "longTermInvestments": 594351000, "propertyPlantEquipment": 5022422000, "goodWill": 1658738000, "intangibleAssets": 1447000, "otherAssets": 4255635000, "deferredLongTermAssetCharges": 368531000, "totalAssets": 74904399000, "accountsPayable": 9806356000, "shortLongTermDebt": 4041338000, "otherCurrentLiab": 51453841000, "longTermDebt": 2812741000, "otherLiab": 2744874000, "minorityInterest": 378412000, "totalCurrentLiabilities": 70091561000, "totalLiab": 75668136000, "commonStock": 787024000, "retainedEarnings": -12181216000, "treasuryStock": 144754000, "capitalSurplus": 10107289000, "otherStockholderEquity": 144754000, "totalStockholderEquity": -1142149000, "netTangibleAssets": -2802334000}, {"maxAge": 1, "endDate": "2019-12-31", "totalStockholderEquity": 1541600000, "netTangibleAssets": -829300000}, {"maxAge": 1, "endDate": "2019-09-30", "cash": 430200000, "netReceivables": 3185400000, "inventory": 61444500000, "otherCurrentAssets": 7006700000, "totalCurrentAssets": 72066800000, "longTermInvestments": 739300000, "propertyPlantEquipment": 5096000000, "goodWill": 2369400000, "intangibleAssets": 1500000, "otherAssets": 4510900000, "deferredLongTermAssetCharges": 492100000, "totalAssets": 84783900000, "accountsPayable": 6476500000, "otherCurrentLiab": 65534400000, "longTermDebt": 6593300000, "otherLiab": 2762500000, "minorityInterest": 643700000, "totalCurrentLiabilities": 73234600000, "totalLiab": 82598600000, "commonStock": 787000000, "treasuryStock": 754600000, "otherStockholderEquity": 754600000, "totalStockholderEquity": 1541600000, "netTangibleAssets": -829300000}], "maxAge": 86400}, "earningsHistory": {"history": [{"maxAge": 1, "epsActual": {}, "epsEstimate": {}, "epsDifference": {}, "surprisePercent": {}, "quarter": {}, "period": "-4q"}, {"maxAge": 1, "epsActual": {}, "epsEstimate": {}, "epsDifference": {}, "surprisePercent": {}, "quarter": {}, "period": "-3q"}, {"maxAge": 1, "epsActual": {}, "epsEstimate": {}, "epsDifference": {}, "surprisePercent": {}, "quarter": {}, "period": "-2q"}, {"maxAge": 1, "epsActual": {}, "epsEstimate": {}, "epsDifference": {}, "surprisePercent": {}, "quarter": {}, "period": "-1q"}], "maxAge": 86400}, "indexTrend": {"maxAge": 1, "symbol": "SP5", "peRatio": 19.7411, "pegRatio": 1.34172, "estimates": [{"period": "0q", "growth": 0.549}, {"period": "+1q", "growth": 0.431}, {"period": "0y", "growth": 0.305}, {"period": "+1y", "growth": 0.109}, {"period": "+5y", "growth": 0.120865}, {"period": "-5y"}]}, "industryTrend": {"maxAge": 1, "symbol": null, "estimates": []}, "insiderTransactions": {"transactions": [{"maxAge": 1, "shares": 8642223, "filerUrl": "", "transactionText": "", "filerName": "Ansal (Kusum)", "filerRelation": "Promoter", "moneyText": "", "startDate": "2018-10-31", "ownership": "D"}, {"maxAge": 1, "shares": 8642223, "filerUrl": "", "transactionText": "", "filerName": "Ansal (Sushil)", "filerRelation": "Executive Chairman", "moneyText": "", "startDate": "2018-10-31", "ownership": "D"}], "maxAge": 1}, "quoteType": {"exchange": "BSE", "quoteType": "EQUITY", "symbol": "ANSALAPI.BO", "underlyingSymbol": "ANSALAPI.BO", "shortName": "ANSAL PROPERTIES & INFRASTRUCT", "longName": "Ansal Properties & Infrastructure Limited", "firstTradeDateEpochUtc": "2006-05-10 09:15:00", "timeZoneFullName": "Asia/Kolkata", "timeZoneShortName": "IST", "uuid": "6030c1ed-f5b6-3587-bd03-25ac92896614", "messageBoardId": null, "gmtOffSetMilliseconds": 19800000, "maxAge": 1}, "incomeStatementHistory": {"incomeStatementHistory": [{"maxAge": 1, "endDate": "2020-03-31", "totalRevenue": 11174551000, "costOfRevenue": 7754431000, "grossProfit": 3420120000, "researchDevelopment": {}, "sellingGeneralAdministrative": 269825000, "nonRecurring": {}, "otherOperatingExpenses": 3261399000, "totalOperatingExpenses": 11544776000, "operatingIncome": -370225000, "totalOtherIncomeExpenseNet": -2166141000, "ebit": -370225000, "interestExpense": -1720609000, "incomeBeforeTax": -2536366000, "incomeTaxExpense": 75165000, "minorityInterest": 378412000, "netIncomeFromContinuingOps": -2611531000, "discontinuedOperations": {}, "extraordinaryItems": {}, "effectOfAccountingCharges": {}, "otherItems": {}, "netIncome": -2611531000, "netIncomeApplicableToCommonShares": -2611531000}, {"maxAge": 1, "endDate": "2019-03-31", "totalRevenue": 8116774000, "costOfRevenue": 5179752000, "grossProfit": 2937022000, "researchDevelopment": {}, "sellingGeneralAdministrative": 274472000, "nonRecurring": {}, "otherOperatingExpenses": 2078903000, "totalOperatingExpenses": 7761189000, "operatingIncome": 355585000, "totalOtherIncomeExpenseNet": -1672889000, "ebit": 355585000, "interestExpense": -1764823000, "incomeBeforeTax": -1317304000, "incomeTaxExpense": 84932000, "minorityInterest": 668687000, "netIncomeFromContinuingOps": -1402236000, "discontinuedOperations": {}, "extraordinaryItems": {}, "effectOfAccountingCharges": {}, "otherItems": {}, "netIncome": -1402236000, "netIncomeApplicableToCommonShares": -1402236000}, {"maxAge": 1, "endDate": "2018-03-31", "totalRevenue": 6700984000, "costOfRevenue": 5297914000, "grossProfit": 1403070000, "researchDevelopment": {}, "sellingGeneralAdministrative": 345892000, "nonRecurring": {}, "otherOperatingExpenses": 1090255000, "totalOperatingExpenses": 6970740000, "operatingIncome": -269756000, "totalOtherIncomeExpenseNet": -1723988000, "ebit": -269756000, "interestExpense": -1688713000, "incomeBeforeTax": -1993744000, "incomeTaxExpense": -276748000, "minorityInterest": 1361027000, "netIncomeFromContinuingOps": -1716996000, "discontinuedOperations": {}, "extraordinaryItems": {}, "effectOfAccountingCharges": {}, "otherItems": {}, "netIncome": -1716996000, "netIncomeApplicableToCommonShares": -1716996000}, {"maxAge": 1, "endDate": "2017-04-01", "totalRevenue": 8357015000, "costOfRevenue": 5866423000, "grossProfit": 2490592000, "researchDevelopment": {}, "sellingGeneralAdministrative": 458463000, "nonRecurring": {}, "otherOperatingExpenses": 1223471000, "totalOperatingExpenses": 7711923000, "operatingIncome": 645092000, "totalOtherIncomeExpenseNet": -958234000, "ebit": 645092000, "interestExpense": -1045292000, "incomeBeforeTax": -313142000, "incomeTaxExpense": 80948000, "minorityInterest": 1396372000, "netIncomeFromContinuingOps": -394090000, "discontinuedOperations": {}, "extraordinaryItems": {}, "effectOfAccountingCharges": {}, "otherItems": {}, "netIncome": -207059000, "netIncomeApplicableToCommonShares": -207059000}], "maxAge": 86400}, "fundOwnership": {"maxAge": 1, "ownershipList": []}, "summaryDetail": {"maxAge": 1, "priceHint": 2, "previousClose": 6.0, "open": 5.86, "dayLow": 5.85, "dayHigh": 6.06, "regularMarketPreviousClose": 6.0, "regularMarketOpen": 5.86, "regularMarketDayLow": 5.85, "regularMarketDayHigh": 6.06, "volume": 9032, "regularMarketVolume": 9032, "averageVolume": 95406, "averageVolume10days": 91043, "averageDailyVolume10Day": 91043, "bid": 5.8, "ask": 6.0, "bidSize": 0, "askSize": 0, "marketCap": 938133760, "fiftyTwoWeekLow": 3.4, "fiftyTwoWeekHigh": 13.89, "fiftyDayAverage": 8.732857, "twoHundredDayAverage": 5.971168, "currency": "INR", "fromCurrency": null, "toCurrency": null, "lastMarket": null, "algorithm": null, "tradeable": false}, "sectorTrend": {"maxAge": 1, "symbol": null, "estimates": []}, "incomeStatementHistoryQuarterly": {"incomeStatementHistory": [{"maxAge": 1, "endDate": "2020-06-30", "totalRevenue": 966600000, "costOfRevenue": 510000000, "grossProfit": 456600000, "researchDevelopment": {}, "sellingGeneralAdministrative": 37100000, "nonRecurring": {}, "otherOperatingExpenses": 256200000, "totalOperatingExpenses": 861000000, "operatingIncome": 105600000, "totalOtherIncomeExpenseNet": -345100000, "ebit": 105600000, "interestExpense": -351500000, "incomeBeforeTax": -239500000, "incomeTaxExpense": 10400000, "minorityInterest": {}, "netIncomeFromContinuingOps": -249900000, "discontinuedOperations": {}, "extraordinaryItems": {}, "effectOfAccountingCharges": {}, "otherItems": {}, "netIncome": -209800000, "netIncomeApplicableToCommonShares": -209800000}, {"maxAge": 1, "endDate": "2020-03-31", "totalRevenue": 3961651000, "costOfRevenue": 3644031000, "grossProfit": 317620000, "researchDevelopment": {}, "sellingGeneralAdministrative": 94125000, "nonRecurring": {}, "otherOperatingExpenses": 998299000, "totalOperatingExpenses": 4805276000, "operatingIncome": -843625000, "totalOtherIncomeExpenseNet": -1173841000, "ebit": -843625000, "interestExpense": -558809000, "incomeBeforeTax": -2017466000, "incomeTaxExpense": 82165000, "minorityInterest": 378412000, "netIncomeFromContinuingOps": -2099631000, "discontinuedOperations": {}, "extraordinaryItems": {}, "effectOfAccountingCharges": {}, "otherItems": {}, "netIncome": -2252131000, "netIncomeApplicableToCommonShares": -2252131000}, {"maxAge": 1, "endDate": "2019-12-31", "totalRevenue": 2798300000, "costOfRevenue": 1341500000, "grossProfit": 1456800000, "researchDevelopment": {}, "sellingGeneralAdministrative": 50400000, "nonRecurring": {}, "otherOperatingExpenses": 895800000, "totalOperatingExpenses": 2356800000, "operatingIncome": 441500000, "totalOtherIncomeExpenseNet": -316200000, "ebit": 441500000, "interestExpense": -365300000, "incomeBeforeTax": 125300000, "incomeTaxExpense": 9900000, "minorityInterest": 378412000, "netIncomeFromContinuingOps": 115400000, "discontinuedOperations": {}, "extraordinaryItems": {}, "effectOfAccountingCharges": {}, "otherItems": {}, "netIncome": 134600000, "netIncomeApplicableToCommonShares": 134600000}, {"maxAge": 1, "endDate": "2019-09-30", "totalRevenue": 1995400000, "costOfRevenue": 1218300000, "grossProfit": 777100000, "researchDevelopment": {}, "sellingGeneralAdministrative": 60200000, "nonRecurring": {}, "otherOperatingExpenses": 699000000, "totalOperatingExpenses": 2042900000, "operatingIncome": -47500000, "totalOtherIncomeExpenseNet": -298000000, "ebit": -47500000, "interestExpense": -387500000, "incomeBeforeTax": -345500000, "incomeTaxExpense": -31400000, "minorityInterest": 643700000, "netIncomeFromContinuingOps": -314100000, "discontinuedOperations": {}, "extraordinaryItems": {}, "effectOfAccountingCharges": {}, "otherItems": {}, "netIncome": -254100000, "netIncomeApplicableToCommonShares": -254100000}], "maxAge": 86400}, "cashflowStatementHistoryQuarterly": {"cashflowStatements": [{"maxAge": 1, "endDate": "2020-06-30", "netIncome": -209800000, "changeToLiabilities": 0}, {"maxAge": 1, "endDate": "2020-03-31", "netIncome": -2252131000, "changeToLiabilities": 0}, {"maxAge": 1, "endDate": "2019-12-31", "netIncome": 134600000, "changeToLiabilities": 0}, {"maxAge": 1, "endDate": "2019-09-30", "netIncome": -254100000, "changeToLiabilities": 0}], "maxAge": 86400}, "insiderHolders": {"holders": [{"maxAge": 1, "name": "Ansal (Kusum)", "relation": "Promoter", "url": "", "transactionDescription": "Sale", "latestTransDate": "2018-10-31", "positionDirect": 0, "positionDirectDate": "2018-10-31"}, {"maxAge": 1, "name": "Ansal (Sushil)", "relation": "Executive Chairman", "url": "", "transactionDescription": "Purchase", "latestTransDate": "2018-10-31", "positionDirect": 22982448, "positionDirectDate": "2018-10-31"}], "maxAge": 1}, "earnings": {"maxAge": 86400, "earningsChart": {"quarterly": [], "earningsDate": []}, "financialsChart": {"yearly": [{"date": 2017, "revenue": 8357015000, "earnings": -207059000}, {"date": 2018, "revenue": 6700984000, "earnings": -1716996000}, {"date": 2019, "revenue": 8116774000, "earnings": -1402236000}, {"date": 2020, "revenue": 11174551000, "earnings": -2611531000}], "quarterly": [{"date": "3Q2019", "revenue": 1995400000, "earnings": -254100000}, {"date": "4Q2019", "revenue": 2798300000, "earnings": 134600000}, {"date": "1Q2020", "revenue": 3961651000, "earnings": -2252131000}, {"date": "2Q2020", "revenue": 966600000, "earnings": -209800000}]}, "financialCurrency": "INR"}, "calendarEvents": {"maxAge": 1, "earnings": {"earningsDate": [], "revenueLow": 3585000000, "revenueHigh": 3585000000}}, "price": {"maxAge": 1, "regularMarketChangePercent": -0.0066666603, "regularMarketChange": -0.03999996, "regularMarketTime": "2021-04-30 15:28:56", "priceHint": 2, "regularMarketPrice": 5.96, "regularMarketDayHigh": 6.06, "regularMarketDayLow": 5.85, "regularMarketVolume": 9032, "averageDailyVolume10Day": 91043, "averageDailyVolume3Month": 95406, "regularMarketPreviousClose": 6.0, "regularMarketSource": "FREE_REALTIME", "regularMarketOpen": 5.86, "exchange": "BSE", "exchangeName": "BSE", "exchangeDataDelayedBy": 0, "marketState": "CLOSED", "quoteType": "EQUITY", "symbol": "ANSALAPI.BO", "underlyingSymbol": null, "shortName": "ANSAL PROPERTIES & INFRASTRUCT", "longName": "Ansal Properties & Infrastructure Limited", "currency": "INR", "quoteSourceName": "Delayed Quote", "currencySymbol": "\u20b9", "fromCurrency": null, "toCurrency": null, "lastMarket": null, "marketCap": 938133760}, "balanceSheetHistory": {"balanceSheetStatements": [{"maxAge": 1, "endDate": "2020-03-31", "cash": 176477000, "shortTermInvestments": 318000, "netReceivables": 1353979000, "inventory": 55145801000, "otherCurrentAssets": 6597153000, "totalCurrentAssets": 63371806000, "longTermInvestments": 594351000, "propertyPlantEquipment": 5022422000, "goodWill": 1658738000, "intangibleAssets": 1447000, "otherAssets": 4255635000, "deferredLongTermAssetCharges": 368531000, "totalAssets": 74904399000, "accountsPayable": 9806356000, "shortLongTermDebt": 4041338000, "otherCurrentLiab": 51453841000, "longTermDebt": 2812741000, "otherLiab": 2744874000, "minorityInterest": 378412000, "totalCurrentLiabilities": 70091561000, "totalLiab": 75668136000, "commonStock": 787024000, "retainedEarnings": -12181216000, "treasuryStock": 144754000, "capitalSurplus": 10107289000, "otherStockholderEquity": 144754000, "totalStockholderEquity": -1142149000, "netTangibleAssets": -2802334000}, {"maxAge": 1, "endDate": "2019-03-31", "cash": 222176000, "shortTermInvestments": 51053000, "netReceivables": 2861446000, "inventory": 62214951000, "otherCurrentAssets": 5837731000, "totalCurrentAssets": 71440092000, "longTermInvestments": 476531000, "propertyPlantEquipment": 5136774000, "goodWill": 2369375000, "intangibleAssets": 1462000, "otherAssets": 4710196000, "deferredLongTermAssetCharges": 490055000, "totalAssets": 84134430000, "accountsPayable": 6467803000, "shortLongTermDebt": 3637374000, "otherCurrentLiab": 55760302000, "longTermDebt": 7475482000, "otherLiab": 2062551000, "minorityInterest": 668687000, "totalCurrentLiabilities": 71967234000, "totalLiab": 81505267000, "commonStock": 787024000, "retainedEarnings": -10512358000, "treasuryStock": 1513086000, "capitalSurplus": 10172724000, "otherStockholderEquity": 1513086000, "totalStockholderEquity": 1960476000, "netTangibleAssets": -410361000}, {"maxAge": 1, "endDate": "2018-03-31", "cash": 279369000, "shortTermInvestments": 39609000, "netReceivables": 12838806000, "inventory": 42121629000, "otherCurrentAssets": 5729887000, "totalCurrentAssets": 61189746000, "longTermInvestments": 705779000, "propertyPlantEquipment": 5282923000, "goodWill": 2229098000, "intangibleAssets": 1559000, "otherAssets": 5000098000, "deferredLongTermAssetCharges": 276660000, "totalAssets": 74409203000, "accountsPayable": 6053112000, "shortLongTermDebt": 3636668000, "otherCurrentLiab": 31513493000, "longTermDebt": 9034176000, "otherLiab": 2164597000, "minorityInterest": 1361027000, "totalCurrentLiabilities": 46397228000, "totalLiab": 57596001000, "commonStock": 787024000, "retainedEarnings": 3316397000, "treasuryStock": 1176029000, "capitalSurplus": 10172725000, "otherStockholderEquity": 1176029000, "totalStockholderEquity": 15452175000, "netTangibleAssets": 13221518000}, {"maxAge": 1, "endDate": "2017-04-01", "cash": 348190000, "shortTermInvestments": 80927000, "netReceivables": 13540996000, "inventory": 47059242000, "otherCurrentAssets": 7222133000, "totalCurrentAssets": 68447584000, "longTermInvestments": 284638000, "propertyPlantEquipment": 5362294000, "goodWill": 2778010000, "intangibleAssets": 2199000, "otherAssets": 4310776000, "totalAssets": 81185501000, "accountsPayable": 6072869000, "shortLongTermDebt": 3975724000, "otherCurrentLiab": 32323077000, "longTermDebt": 10588599000, "otherLiab": 3019839000, "minorityInterest": 1396372000, "totalCurrentLiabilities": 50073398000, "totalLiab": 63681836000, "commonStock": 787024000, "retainedEarnings": 4195768000, "treasuryStock": 951777000, "capitalSurplus": 10172724000, "otherStockholderEquity": 951777000, "totalStockholderEquity": 16107293000, "netTangibleAssets": 13327084000}], "maxAge": 86400}, "earningsTrend": {"trend": [{"maxAge": 1, "period": "0q", "endDate": "2014-03-31", "growth": {}, "earningsEstimate": {"avg": 0.0, "low": 0.0, "high": 0.0, "yearAgoEps": {}, "numberOfAnalysts": 0, "growth": {}}, "revenueEstimate": {"avg": 0, "low": 3585000000, "high": 3585000000, "numberOfAnalysts": 1, "yearAgoRevenue": {}, "growth": {}}, "epsTrend": {"current": 0.0, "7daysAgo": -1.7, "30daysAgo": -1.7, "60daysAgo": -1.7, "90daysAgo": -1.7}, "epsRevisions": {"upLast7days": 0, "upLast30days": 0, "downLast30days": 0, "downLast90days": {}}}, {"maxAge": 1, "period": "+1q", "endDate": "2014-06-30", "growth": {}, "earningsEstimate": {"avg": 0.0, "low": 0.0, "high": 0.0, "yearAgoEps": {}, "numberOfAnalysts": 0, "growth": {}}, "revenueEstimate": {"avg": 3532000000, "low": 3532000000, "high": 3532000000, "numberOfAnalysts": 1, "yearAgoRevenue": {}, "growth": {}}, "epsTrend": {"current": 0.0, "7daysAgo": 0.6, "30daysAgo": 0.6, "60daysAgo": 0.6, "90daysAgo": 0.6}, "epsRevisions": {"upLast7days": 0, "upLast30days": 0, "downLast30days": 0, "downLast90days": {}}}, {"maxAge": 1, "period": "0y", "endDate": "2014-03-31", "growth": {}, "earningsEstimate": {"avg": 0.0, "low": 0.0, "high": 0.0, "yearAgoEps": {}, "numberOfAnalysts": 0, "growth": {}}, "revenueEstimate": {"avg": 0, "low": 16305000000, "high": 16305000000, "numberOfAnalysts": 1, "yearAgoRevenue": 11722300000, "growth": {}}, "epsTrend": {"current": 0.0, "7daysAgo": 2.6, "30daysAgo": 2.6, "60daysAgo": 2.6, "90daysAgo": 2.6}, "epsRevisions": {"upLast7days": 0, "upLast30days": 0, "downLast30days": 0, "downLast90days": {}}}, {"maxAge": 1, "period": "+1y", "endDate": "2015-03-31", "growth": {}, "earningsEstimate": {"avg": 0.0, "low": 0.0, "high": 0.0, "yearAgoEps": {}, "numberOfAnalysts": 0, "growth": {}}, "revenueEstimate": {"avg": 0, "low": 19996000000, "high": 19996000000, "numberOfAnalysts": 1, "yearAgoRevenue": {}, "growth": {}}, "epsTrend": {"current": 0.0, "7daysAgo": 4.1, "30daysAgo": 4.1, "60daysAgo": 4.1, "90daysAgo": 4.1}, "epsRevisions": {"upLast7days": 0, "upLast30days": 0, "downLast30days": 0, "downLast90days": {}}}, {"maxAge": 1, "period": "+5y", "endDate": null, "growth": 0.32, "earningsEstimate": {"avg": {}, "low": {}, "high": {}, "yearAgoEps": {}, "numberOfAnalysts": {}, "growth": {}}, "revenueEstimate": {"avg": {}, "low": {}, "high": {}, "numberOfAnalysts": {}, "yearAgoRevenue": {}, "growth": {}}, "epsTrend": {"current": {}, "7daysAgo": {}, "30daysAgo": {}, "60daysAgo": {}, "90daysAgo": {}}, "epsRevisions": {"upLast7days": {}, "upLast30days": {}, "downLast30days": {}, "downLast90days": {}}}, {"maxAge": 1, "period": "-5y", "endDate": null, "growth": -0.80223, "earningsEstimate": {"avg": {}, "low": {}, "high": {}, "yearAgoEps": {}, "numberOfAnalysts": {}, "growth": {}}, "revenueEstimate": {"avg": {}, "low": {}, "high": {}, "numberOfAnalysts": {}, "yearAgoRevenue": {}, "growth": {}}, "epsTrend": {"current": {}, "7daysAgo": {}, "30daysAgo": {}, "60daysAgo": {}, "90daysAgo": {}}, "epsRevisions": {"upLast7days": {}, "upLast30days": {}, "downLast30days": {}, "downLast90days": {}}}], "maxAge": 1}, "financialData": {"maxAge": 86400, "currentPrice": 5.96, "targetHighPrice": 30.0, "targetLowPrice": 30.0, "targetMeanPrice": 30.0, "targetMedianPrice": 30.0, "recommendationKey": "none", "numberOfAnalystOpinions": 1, "grossProfits": 3420120000, "financialCurrency": "INR"}}}