{"ANUHPHR.BO": {"recommendationTrend": {"trend": [{"period": "0m", "strongBuy": 0, "buy": 0, "hold": 0, "sell": 0, "strongSell": 0}, {"period": "-1m", "strongBuy": 0, "buy": 0, "hold": 0, "sell": 0, "strongSell": 0}, {"period": "-2m", "strongBuy": 0, "buy": 0, "hold": 0, "sell": 0, "strongSell": 0}, {"period": "-3m", "strongBuy": 0, "buy": 0, "hold": 0, "sell": 0, "strongSell": 0}], "maxAge": 86400}, "cashflowStatementHistory": {"cashflowStatements": [{"maxAge": 1, "endDate": "2020-03-31", "netIncome": 143053000, "depreciation": 69759000, "changeToNetincome": 10222000, "changeToAccountReceivables": -64967000, "changeToLiabilities": 457227000, "changeToInventory": -186367000, "changeToOperatingActivities": 59813000, "totalCashFromOperatingActivities": 489307000, "capitalExpenditures": -356293000, "investments": -434595000, "otherCashflowsFromInvestingActivities": 25472000, "totalCashflowsFromInvestingActivities": -765296000, "dividendsPaid": -166540000, "netBorrowings": 393911000, "otherCashflowsFromFinancingActivities": -5654000, "totalCashFromFinancingActivities": 221717000, "changeInCash": -54272000}, {"maxAge": 1, "endDate": "2019-03-31", "netIncome": 233659000, "depreciation": 16076000, "changeToNetincome": -45084000, "changeToAccountReceivables": -36979000, "changeToLiabilities": 69321000, "changeToInventory": -109467000, "changeToOperatingActivities": -56832000, "totalCashFromOperatingActivities": 71240000, "capitalExpenditures": -289276000, "investments": 290570000, "otherCashflowsFromInvestingActivities": 26354000, "totalCashflowsFromInvestingActivities": 28616000, "dividendsPaid": -68814000, "netBorrowings": 19419000, "otherCashflowsFromFinancingActivities": -15728000, "totalCashFromFinancingActivities": -65123000, "changeInCash": 34733000}, {"maxAge": 1, "endDate": "2018-03-31", "netIncome": 165124000, "depreciation": 17802000, "changeToNetincome": -39418000, "changeToAccountReceivables": -142757000, "changeToLiabilities": 98008000, "changeToInventory": -20834000, "changeToOperatingActivities": -60155000, "totalCashFromOperatingActivities": 18283000, "capitalExpenditures": -68642000, "investments": 57391000, "otherCashflowsFromInvestingActivities": 30120000, "totalCashflowsFromInvestingActivities": 18869000, "dividendsPaid": -75224000, "netBorrowings": 24438000, "otherCashflowsFromFinancingActivities": -405000, "totalCashFromFinancingActivities": -51191000, "changeInCash": -14039000}, {"maxAge": 1, "endDate": "2017-03-31", "netIncome": 200506000, "depreciation": 19185000, "changeToNetincome": -69844000, "changeToAccountReceivables": 165719000, "changeToLiabilities": -101408000, "changeToInventory": -61308000, "changeToOperatingActivities": 107863000, "totalCashFromOperatingActivities": 261207000, "capitalExpenditures": -11876000, "investments": -231269000, "otherCashflowsFromInvestingActivities": 39526000, "totalCashflowsFromInvestingActivities": -203139000, "dividendsPaid": -15047000, "netBorrowings": -21077000, "otherCashflowsFromFinancingActivities": -439000, "totalCashFromFinancingActivities": -36563000, "changeInCash": 21505000}], "maxAge": 86400}, "institutionOwnership": {"maxAge": 1, "ownershipList": []}, "balanceSheetHistoryQuarterly": {"balanceSheetStatements": [{"maxAge": 1, "endDate": "2020-06-30", "totalStockholderEquity": 1622074000, "netTangibleAssets": 1619184000}, {"maxAge": 1, "endDate": "2020-03-31", "cash": 18452000, "netReceivables": 892084000, "inventory": 614875000, "otherCurrentAssets": 42773000, "totalCurrentAssets": 2229549000, "longTermInvestments": 136952000, "propertyPlantEquipment": 837539000, "intangibleAssets": 2890000, "otherAssets": 56813000, "totalAssets": 3263743000, "accountsPayable": 1046387000, "otherCurrentLiab": 123361000, "otherLiab": 13802000, "totalCurrentLiabilities": 1627090000, "totalLiab": 1641669000, "commonStock": 125280000, "retainedEarnings": 1496338000, "treasuryStock": 456000, "otherStockholderEquity": 456000, "totalStockholderEquity": 1622074000, "netTangibleAssets": 1619184000}, {"maxAge": 1, "endDate": "2019-12-31", "totalStockholderEquity": 1650980000, "netTangibleAssets": 1638573000}, {"maxAge": 1, "endDate": "2019-09-30", "cash": 54930000, "shortTermInvestments": 305680000, "netReceivables": 787456000, "inventory": 359785000, "otherCurrentAssets": 98059000, "totalCurrentAssets": 1605910000, "longTermInvestments": 201865000, "propertyPlantEquipment": 757065000, "intangibleAssets": 12407000, "otherAssets": 22799000, "deferredLongTermAssetCharges": 10306000, "totalAssets": 2600046000, "accountsPayable": 713647000, "otherCurrentLiab": 120268000, "otherLiab": 9344000, "totalCurrentLiabilities": 939722000, "totalLiab": 949066000, "commonStock": 125280000, "treasuryStock": 1525700000, "otherStockholderEquity": 1525700000, "totalStockholderEquity": 1650980000, "netTangibleAssets": 1638573000}], "maxAge": 86400}, "earningsHistory": {"history": [{"maxAge": 1, "epsActual": {}, "epsEstimate": {}, "epsDifference": {}, "surprisePercent": {}, "quarter": {}, "period": "-4q"}, {"maxAge": 1, "epsActual": {}, "epsEstimate": {}, "epsDifference": {}, "surprisePercent": {}, "quarter": {}, "period": "-3q"}, {"maxAge": 1, "epsActual": {}, "epsEstimate": {}, "epsDifference": {}, "surprisePercent": {}, "quarter": {}, "period": "-2q"}, {"maxAge": 1, "epsActual": {}, "epsEstimate": {}, "epsDifference": {}, "surprisePercent": {}, "quarter": {}, "period": "-1q"}], "maxAge": 86400}, "indexTrend": {"maxAge": 1, "symbol": "SP5", "peRatio": 19.7411, "pegRatio": 1.34172, "estimates": [{"period": "0q", "growth": 0.549}, {"period": "+1q", "growth": 0.431}, {"period": "0y", "growth": 0.305}, {"period": "+1y", "growth": 0.109}, {"period": "+5y", "growth": 0.120859005}, {"period": "-5y"}]}, "industryTrend": {"maxAge": 1, "symbol": null, "estimates": []}, "insiderTransactions": {"transactions": [{"maxAge": 1, "shares": 13528, "value": 35147, "filerUrl": "", "transactionText": "Sale at price 2.60 per share.", "filerName": "Shah (Surekha Bharat)", "filerRelation": "UNREPORTED", "moneyText": "", "startDate": "2020-09-30", "ownership": "D"}, {"maxAge": 1, "shares": 145700, "value": 387124, "filerUrl": "", "transactionText": "Sale at price 2.66 per share.", "filerName": "Shah (Ketan Lalitkumar)", "filerRelation": "UNREPORTED", "moneyText": "", "startDate": "2020-09-29", "ownership": "D"}, {"maxAge": 1, "shares": 35000, "value": 101300, "filerUrl": "", "transactionText": "Sale at price 2.89 per share.", "filerName": "Shah (Ketan Lalitkumar)", "filerRelation": "Director (Non-Executive)", "moneyText": "", "startDate": "2020-09-21", "ownership": "D"}, {"maxAge": 1, "shares": 148000, "filerUrl": "", "transactionText": "Purchase at price 0.00 per share.", "filerName": "Shah (Bharat Nemchand)", "filerRelation": "Director (Non-Executive)", "moneyText": "", "startDate": "2020-09-18", "ownership": "D"}, {"maxAge": 1, "shares": 352107, "filerUrl": "", "transactionText": "Sale at price 0.00 per share.", "filerName": "Shah (Bharat Nemchand) HUF", "filerRelation": "UNREPORTED", "moneyText": "", "startDate": "2020-09-18", "ownership": "D"}, {"maxAge": 1, "shares": 100000, "filerUrl": "", "transactionText": "Purchase at price 0.00 per share.", "filerName": "Shah (Surekha Bharat)", "filerRelation": "Promoter", "moneyText": "", "startDate": "2020-09-18", "ownership": "D"}, {"maxAge": 1, "shares": 102107, "filerUrl": "", "transactionText": "Purchase at price 0.00 per share.", "filerName": "Shah (Harshit Nharat)", "filerRelation": "Promoter", "moneyText": "", "startDate": "2020-09-18", "ownership": "D"}, {"maxAge": 1, "shares": 5000, "value": 28544, "filerUrl": "", "transactionText": "Sale at price 5.71 per share.", "filerName": "Shah (Dina Satish)", "filerRelation": "Promoter", "moneyText": "", "startDate": "2020-09-14", "ownership": "D"}, {"maxAge": 1, "shares": 5000, "value": 27886, "filerUrl": "", "transactionText": "Sale at price 5.58 per share.", "filerName": "Shah (Dina Satish)", "filerRelation": "Promoter", "moneyText": "", "startDate": "2020-09-04", "ownership": "D"}, {"maxAge": 1, "shares": 3080, "value": 16782, "filerUrl": "", "transactionText": "Sale at price 5.45 per share.", "filerName": "Kocha (Amisha Dipen)", "filerRelation": "Promoter", "moneyText": "", "startDate": "2020-09-04", "ownership": "D"}, {"maxAge": 1, "shares": 4000, "value": 22010, "filerUrl": "", "transactionText": "Sale at price 5.50 per share.", "filerName": "Shroff (Bijal Kaushal)", "filerRelation": "Promoter", "moneyText": "", "startDate": "2020-09-03", "ownership": "D"}, {"maxAge": 1, "shares": 14911, "value": 82499, "filerUrl": "", "transactionText": "Sale at price 5.53 per share.", "filerName": "Shah (Surekha Bharat)", "filerRelation": "Promoter", "moneyText": "", "startDate": "2020-09-03", "ownership": "D"}, {"maxAge": 1, "shares": 7362, "value": 40909, "filerUrl": "", "transactionText": "Sale at price 5.56 per share.", "filerName": "Shah (Surekha Bharat)", "filerRelation": "Promoter", "moneyText": "", "startDate": "2020-08-26", "ownership": "D"}, {"maxAge": 1, "shares": 48500, "value": 282289, "filerUrl": "", "transactionText": "Sale at price 5.82 per share.", "filerName": "Shah (Ketan Lalitkumar)", "filerRelation": "Director (Non-Executive)", "moneyText": "", "startDate": "2020-08-25", "ownership": "D"}, {"maxAge": 1, "shares": 4000, "value": 22899, "filerUrl": "", "transactionText": "Sale at price 5.72 per share.", "filerName": "Kocha (Amisha Dipen)", "filerRelation": "Promoter", "moneyText": "", "startDate": "2020-08-25", "ownership": "D"}, {"maxAge": 1, "shares": 15500, "value": 87655, "filerUrl": "", "transactionText": "Sale at price 5.66 per share.", "filerName": "Shah (Dina Satish)", "filerRelation": "Promoter", "moneyText": "", "startDate": "2020-08-25", "ownership": "D"}, {"maxAge": 1, "shares": 3000, "value": 16850, "filerUrl": "", "transactionText": "Sale at price 5.62 per share.", "filerName": "Shah (Mahesh Kantilal)", "filerRelation": "Promoter", "moneyText": "", "startDate": "2020-08-24", "ownership": "D"}, {"maxAge": 1, "shares": 51500, "value": 288302, "filerUrl": "", "transactionText": "Sale at price 5.60 per share.", "filerName": "Shah (Ketan Lalitkumar)", "filerRelation": "Director (Non-Executive)", "moneyText": "", "startDate": "2020-08-24", "ownership": "D"}, {"maxAge": 1, "shares": 7324, "value": 38223, "filerUrl": "", "transactionText": "Sale at price 5.22 per share.", "filerName": "Kocha (Amisha Dipen)", "filerRelation": "Promoter", "moneyText": "", "startDate": "2020-08-21", "ownership": "D"}, {"maxAge": 1, "shares": 9000, "value": 46915, "filerUrl": "", "transactionText": "Sale at price 5.21 per share.", "filerName": "Shah (Dina Satish)", "filerRelation": "Promoter", "moneyText": "", "startDate": "2020-08-21", "ownership": "D"}, {"maxAge": 1, "shares": 5000, "value": 25445, "filerUrl": "", "transactionText": "Sale at price 5.09 per share.", "filerName": "Shah (Surekha Bharat)", "filerRelation": "Promoter", "moneyText": "", "startDate": "2020-08-19", "ownership": "D"}, {"maxAge": 1, "shares": 4000, "value": 18744, "filerUrl": "", "transactionText": "Sale at price 4.69 per share.", "filerName": "Shroff (Bijal Kaushal)", "filerRelation": "General Manager", "moneyText": "", "startDate": "2020-08-18", "ownership": "D"}, {"maxAge": 1, "shares": 11851, "value": 56366, "filerUrl": "", "transactionText": "Sale at price 4.76 per share.", "filerName": "Shah (Dina Satish)", "filerRelation": "Promoter", "moneyText": "", "startDate": "2020-08-18", "ownership": "D"}, {"maxAge": 1, "shares": 4000, "value": 18952, "filerUrl": "", "transactionText": "Sale at price 4.74 per share.", "filerName": "Kocha (Amisha Dipen)", "filerRelation": "Promoter", "moneyText": "", "startDate": "2020-08-18", "ownership": "D"}, {"maxAge": 1, "shares": 8900, "value": 42174, "filerUrl": "", "transactionText": "Sale at price 4.74 per share.", "filerName": "Shah (Dina Satish)", "filerRelation": "Promoter", "moneyText": "", "startDate": "2020-08-14", "ownership": "D"}, {"maxAge": 1, "shares": 6000, "value": 29183, "filerUrl": "", "transactionText": "Sale at price 4.86 per share.", "filerName": "Kocha (Amisha Dipen)", "filerRelation": "Promoter", "moneyText": "", "startDate": "2020-08-13", "ownership": "D"}, {"maxAge": 1, "shares": 6000, "value": 28531, "filerUrl": "", "transactionText": "Sale at price 4.76 per share.", "filerName": "Shroff (Bijal Kaushal)", "filerRelation": "Promoter", "moneyText": "", "startDate": "2020-08-13", "ownership": "D"}, {"maxAge": 1, "shares": 7000, "value": 21072, "filerUrl": "", "transactionText": "Acquisition at price 3.01 per share.", "filerName": "Shah (Bharat Nemchand)", "filerRelation": "Director (Non-Executive)", "moneyText": "", "startDate": "2020-06-30", "ownership": "D"}, {"maxAge": 1, "shares": 16724, "filerUrl": "", "transactionText": "", "filerName": "Shah (Bharat Nemchand)", "filerRelation": "Director (Non-Executive)", "moneyText": "", "startDate": "2020-06-24", "ownership": "D"}, {"maxAge": 1, "shares": 11716, "filerUrl": "", "transactionText": "", "filerName": "Shah (Bharat Nemchand)", "filerRelation": "Promoter", "moneyText": "", "startDate": "2019-08-28", "ownership": "D"}, {"maxAge": 1, "shares": 50000, "filerUrl": "", "transactionText": "", "filerName": "Shah (Ketan Lalitkumar)", "filerRelation": "Director (Non-Executive)", "moneyText": "", "startDate": "2019-08-13", "ownership": "D"}, {"maxAge": 1, "shares": 14060, "filerUrl": "", "transactionText": "", "filerName": "Shah (Bharat Nemchand)", "filerRelation": "Director (Non-Executive)", "moneyText": "", "startDate": "2019-02-12", "ownership": "D"}, {"maxAge": 1, "shares": 8149, "filerUrl": "", "transactionText": "", "filerName": "Shah (Bharat Nemchand)", "filerRelation": "Director (Non-Executive)", "moneyText": "", "startDate": "2019-01-17", "ownership": "D"}], "maxAge": 1}, "quoteType": {"exchange": "BSE", "quoteType": "EQUITY", "symbol": "ANUHPHR.BO", "underlyingSymbol": "ANUHPHR.BO", "shortName": "ANUH PHARMA LTD.", "longName": "Anuh Pharma Limited", "firstTradeDateEpochUtc": "2002-07-08 09:15:00", "timeZoneFullName": "Asia/Kolkata", "timeZoneShortName": "IST", "uuid": "67e5f7d5-7b39-3df0-a3a0-c03bc50a42c6", "messageBoardId": null, "gmtOffSetMilliseconds": 19800000, "maxAge": 1}, "incomeStatementHistory": {"incomeStatementHistory": [{"maxAge": 1, "endDate": "2020-03-31", "totalRevenue": 3069596000, "costOfRevenue": 2332221000, "grossProfit": 737375000, "researchDevelopment": {}, "sellingGeneralAdministrative": 138854000, "nonRecurring": {}, "otherOperatingExpenses": 299048000, "totalOperatingExpenses": 2838736000, "operatingIncome": 230860000, "totalOtherIncomeExpenseNet": -39304000, "ebit": 230860000, "interestExpense": -7922000, "incomeBeforeTax": 191556000, "incomeTaxExpense": 48503000, "minorityInterest": {}, "netIncomeFromContinuingOps": 143053000, "discontinuedOperations": {}, "extraordinaryItems": {}, "effectOfAccountingCharges": {}, "otherItems": {}, "netIncome": 143053000, "netIncomeApplicableToCommonShares": 143053000}, {"maxAge": 1, "endDate": "2019-03-31", "totalRevenue": 3206643000, "costOfRevenue": 2471012000, "grossProfit": 735631000, "researchDevelopment": {}, "sellingGeneralAdministrative": 114359000, "nonRecurring": {}, "otherOperatingExpenses": 281242000, "totalOperatingExpenses": 2881522000, "operatingIncome": 325121000, "totalOtherIncomeExpenseNet": -1109000, "ebit": 325121000, "interestExpense": -1710000, "incomeBeforeTax": 324012000, "incomeTaxExpense": 90353000, "minorityInterest": {}, "netIncomeFromContinuingOps": 233659000, "discontinuedOperations": {}, "extraordinaryItems": {}, "effectOfAccountingCharges": {}, "otherItems": {}, "netIncome": 233659000, "netIncomeApplicableToCommonShares": 233659000}, {"maxAge": 1, "endDate": "2018-03-31", "totalRevenue": 2380880000, "costOfRevenue": 1837473000, "grossProfit": 543407000, "researchDevelopment": {}, "sellingGeneralAdministrative": 96164000, "nonRecurring": {}, "otherOperatingExpenses": 234884000, "totalOperatingExpenses": 2197669000, "operatingIncome": 183211000, "totalOtherIncomeExpenseNet": 50960000, "ebit": 183211000, "interestExpense": -405000, "incomeBeforeTax": 234171000, "incomeTaxExpense": 69047000, "minorityInterest": {}, "netIncomeFromContinuingOps": 165124000, "discontinuedOperations": {}, "extraordinaryItems": {}, "effectOfAccountingCharges": {}, "otherItems": {}, "netIncome": 165124000, "netIncomeApplicableToCommonShares": 165124000}, {"maxAge": 1, "endDate": "2017-03-31", "totalRevenue": 2061471000, "costOfRevenue": 1529898000, "grossProfit": 531573000, "researchDevelopment": {}, "sellingGeneralAdministrative": 79315000, "nonRecurring": {}, "otherOperatingExpenses": 232983000, "totalOperatingExpenses": 1860162000, "operatingIncome": 201309000, "totalOtherIncomeExpenseNet": 74551000, "ebit": 201309000, "interestExpense": -354000, "incomeBeforeTax": 275860000, "incomeTaxExpense": 75354000, "minorityInterest": {}, "netIncomeFromContinuingOps": 200506000, "discontinuedOperations": {}, "extraordinaryItems": {}, "effectOfAccountingCharges": {}, "otherItems": {}, "netIncome": 200506000, "netIncomeApplicableToCommonShares": 200506000}], "maxAge": 86400}, "fundOwnership": {"maxAge": 1, "ownershipList": []}, "summaryDetail": {"maxAge": 1, "priceHint": 2, "previousClose": 133.65, "open": 131.0, "dayLow": 126.35, "dayHigh": 132.8, "regularMarketPreviousClose": 133.65, "regularMarketOpen": 131.0, "regularMarketDayLow": 126.35, "regularMarketDayHigh": 132.8, "trailingPE": 26.03067, "forwardPE": 10.678104, "volume": 62770, "regularMarketVolume": 62770, "averageVolume": 51691, "averageVolume10days": 101210, "averageDailyVolume10Day": 101210, "bid": 131.2, "ask": 131.95, "bidSize": 0, "askSize": 0, "marketCap": 6549638144, "fiftyTwoWeekLow": 97.4, "fiftyTwoWeekHigh": 437.4, "fiftyDayAverage": 131.41765, "twoHundredDayAverage": 194.52757, "trailingAnnualDividendRate": 2.75, "trailingAnnualDividendYield": 0.020576132, "currency": "INR", "fromCurrency": null, "toCurrency": null, "lastMarket": null, "algorithm": null, "tradeable": false}, "sectorTrend": {"maxAge": 1, "symbol": null, "estimates": []}, "incomeStatementHistoryQuarterly": {"incomeStatementHistory": [{"maxAge": 1, "endDate": "2020-06-30", "totalRevenue": 1242477000, "costOfRevenue": 860304000, "grossProfit": 382173000, "researchDevelopment": {}, "sellingGeneralAdministrative": 34429000, "nonRecurring": {}, "otherOperatingExpenses": 113908000, "totalOperatingExpenses": 1045945000, "operatingIncome": 196532000, "totalOtherIncomeExpenseNet": 26484000, "ebit": 196532000, "interestExpense": -4480000, "incomeBeforeTax": 223016000, "incomeTaxExpense": 55806000, "minorityInterest": {}, "netIncomeFromContinuingOps": 167210000, "discontinuedOperations": {}, "extraordinaryItems": {}, "effectOfAccountingCharges": {}, "otherItems": {}, "netIncome": 167210000, "netIncomeApplicableToCommonShares": 167210000}, {"maxAge": 1, "endDate": "2020-03-31", "totalRevenue": 720525000, "costOfRevenue": 540108000, "grossProfit": 180417000, "researchDevelopment": {}, "sellingGeneralAdministrative": 42283000, "nonRecurring": {}, "otherOperatingExpenses": 47451000, "totalOperatingExpenses": 668793000, "operatingIncome": 51732000, "totalOtherIncomeExpenseNet": -67896000, "ebit": 51732000, "interestExpense": -5454000, "incomeBeforeTax": -16164000, "incomeTaxExpense": -6965000, "minorityInterest": {}, "netIncomeFromContinuingOps": -9199000, "discontinuedOperations": {}, "extraordinaryItems": {}, "effectOfAccountingCharges": {}, "otherItems": {}, "netIncome": -9199000, "netIncomeApplicableToCommonShares": -9199000}, {"maxAge": 1, "endDate": "2019-12-31", "totalRevenue": 758582000, "costOfRevenue": 557624000, "grossProfit": 200958000, "researchDevelopment": {}, "sellingGeneralAdministrative": 33222000, "nonRecurring": {}, "otherOperatingExpenses": 81934000, "totalOperatingExpenses": 683139000, "operatingIncome": 75443000, "totalOtherIncomeExpenseNet": 9066000, "ebit": 75443000, "interestExpense": -1104000, "incomeBeforeTax": 84509000, "incomeTaxExpense": 21089000, "minorityInterest": {}, "netIncomeFromContinuingOps": 63420000, "discontinuedOperations": {}, "extraordinaryItems": {}, "effectOfAccountingCharges": {}, "otherItems": {}, "netIncome": 63420000, "netIncomeApplicableToCommonShares": 63420000}, {"maxAge": 1, "endDate": "2019-09-30", "totalRevenue": 741546000, "costOfRevenue": 570137000, "grossProfit": 171409000, "researchDevelopment": {}, "sellingGeneralAdministrative": 32111000, "nonRecurring": {}, "otherOperatingExpenses": 93495000, "totalOperatingExpenses": 705848000, "operatingIncome": 35698000, "totalOtherIncomeExpenseNet": 7755000, "ebit": 35698000, "interestExpense": -571000, "incomeBeforeTax": 43453000, "incomeTaxExpense": 13358000, "minorityInterest": {}, "netIncomeFromContinuingOps": 30095000, "discontinuedOperations": {}, "extraordinaryItems": {}, "effectOfAccountingCharges": {}, "otherItems": {}, "netIncome": 30095000, "netIncomeApplicableToCommonShares": 30095000}], "maxAge": 86400}, "cashflowStatementHistoryQuarterly": {"cashflowStatements": [{"maxAge": 1, "endDate": "2020-06-30", "netIncome": 167210000, "changeToLiabilities": 0}, {"maxAge": 1, "endDate": "2020-03-31", "netIncome": -9199000, "changeToLiabilities": 0}, {"maxAge": 1, "endDate": "2019-12-31", "netIncome": 63420000, "changeToLiabilities": 0}, {"maxAge": 1, "endDate": "2019-09-30", "netIncome": 30095000, "changeToLiabilities": 0}], "maxAge": 86400}, "insiderHolders": {"holders": [{"maxAge": 1, "name": "Kocha (Amisha Dipen)", "relation": "Promoter", "url": "", "transactionDescription": "Sale", "latestTransDate": "2020-09-04", "positionDirect": 26526, "positionDirectDate": "2020-09-04"}, {"maxAge": 1, "name": "Shah (Bharat Nemchand)", "relation": "Director (Non-Executive)", "url": "", "transactionDescription": "Purchase", "latestTransDate": "2020-09-18", "positionDirect": 989912, "positionDirectDate": "2020-09-18"}, {"maxAge": 1, "name": "Shah (Bharat Nemchand) HUF", "relation": "UNREPORTED", "url": "", "transactionDescription": "Sale", "latestTransDate": "2020-09-18", "positionDirect": 0, "positionDirectDate": "2020-09-18"}, {"maxAge": 1, "name": "Shah (Dina Satish)", "relation": "Promoter", "url": "", "transactionDescription": "Sale", "latestTransDate": "2020-09-14", "positionDirect": 595570, "positionDirectDate": "2020-09-14"}, {"maxAge": 1, "name": "Shah (Harshit Nharat)", "relation": "Promoter", "url": "", "transactionDescription": "Purchase", "latestTransDate": "2020-09-18", "positionDirect": 124247, "positionDirectDate": "2020-09-18"}, {"maxAge": 1, "name": "Shah (Ketan Lalitkumar)", "relation": "UNREPORTED", "url": "", "transactionDescription": "Sale", "latestTransDate": "2020-09-29", "positionDirect": 29400, "positionDirectDate": "2020-09-29"}, {"maxAge": 1, "name": "Shah (Mahesh Kantilal)", "relation": "Promoter", "url": "", "transactionDescription": "Sale", "latestTransDate": "2020-08-24", "positionDirect": 42000, "positionDirectDate": "2020-08-24"}, {"maxAge": 1, "name": "Shah (Surekha Bharat)", "relation": "UNREPORTED", "url": "", "transactionDescription": "Sale", "latestTransDate": "2020-09-30", "positionDirect": 105072, "positionDirectDate": "2020-09-30"}, {"maxAge": 1, "name": "Shroff (Bijal Kaushal)", "relation": "Promoter", "url": "", "transactionDescription": "Sale", "latestTransDate": "2020-09-03", "positionDirect": 52666, "positionDirectDate": "2020-09-03"}], "maxAge": 1}, "earnings": {"maxAge": 86400, "earningsChart": {"quarterly": [], "earningsDate": ["2020-11-14 05:30:S"]}, "financialsChart": {"yearly": [{"date": 2017, "revenue": 2061471000, "earnings": 200506000}, {"date": 2018, "revenue": 2380880000, "earnings": 165124000}, {"date": 2019, "revenue": 3206643000, "earnings": 233659000}, {"date": 2020, "revenue": 3069596000, "earnings": 143053000}], "quarterly": [{"date": "3Q2019", "revenue": 741546000, "earnings": 30095000}, {"date": "4Q2019", "revenue": 758582000, "earnings": 63420000}, {"date": "1Q2020", "revenue": 720525000, "earnings": -9199000}, {"date": "2Q2020", "revenue": 1242477000, "earnings": 167210000}]}, "financialCurrency": "INR"}, "calendarEvents": {"maxAge": 1, "earnings": {"earningsDate": ["2020-11-14 05:30:S"]}}, "price": {"maxAge": 1, "regularMarketChangePercent": -0.022072555, "regularMarketChange": -2.949997, "regularMarketTime": "2021-04-30 15:51:55", "priceHint": 2, "regularMarketPrice": 130.7, "regularMarketDayHigh": 132.8, "regularMarketDayLow": 126.35, "regularMarketVolume": 62770, "averageDailyVolume10Day": 101210, "averageDailyVolume3Month": 51691, "regularMarketPreviousClose": 133.65, "regularMarketSource": "FREE_REALTIME", "regularMarketOpen": 131.0, "exchange": "BSE", "exchangeName": "BSE", "exchangeDataDelayedBy": 0, "marketState": "CLOSED", "quoteType": "EQUITY", "symbol": "ANUHPHR.BO", "underlyingSymbol": null, "shortName": "ANUH PHARMA LTD.", "longName": "Anuh Pharma Limited", "currency": "INR", "quoteSourceName": "Delayed Quote", "currencySymbol": "\u20b9", "fromCurrency": null, "toCurrency": null, "lastMarket": null, "marketCap": 6549638144}, "balanceSheetHistory": {"balanceSheetStatements": [{"maxAge": 1, "endDate": "2020-03-31", "cash": 18452000, "netReceivables": 892084000, "inventory": 614875000, "otherCurrentAssets": 42773000, "totalCurrentAssets": 2229549000, "longTermInvestments": 136952000, "propertyPlantEquipment": 837539000, "intangibleAssets": 2890000, "otherAssets": 56813000, "totalAssets": 3263743000, "accountsPayable": 1046387000, "otherCurrentLiab": 123361000, "otherLiab": 13802000, "totalCurrentLiabilities": 1627090000, "totalLiab": 1641669000, "commonStock": 125280000, "retainedEarnings": 1496338000, "treasuryStock": 456000, "otherStockholderEquity": 456000, "totalStockholderEquity": 1622074000, "netTangibleAssets": 1619184000}, {"maxAge": 1, "endDate": "2019-03-31", "cash": 72724000, "shortTermInvestments": 86204000, "netReceivables": 859066000, "inventory": 428507000, "otherCurrentAssets": 73052000, "totalCurrentAssets": 1521802000, "longTermInvestments": 300341000, "propertyPlantEquipment": 546782000, "intangibleAssets": 3457000, "otherAssets": 30349000, "deferredLongTermAssetCharges": 9051000, "totalAssets": 2402731000, "accountsPayable": 589159000, "otherCurrentLiab": 109722000, "otherLiab": 8684000, "totalCurrentLiabilities": 748019000, "totalLiab": 756703000, "commonStock": 125280000, "retainedEarnings": 1519370000, "treasuryStock": 1378000, "otherStockholderEquity": 1378000, "totalStockholderEquity": 1646028000, "netTangibleAssets": 1642571000}, {"maxAge": 1, "endDate": "2018-03-31", "cash": 37991000, "netReceivables": 776073000, "inventory": 319040000, "otherCurrentAssets": 48325000, "totalCurrentAssets": 1541755000, "longTermInvestments": 306957000, "propertyPlantEquipment": 222483000, "intangibleAssets": 3706000, "otherAssets": 17024000, "deferredLongTermAssetCharges": 11448000, "totalAssets": 2091925000, "accountsPayable": 519838000, "otherCurrentLiab": 37601000, "otherLiab": 9483000, "totalCurrentLiabilities": 586290000, "totalLiab": 595773000, "commonStock": 125280000, "retainedEarnings": 1369357000, "treasuryStock": 1515000, "otherStockholderEquity": 1515000, "totalStockholderEquity": 1496152000, "netTangibleAssets": 1492446000}, {"maxAge": 1, "endDate": "2017-03-31", "cash": 52030000, "netReceivables": 585263000, "inventory": 298206000, "otherCurrentAssets": 46593000, "totalCurrentAssets": 1379637000, "longTermInvestments": 311307000, "propertyPlantEquipment": 172131000, "intangibleAssets": 3732000, "otherAssets": 20158000, "deferredLongTermAssetCharges": 12168000, "totalAssets": 1886965000, "accountsPayable": 421830000, "otherCurrentLiab": 43722000, "otherLiab": 7270000, "totalCurrentLiabilities": 474185000, "totalLiab": 481455000, "commonStock": 125280000, "retainedEarnings": 1279233000, "treasuryStock": 997000, "otherStockholderEquity": 997000, "totalStockholderEquity": 1405510000, "netTangibleAssets": 1401778000}], "maxAge": 86400}, "earningsTrend": {"trend": [{"maxAge": 1, "period": "0q", "endDate": null, "growth": {}, "earningsEstimate": {"avg": 0.0, "low": 0.0, "high": 0.0, "yearAgoEps": {}, "numberOfAnalysts": 0, "growth": {}}, "revenueEstimate": {"avg": 0, "low": 0, "high": 0, "numberOfAnalysts": 0, "yearAgoRevenue": {}, "growth": {}}, "epsTrend": {"current": 0.0, "7daysAgo": 0.0, "30daysAgo": 0.0, "60daysAgo": 0.0, "90daysAgo": 0.0}, "epsRevisions": {"upLast7days": 0, "upLast30days": 0, "downLast30days": 0, "downLast90days": {}}}, {"maxAge": 1, "period": "+1q", "endDate": null, "growth": {}, "earningsEstimate": {"avg": 0.0, "low": 0.0, "high": 0.0, "yearAgoEps": {}, "numberOfAnalysts": 0, "growth": {}}, "revenueEstimate": {"avg": 0, "low": 0, "high": 0, "numberOfAnalysts": 0, "yearAgoRevenue": {}, "growth": {}}, "epsTrend": {"current": 0.0, "7daysAgo": 0.0, "30daysAgo": 0.0, "60daysAgo": 0.0, "90daysAgo": 0.0}, "epsRevisions": {"upLast7days": 0, "upLast30days": 0, "downLast30days": 0, "downLast90days": {}}}, {"maxAge": 1, "period": "0y", "endDate": null, "growth": {}, "earningsEstimate": {"avg": 0.0, "low": 0.0, "high": 0.0, "yearAgoEps": {}, "numberOfAnalysts": 0, "growth": {}}, "revenueEstimate": {"avg": 0, "low": 0, "high": 0, "numberOfAnalysts": 0, "yearAgoRevenue": {}, "growth": {}}, "epsTrend": {"current": 0.0, "7daysAgo": 0.0, "30daysAgo": 0.0, "60daysAgo": 0.0, "90daysAgo": 0.0}, "epsRevisions": {"upLast7days": 0, "upLast30days": 0, "downLast30days": 0, "downLast90days": {}}}, {"maxAge": 1, "period": "+1y", "endDate": null, "growth": {}, "earningsEstimate": {"avg": 0.0, "low": 0.0, "high": 0.0, "yearAgoEps": {}, "numberOfAnalysts": 0, "growth": {}}, "revenueEstimate": {"avg": 0, "low": 0, "high": 0, "numberOfAnalysts": 0, "yearAgoRevenue": {}, "growth": {}}, "epsTrend": {"current": 0.0, "7daysAgo": 0.0, "30daysAgo": 0.0, "60daysAgo": 0.0, "90daysAgo": 0.0}, "epsRevisions": {"upLast7days": 0, "upLast30days": 0, "downLast30days": 0, "downLast90days": {}}}, {"maxAge": 1, "period": "+5y", "endDate": null, "growth": {}, "earningsEstimate": {"avg": {}, "low": {}, "high": {}, "yearAgoEps": {}, "numberOfAnalysts": {}, "growth": {}}, "revenueEstimate": {"avg": {}, "low": {}, "high": {}, "numberOfAnalysts": {}, "yearAgoRevenue": {}, "growth": {}}, "epsTrend": {"current": {}, "7daysAgo": {}, "30daysAgo": {}, "60daysAgo": {}, "90daysAgo": {}}, "epsRevisions": {"upLast7days": {}, "upLast30days": {}, "downLast30days": {}, "downLast90days": {}}}, {"maxAge": 1, "period": "-5y", "endDate": null, "growth": {}, "earningsEstimate": {"avg": {}, "low": {}, "high": {}, "yearAgoEps": {}, "numberOfAnalysts": {}, "growth": {}}, "revenueEstimate": {"avg": {}, "low": {}, "high": {}, "numberOfAnalysts": {}, "yearAgoRevenue": {}, "growth": {}}, "epsTrend": {"current": {}, "7daysAgo": {}, "30daysAgo": {}, "60daysAgo": {}, "90daysAgo": {}}, "epsRevisions": {"upLast7days": {}, "upLast30days": {}, "downLast30days": {}, "downLast90days": {}}}], "maxAge": 1}, "financialData": {"maxAge": 86400, "currentPrice": 130.7, "targetHighPrice": 285.0, "targetLowPrice": 285.0, "targetMeanPrice": 285.0, "targetMedianPrice": 285.0, "recommendationKey": "none", "numberOfAnalystOpinions": 1, "grossProfits": 737375000, "financialCurrency": "INR"}}}