{"ANURAS.NS": {"assetProfile": {"address1": "8110, Sachin G.I.D.C. Estate", "address2": "Sachin", "city": "Surat", "zip": "394230", "country": "India", "phone": "91 26 1239 8991", "website": "http://www.anupamrasayan.com", "industry": "Specialty Chemicals", "sector": "Basic Materials", "longBusinessSummary": "Anupam Rasayan India Ltd. engages in the custom synthesis and manufacturing of specialty chemicals in India. The company offers life science related specialty chemicals, such as agro intermediates and agro active ingredients for the agrochemicals industry; anti-bacterial and ultra violet protection intermediates and ingredients for the personal care industry; and intermediates and key starting materials for active pharmaceutical ingredients. It also provides other specialty chemicals used in various end-user segments, comprising specialty pigments, specialty dyes, and polymer additives. The company also exports its products. Anupam Rasayan India Ltd. was founded in 1977 and is headquartered in Surat, India.", "fullTimeEmployees": 1127, "companyOfficers": [{"maxAge": 1, "name": "Mr. Anand S. Desai", "age": 47, "title": "MD & Director", "yearBorn": 1973, "exercisedValue": 0, "unexercisedValue": 0}, {"maxAge": 1, "name": "Ms. Mona A Desai", "age": 45, "title": "Vice Chairman & Whole-Time Director", "yearBorn": 1975, "exercisedValue": 0, "unexercisedValue": 0}, {"maxAge": 1, "name": "Mr. Afzal  Malkani", "title": "Chief Financial Officer", "exercisedValue": 0, "unexercisedValue": 0}, {"maxAge": 1, "name": "Dr. Nileshkumar  Naik", "title": "Technical Head", "exercisedValue": 0, "unexercisedValue": 0}, {"maxAge": 1, "name": "Ms. Suchi  Agarwal", "title": "Company Sec. & Compliance Officer", "exercisedValue": 0, "unexercisedValue": 0}, {"maxAge": 1, "name": "Mr. Ravi  Desai", "title": "Sales Head", "exercisedValue": 0, "unexercisedValue": 0}, {"maxAge": 1, "name": "Dr. Anuj  Thakar", "title": "Head of R&D and Unit II Head", "exercisedValue": 0, "unexercisedValue": 0}], "maxAge": 86400}, "cashflowStatementHistory": {"cashflowStatements": [{"maxAge": 1, "endDate": "2020-03-31", "netIncome": 529750000, "depreciation": 287120000, "changeToNetincome": 614580000, "changeToAccountReceivables": -6810000, "changeToLiabilities": 580480000, "changeToInventory": -1016720000, "changeToOperatingActivities": -38970000, "totalCashFromOperatingActivities": 949430000, "capitalExpenditures": -1803890000, "investments": 17350000, "totalCashflowsFromInvestingActivities": -1781970000, "netBorrowings": 1099040000, "otherCashflowsFromFinancingActivities": -438460000, "totalCashFromFinancingActivities": 1014250000, "changeInCash": 181720000}, {"maxAge": 1, "endDate": "2019-03-31", "netIncome": 492480000, "depreciation": 225280000, "changeToNetincome": 252610000, "changeToAccountReceivables": -531980000, "changeToLiabilities": 342410000, "changeToInventory": -228510000, "changeToOperatingActivities": -163090000, "totalCashFromOperatingActivities": 389200000, "capitalExpenditures": -2482650000, "investments": -22850000, "otherCashflowsFromInvestingActivities": 10000, "totalCashflowsFromInvestingActivities": -2502140000, "netBorrowings": 2300970000, "otherCashflowsFromFinancingActivities": -243540000, "totalCashFromFinancingActivities": 2057430000, "changeInCash": -55520000}, {"maxAge": 1, "endDate": "2018-03-31", "netIncome": 413070000, "depreciation": 175740000, "changeToNetincome": 146170000, "changeToAccountReceivables": -430480000, "changeToLiabilities": 293110000, "changeToInventory": -693890000, "changeToOperatingActivities": -106330000, "totalCashFromOperatingActivities": -202610000, "capitalExpenditures": -2556080000, "investments": 4810000, "otherCashflowsFromInvestingActivities": 10000, "totalCashflowsFromInvestingActivities": -2551270000, "netBorrowings": 1208920000, "otherCashflowsFromFinancingActivities": -139590000, "totalCashFromFinancingActivities": 2748440000, "changeInCash": -5440000}, {"maxAge": 1, "endDate": "2017-03-31", "netIncome": 347898738, "depreciation": 153751531, "changeToNetincome": 310775650, "changeToAccountReceivables": -367161445, "changeToLiabilities": 190315675, "changeToInventory": -276488926, "changeToOperatingActivities": -188519152, "totalCashFromOperatingActivities": 170572071, "capitalExpenditures": -930000170, "investments": -2103383, "otherCashflowsFromInvestingActivities": 10000, "totalCashflowsFromInvestingActivities": -930988483, "netBorrowings": 264902355, "otherCashflowsFromFinancingActivities": -211243951, "totalCashFromFinancingActivities": 729660174, "changeInCash": -30756238}], "maxAge": 86400}, "institutionOwnership": {"maxAge": 1, "ownershipList": []}, "majorHoldersBreakdown": {"maxAge": 1, "insidersPercentHeld": 0.0, "institutionsPercentHeld": 0.0133299995, "institutionsFloatPercentHeld": 0.0133299995, "institutionsCount": 2}, "balanceSheetHistoryQuarterly": {"balanceSheetStatements": [{"maxAge": 1, "endDate": "2020-09-30", "cash": 555720000, "shortTermInvestments": 65070000, "netReceivables": 2273680000, "inventory": 3584310000, "otherCurrentAssets": 463360000, "totalCurrentAssets": 6954260000, "longTermInvestments": 9940000, "propertyPlantEquipment": 10897850000, "intangibleAssets": 119490000, "otherAssets": 341410000, "totalAssets": 18322950000, "accountsPayable": 1303260000, "shortLongTermDebt": 1132070000, "otherCurrentLiab": 617870000, "longTermDebt": 5065230000, "otherLiab": 218070000, "totalCurrentLiabilities": 6060540000, "totalLiab": 11687120000, "commonStock": 517700000, "retainedEarnings": 3006210000, "treasuryStock": -20620000, "capitalSurplus": 2851290000, "otherStockholderEquity": -20620000, "totalStockholderEquity": 6354580000, "netTangibleAssets": 6235090000}, {"maxAge": 1, "endDate": "2020-06-30", "cash": 555720000, "shortTermInvestments": 65070000, "netReceivables": 2273680000, "inventory": 3584310000, "otherCurrentAssets": 463360000, "totalCurrentAssets": 6954260000, "longTermInvestments": 9940000, "propertyPlantEquipment": 10897850000, "intangibleAssets": 119490000, "otherAssets": 341410000, "totalAssets": 18322950000, "accountsPayable": 1303260000, "shortLongTermDebt": 1132070000, "otherCurrentLiab": 617870000, "longTermDebt": 5065230000, "otherLiab": 218070000, "totalCurrentLiabilities": 6060540000, "totalLiab": 11687120000, "commonStock": 517700000, "retainedEarnings": 3006210000, "treasuryStock": -20620000, "capitalSurplus": 2851290000, "otherStockholderEquity": -20620000, "totalStockholderEquity": 6354580000, "netTangibleAssets": 6235090000}, {"maxAge": 1, "endDate": "2020-03-31", "cash": 200190000, "shortTermInvestments": 68120000, "netReceivables": 1790710000, "inventory": 2970430000, "otherCurrentAssets": 470920000, "totalCurrentAssets": 5515330000, "longTermInvestments": 9840000, "propertyPlantEquipment": 10654970000, "intangibleAssets": 127930000, "otherAssets": 332610000, "totalAssets": 16640680000, "accountsPayable": 965530000, "shortLongTermDebt": 566720000, "otherCurrentLiab": 638240000, "longTermDebt": 5242350000, "otherLiab": 191690000, "totalCurrentLiabilities": 4939800000, "totalLiab": 10703450000, "commonStock": 500000000, "retainedEarnings": 2741380000, "treasuryStock": -12920000, "capitalSurplus": 2427520000, "otherStockholderEquity": -12920000, "totalStockholderEquity": 5655980000, "netTangibleAssets": 5528050000}, {"maxAge": 1, "endDate": "2019-12-31", "cash": 200190000, "shortTermInvestments": 68120000, "netReceivables": 1790710000, "inventory": 2970430000, "otherCurrentAssets": 470920000, "totalCurrentAssets": 5515330000, "longTermInvestments": 9840000, "propertyPlantEquipment": 10654970000, "intangibleAssets": 127930000, "otherAssets": 332610000, "totalAssets": 16640680000, "accountsPayable": 965530000, "shortLongTermDebt": 566720000, "otherCurrentLiab": 638240000, "longTermDebt": 5242350000, "otherLiab": 191690000, "totalCurrentLiabilities": 4939800000, "totalLiab": 10703450000, "commonStock": 500000000, "retainedEarnings": 2741380000, "treasuryStock": -12920000, "capitalSurplus": 2427520000, "otherStockholderEquity": -12920000, "totalStockholderEquity": 5655980000, "netTangibleAssets": 5528050000}], "maxAge": 86400}, "indexTrend": {"maxAge": 1, "symbol": "SP5", "peRatio": 19.7411, "pegRatio": 1.34172, "estimates": [{"period": "0q", "growth": 0.549}, {"period": "+1q", "growth": 0.431}, {"period": "0y", "growth": 0.305}, {"period": "+1y", "growth": 0.109}, {"period": "+5y", "growth": 0.120865}, {"period": "-5y"}]}, "defaultKeyStatistics": {"maxAge": 1, "priceHint": 2, "enterpriseValue": 62460084224, "profitMargins": 0.0887, "sharesOutstanding": 99922400, "heldPercentInsiders": 0.0, "heldPercentInstitutions": 0.0133299995, "category": null, "bookValue": 122.746, "priceToBook": 5.0857053, "fundFamily": null, "legalType": null, "lastFiscalYearEnd": "2020-03-31 05:30:00", "nextFiscalYearEnd": "2022-03-31 05:30:00", "mostRecentQuarter": "2020-09-30 05:30:00", "earningsQuarterlyGrowth": 0.218, "netIncomeToCommon": 577190016, "trailingEps": 7.391, "lastSplitFactor": null, "enterpriseToRevenue": 9.599, "enterpriseToEbitda": 37.597, "52WeekChange": 0.1849848, "SandP52WeekChange": 0.48148263}, "summaryProfile": {"address1": "8110, Sachin G.I.D.C. Estate", "address2": "Sachin", "city": "Surat", "zip": "394230", "country": "India", "phone": "91 26 1239 8991", "website": "http://www.anupamrasayan.com", "industry": "Specialty Chemicals", "sector": "Basic Materials", "longBusinessSummary": "Anupam Rasayan India Ltd. engages in the custom synthesis and manufacturing of specialty chemicals in India. The company offers life science related specialty chemicals, such as agro intermediates and agro active ingredients for the agrochemicals industry; anti-bacterial and ultra violet protection intermediates and ingredients for the personal care industry; and intermediates and key starting materials for active pharmaceutical ingredients. It also provides other specialty chemicals used in various end-user segments, comprising specialty pigments, specialty dyes, and polymer additives. The company also exports its products. Anupam Rasayan India Ltd. was founded in 1977 and is headquartered in Surat, India.", "fullTimeEmployees": 1127, "companyOfficers": [], "maxAge": 86400}, "netSharePurchaseActivity": {"maxAge": 1, "period": "6m", "buyInfoCount": 0, "buyInfoShares": 0, "sellInfoCount": 0, "netInfoCount": 0, "netInfoShares": 0, "totalInsiderShares": 0}, "quoteType": {"exchange": "NSI", "quoteType": "EQUITY", "symbol": "ANURAS.NS", "underlyingSymbol": "ANURAS.NS", "shortName": "Anupam Rasayan India Ltd", "longName": "Anupam Rasayan India Limited", "firstTradeDateEpochUtc": "2021-03-24 09:15:00", "timeZoneFullName": "Asia/Kolkata", "timeZoneShortName": "IST", "uuid": "9215507c-0884-3c91-bfaa-ce1f1b6b2537", "messageBoardId": "finmb_79064609", "gmtOffSetMilliseconds": 19800000, "maxAge": 1}, "incomeStatementHistory": {"incomeStatementHistory": [{"maxAge": 1, "endDate": "2020-03-31", "totalRevenue": 5288800000, "costOfRevenue": 2121630000, "grossProfit": 3167170000, "researchDevelopment": {}, "sellingGeneralAdministrative": 209930000, "nonRecurring": {}, "otherOperatingExpenses": 1485600000, "totalOperatingExpenses": 4114640000, "operatingIncome": 1174160000, "totalOtherIncomeExpenseNet": -460450000, "ebit": 1174160000, "interestExpense": -365350000, "incomeBeforeTax": 713710000, "incomeTaxExpense": 183960000, "minorityInterest": {}, "netIncomeFromContinuingOps": 529750000, "discontinuedOperations": {}, "extraordinaryItems": {}, "effectOfAccountingCharges": {}, "otherItems": {}, "netIncome": 529750000, "netIncomeApplicableToCommonShares": 529750000}, {"maxAge": 1, "endDate": "2019-03-31", "totalRevenue": 5014970000, "costOfRevenue": 2578840000, "grossProfit": 2436130000, "researchDevelopment": {}, "sellingGeneralAdministrative": 185930000, "nonRecurring": {}, "otherOperatingExpenses": 1206570000, "totalOperatingExpenses": 4196620000, "operatingIncome": 818350000, "totalOtherIncomeExpenseNet": -170790000, "ebit": 818350000, "interestExpense": -149020000, "incomeBeforeTax": 647560000, "incomeTaxExpense": 155080000, "minorityInterest": {}, "netIncomeFromContinuingOps": 492480000, "discontinuedOperations": {}, "extraordinaryItems": {}, "effectOfAccountingCharges": {}, "otherItems": {}, "netIncome": 492480000, "netIncomeApplicableToCommonShares": 492480000}, {"maxAge": 1, "endDate": "2018-03-31", "totalRevenue": 3414260000, "costOfRevenue": 1542190000, "grossProfit": 1872070000, "researchDevelopment": {}, "sellingGeneralAdministrative": 159180000, "nonRecurring": {}, "otherOperatingExpenses": 924100000, "totalOperatingExpenses": 2801210000, "operatingIncome": 613050000, "totalOtherIncomeExpenseNet": -105750000, "ebit": 613050000, "interestExpense": -113300000, "incomeBeforeTax": 507300000, "incomeTaxExpense": 94230000, "minorityInterest": {}, "netIncomeFromContinuingOps": 413070000, "discontinuedOperations": {}, "extraordinaryItems": {}, "effectOfAccountingCharges": {}, "otherItems": {}, "netIncome": 413070000, "netIncomeApplicableToCommonShares": 413070000}, {"maxAge": 1, "endDate": "2017-03-31", "totalRevenue": 2837943433, "costOfRevenue": 1234274965, "grossProfit": 1603668468, "researchDevelopment": {}, "sellingGeneralAdministrative": 129399221, "nonRecurring": {}, "otherOperatingExpenses": 734349615, "totalOperatingExpenses": 2251775332, "operatingIncome": 586168101, "totalOtherIncomeExpenseNet": -138737664, "ebit": 586168101, "interestExpense": -191522364, "incomeBeforeTax": 447430437, "incomeTaxExpense": 99531699, "minorityInterest": {}, "netIncomeFromContinuingOps": 347898738, "discontinuedOperations": {}, "extraordinaryItems": {}, "effectOfAccountingCharges": {}, "otherItems": {}, "netIncome": 347898738, "netIncomeApplicableToCommonShares": 347898738}], "maxAge": 86400}, "fundOwnership": {"maxAge": 1, "ownershipList": []}, "summaryDetail": {"maxAge": 1, "priceHint": 2, "previousClose": 632.2, "open": 624.0, "dayLow": 618.35, "dayHigh": 639.95, "regularMarketPreviousClose": 632.2, "regularMarketOpen": 624.0, "regularMarketDayLow": 618.35, "regularMarketDayHigh": 639.95, "payoutRatio": 0.0, "trailingPE": 84.46083, "volume": 396090, "regularMarketVolume": 396090, "averageVolume": 1393625, "averageVolume10days": 748735, "averageDailyVolume10Day": 748735, "bid": 0.0, "ask": 0.0, "marketCap": 62327242752, "fiftyTwoWeekLow": 474.0, "fiftyTwoWeekHigh": 662.5, "priceToSalesTrailing12Months": 9.578153, "fiftyDayAverage": 557.2107, "twoHundredDayAverage": 557.2107, "currency": "INR", "fromCurrency": null, "toCurrency": null, "lastMarket": null, "algorithm": null, "tradeable": false}, "incomeStatementHistoryQuarterly": {"incomeStatementHistory": [{"maxAge": 1, "endDate": "2020-09-30", "totalRevenue": 1807870000, "costOfRevenue": 810930000, "grossProfit": 996940000, "researchDevelopment": {}, "sellingGeneralAdministrative": 66990000, "nonRecurring": {}, "otherOperatingExpenses": 510725000, "totalOperatingExpenses": 1514500000, "operatingIncome": 293370000, "totalOtherIncomeExpenseNet": -115740000, "ebit": 293370000, "interestExpense": -139175000, "incomeBeforeTax": 177630000, "incomeTaxExpense": 45215000, "minorityInterest": {}, "netIncomeFromContinuingOps": 132415000, "discontinuedOperations": {}, "extraordinaryItems": {}, "effectOfAccountingCharges": {}, "otherItems": {}, "netIncome": 132415000, "netIncomeApplicableToCommonShares": 132415000}, {"maxAge": 1, "endDate": "2020-06-30", "totalRevenue": 1807870000, "costOfRevenue": 810930000, "grossProfit": 996940000, "researchDevelopment": {}, "sellingGeneralAdministrative": 66990000, "nonRecurring": {}, "otherOperatingExpenses": 510725000, "totalOperatingExpenses": 1514500000, "operatingIncome": 293370000, "totalOtherIncomeExpenseNet": -115740000, "ebit": 293370000, "interestExpense": -139175000, "incomeBeforeTax": 177630000, "incomeTaxExpense": 45215000, "minorityInterest": {}, "netIncomeFromContinuingOps": 132415000, "discontinuedOperations": {}, "extraordinaryItems": {}, "effectOfAccountingCharges": {}, "otherItems": {}, "netIncome": 132415000, "netIncomeApplicableToCommonShares": 132415000}, {"maxAge": 1, "endDate": "2020-03-31", "totalRevenue": 1445745000, "costOfRevenue": 571600000, "grossProfit": 874145000, "researchDevelopment": {}, "sellingGeneralAdministrative": 56705000, "nonRecurring": {}, "otherOperatingExpenses": 395970000, "totalOperatingExpenses": 1129870000, "operatingIncome": 315875000, "totalOtherIncomeExpenseNet": -114580000, "ebit": 315875000, "interestExpense": -93655000, "incomeBeforeTax": 201295000, "incomeTaxExpense": 45115000, "minorityInterest": {}, "netIncomeFromContinuingOps": 156180000, "discontinuedOperations": {}, "extraordinaryItems": {}, "effectOfAccountingCharges": {}, "otherItems": {}, "netIncome": 156180000, "netIncomeApplicableToCommonShares": 156180000}, {"maxAge": 1, "endDate": "2019-12-31", "totalRevenue": 1445745000, "costOfRevenue": 571600000, "grossProfit": 874145000, "researchDevelopment": {}, "sellingGeneralAdministrative": 56705000, "nonRecurring": {}, "otherOperatingExpenses": 395970000, "totalOperatingExpenses": 1129870000, "operatingIncome": 315875000, "totalOtherIncomeExpenseNet": -114580000, "ebit": 315875000, "interestExpense": -93655000, "incomeBeforeTax": 201295000, "incomeTaxExpense": 45115000, "minorityInterest": {}, "netIncomeFromContinuingOps": 156180000, "discontinuedOperations": {}, "extraordinaryItems": {}, "effectOfAccountingCharges": {}, "otherItems": {}, "netIncome": 156180000, "netIncomeApplicableToCommonShares": 156180000}], "maxAge": 86400}, "cashflowStatementHistoryQuarterly": {"cashflowStatements": [{"maxAge": 1, "endDate": "2020-09-30", "netIncome": 132415000, "depreciation": 125855000, "changeToNetincome": 225805000, "changeToAccountReceivables": -250160000, "changeToLiabilities": 265320000, "changeToInventory": -306945000, "changeToOperatingActivities": -3745000, "totalCashFromOperatingActivities": 188545000, "capitalExpenditures": -288540000, "investments": -535000, "otherCashflowsFromInvestingActivities": 5000, "totalCashflowsFromInvestingActivities": -289070000, "netBorrowings": 234255000, "otherCashflowsFromFinancingActivities": 35185000, "totalCashFromFinancingActivities": 278290000, "changeInCash": 177765000, "issuanceOfStock": 8850000}, {"maxAge": 1, "endDate": "2020-06-30", "netIncome": 132415000, "depreciation": 125855000, "changeToNetincome": 225805000, "changeToAccountReceivables": -250160000, "changeToLiabilities": 265320000, "changeToInventory": -306945000, "changeToOperatingActivities": -3745000, "totalCashFromOperatingActivities": 188545000, "capitalExpenditures": -288540000, "investments": -535000, "otherCashflowsFromInvestingActivities": 5000, "totalCashflowsFromInvestingActivities": -289070000, "netBorrowings": 234255000, "otherCashflowsFromFinancingActivities": 35185000, "totalCashFromFinancingActivities": 278290000, "changeInCash": 177765000, "issuanceOfStock": 8850000}, {"maxAge": 1, "endDate": "2020-03-31", "netIncome": 156180000, "depreciation": 100415000, "changeToNetincome": 164935000, "changeToAccountReceivables": -124870000, "changeToLiabilities": 35220000, "changeToInventory": -216935000, "changeToOperatingActivities": -6100000, "totalCashFromOperatingActivities": 108845000, "capitalExpenditures": -425610000, "investments": 8845000, "otherCashflowsFromInvestingActivities": 5000, "totalCashflowsFromInvestingActivities": -414555000, "netBorrowings": 335325000, "otherCashflowsFromFinancingActivities": -245605000, "totalCashFromFinancingActivities": 252560000, "changeInCash": -53145000, "repurchaseOfStock": -13995000, "issuanceOfStock": 8850000}, {"maxAge": 1, "endDate": "2019-12-31", "netIncome": 156180000, "depreciation": 100415000, "changeToNetincome": 164935000, "changeToAccountReceivables": -124870000, "changeToLiabilities": 35220000, "changeToInventory": -216935000, "changeToOperatingActivities": -6100000, "totalCashFromOperatingActivities": 108845000, "capitalExpenditures": -425610000, "investments": 8845000, "otherCashflowsFromInvestingActivities": 5000, "totalCashflowsFromInvestingActivities": -414555000, "netBorrowings": 335325000, "otherCashflowsFromFinancingActivities": -245605000, "totalCashFromFinancingActivities": 252560000, "changeInCash": -53145000, "repurchaseOfStock": -13995000, "issuanceOfStock": 8850000}], "maxAge": 86400}, "insiderHolders": {"holders": [], "maxAge": 1}, "calendarEvents": {"maxAge": 1, "earnings": {"earningsDate": []}}, "price": {"maxAge": 1, "regularMarketChangePercent": -0.012575153, "regularMarketChange": -7.950012, "regularMarketTime": "2021-04-30 15:29:51", "priceHint": 2, "regularMarketPrice": 624.25, "regularMarketDayHigh": 639.95, "regularMarketDayLow": 618.35, "regularMarketVolume": 396090, "averageDailyVolume10Day": 748735, "averageDailyVolume3Month": 1393625, "regularMarketPreviousClose": 632.2, "regularMarketSource": "FREE_REALTIME", "regularMarketOpen": 624.0, "exchange": "NSI", "exchangeName": "NSE", "exchangeDataDelayedBy": 15, "marketState": "CLOSED", "quoteType": "EQUITY", "symbol": "ANURAS.NS", "underlyingSymbol": null, "shortName": "Anupam Rasayan India Ltd", "longName": "Anupam Rasayan India Limited", "currency": "INR", "quoteSourceName": "Delayed Quote", "currencySymbol": "\u20b9", "fromCurrency": null, "toCurrency": null, "lastMarket": null, "marketCap": 62327242752}, "balanceSheetHistory": {"balanceSheetStatements": [{"maxAge": 1, "endDate": "2020-03-31", "cash": 200190000, "shortTermInvestments": 68120000, "netReceivables": 1790710000, "inventory": 2970430000, "otherCurrentAssets": 470920000, "totalCurrentAssets": 5515330000, "longTermInvestments": 9840000, "propertyPlantEquipment": 10654970000, "intangibleAssets": 127930000, "otherAssets": 332610000, "totalAssets": 16640680000, "accountsPayable": 965530000, "shortLongTermDebt": 566720000, "otherCurrentLiab": 638240000, "longTermDebt": 5242350000, "otherLiab": 191690000, "totalCurrentLiabilities": 4939800000, "totalLiab": 10703450000, "commonStock": 500000000, "retainedEarnings": 2741380000, "treasuryStock": -12920000, "capitalSurplus": 2427520000, "otherStockholderEquity": -12920000, "totalStockholderEquity": 5655980000, "netTangibleAssets": 5528050000}, {"maxAge": 1, "endDate": "2019-03-31", "cash": 18470000, "shortTermInvestments": 52160000, "netReceivables": 1633770000, "inventory": 1953710000, "otherCurrentAssets": 546390000, "totalCurrentAssets": 4234630000, "longTermInvestments": 42120000, "propertyPlantEquipment": 8582800000, "intangibleAssets": 132290000, "otherAssets": 233190000, "totalAssets": 13225030000, "accountsPayable": 517200000, "shortLongTermDebt": 530370000, "otherCurrentLiab": 552240000, "longTermDebt": 4623020000, "otherLiab": 136890000, "totalCurrentLiabilities": 3394040000, "totalLiab": 8153950000, "commonStock": 500000000, "retainedEarnings": 2211630000, "treasuryStock": 4350000, "capitalSurplus": 2108830000, "otherStockholderEquity": 4350000, "totalStockholderEquity": 4824810000, "netTangibleAssets": 4692520000}, {"maxAge": 1, "endDate": "2018-03-31", "cash": 73990000, "shortTermInvestments": 16820000, "netReceivables": 1109690000, "inventory": 1725190000, "otherCurrentAssets": 502980000, "totalCurrentAssets": 3447390000, "longTermInvestments": 61320000, "propertyPlantEquipment": 6233750000, "intangibleAssets": 149450000, "otherAssets": 120180000, "totalAssets": 10012090000, "accountsPayable": 517500000, "shortLongTermDebt": 441030000, "otherCurrentLiab": 348120000, "longTermDebt": 2678170000, "otherLiab": 101760000, "totalCurrentLiabilities": 2655790000, "totalLiab": 5435720000, "commonStock": 500000000, "retainedEarnings": 1719150000, "treasuryStock": 2120000, "capitalSurplus": 2108830000, "otherStockholderEquity": 2120000, "totalStockholderEquity": 4330100000, "netTangibleAssets": 4180650000}, {"maxAge": 1, "endDate": "2017-03-31", "cash": 120370593, "netReceivables": 1014524495, "inventory": 1031308089, "otherCurrentAssets": 68297686, "totalCurrentAssets": 2258068241, "longTermInvestments": 20365238, "propertyPlantEquipment": 3941135567, "intangibleAssets": 61652795, "otherAssets": 40850042, "totalAssets": 6322071883, "accountsPayable": 433765408, "shortLongTermDebt": 324198079, "otherCurrentLiab": 73061871, "longTermDebt": 2225103872, "otherLiab": 89712987, "totalCurrentLiabilities": 1510677200, "totalLiab": 3825494059, "commonStock": 500001000, "retainedEarnings": 1320575054, "capitalSurplus": 617179230, "totalStockholderEquity": 2437755284, "netTangibleAssets": 2376102489}], "maxAge": 86400}, "financialData": {"maxAge": 86400, "currentPrice": 624.25, "recommendationKey": "none", "totalCash": 620790016, "totalCashPerShare": 7.201, "ebitda": 1661309952, "totalDebt": 8984970240, "quickRatio": 0.434, "currentRatio": 1.147, "totalRevenue": 6507230208, "debtToEquity": 135.401, "revenuePerShare": 83.323, "grossProfits": 3167170000, "operatingCashflow": 594780032, "earningsGrowth": 0.165, "revenueGrowth": 0.508, "grossMargins": 0.57508, "ebitdaMargins": 0.25530002, "operatingMargins": 0.18725, "profitMargins": 0.0887, "financialCurrency": "INR"}}}