{"APARINDS.BO": {"recommendationTrend": {"trend": [{"period": "0m", "strongBuy": 0, "buy": 0, "hold": 0, "sell": 0, "strongSell": 0}, {"period": "-1m", "strongBuy": 0, "buy": 0, "hold": 0, "sell": 0, "strongSell": 0}, {"period": "-2m", "strongBuy": 0, "buy": 0, "hold": 0, "sell": 0, "strongSell": 0}, {"period": "-3m", "strongBuy": 0, "buy": 0, "hold": 0, "sell": 0, "strongSell": 0}], "maxAge": 86400}, "cashflowStatementHistory": {"cashflowStatements": [{"maxAge": 1, "endDate": "2020-03-31", "netIncome": 1351500000, "depreciation": 840900000, "changeToNetincome": 1614600000, "changeToAccountReceivables": 2658400000, "changeToLiabilities": -5047400000, "changeToInventory": -485600000, "totalCashFromOperatingActivities": 941700000, "capitalExpenditures": -1448600000, "investments": 1900700000, "totalCashflowsFromInvestingActivities": 454800000, "dividendsPaid": -725300000, "netBorrowings": 526400000, "otherCashflowsFromFinancingActivities": -1689400000, "totalCashFromFinancingActivities": -1888300000, "effectOfExchangeRate": 1200000, "changeInCash": -490600000}, {"maxAge": 1, "endDate": "2019-03-31", "netIncome": 1360600000, "depreciation": 631700000, "changeToNetincome": 1279000000, "changeToAccountReceivables": -3949000000, "changeToLiabilities": 7695900000, "changeToInventory": -706200000, "totalCashFromOperatingActivities": 6320400000, "capitalExpenditures": -2068300000, "investments": -1800200000, "totalCashflowsFromInvestingActivities": -3879400000, "dividendsPaid": -362800000, "netBorrowings": -1079100000, "otherCashflowsFromFinancingActivities": -1491300000, "totalCashFromFinancingActivities": -2933200000, "effectOfExchangeRate": 1300000, "changeInCash": -490800000}, {"maxAge": 1, "endDate": "2018-03-31", "netIncome": 1447400000, "depreciation": 523300000, "changeToNetincome": 1184700000, "changeToAccountReceivables": -5398000000, "changeToLiabilities": 6671700000, "changeToInventory": -2187500000, "totalCashFromOperatingActivities": 2250400000, "capitalExpenditures": -1275400000, "investments": 1231500000, "totalCashflowsFromInvestingActivities": -45700000, "dividendsPaid": -381800000, "netBorrowings": 564400000, "otherCashflowsFromFinancingActivities": -871800000, "totalCashFromFinancingActivities": -689200000, "effectOfExchangeRate": -1500000, "changeInCash": 1514000000}, {"maxAge": 1, "endDate": "2017-03-31", "netIncome": 1765700000, "depreciation": 412500000, "changeToNetincome": 561000000, "changeToAccountReceivables": -2394500000, "changeToLiabilities": 5006900000, "changeToInventory": -2237800000, "totalCashFromOperatingActivities": 3124400000, "capitalExpenditures": -1694300000, "investments": -8400000, "otherCashflowsFromInvestingActivities": 27200000, "totalCashflowsFromInvestingActivities": -1663100000, "dividendsPaid": -4900000, "netBorrowings": -741200000, "otherCashflowsFromFinancingActivities": -684600000, "totalCashFromFinancingActivities": -1574500000, "effectOfExchangeRate": 4300000, "changeInCash": -108900000, "repurchaseOfStock": -150600000, "issuanceOfStock": 6800000}], "maxAge": 86400}, "institutionOwnership": {"maxAge": 1, "ownershipList": []}, "balanceSheetHistoryQuarterly": {"balanceSheetStatements": [{"maxAge": 1, "endDate": "2020-06-30", "totalStockholderEquity": 11664300000, "netTangibleAssets": 11639600000}, {"maxAge": 1, "endDate": "2020-03-31", "cash": 1639200000, "shortTermInvestments": 1600000, "netReceivables": 19006100000, "inventory": 13314300000, "otherCurrentAssets": 2054600000, "totalCurrentAssets": 36672300000, "longTermInvestments": 10100000, "propertyPlantEquipment": 9369000000, "intangibleAssets": 24700000, "otherAssets": 461900000, "totalAssets": 46538000000, "accountsPayable": 28479600000, "shortLongTermDebt": 352400000, "otherCurrentLiab": 2181200000, "longTermDebt": 1879300000, "otherLiab": 195600000, "totalCurrentLiabilities": 32313300000, "totalLiab": 34873700000, "commonStock": 382700000, "retainedEarnings": 9702000000, "treasuryStock": -472200000, "capitalSurplus": 2051800000, "otherStockholderEquity": -472200000, "totalStockholderEquity": 11664300000, "netTangibleAssets": 11639600000}, {"maxAge": 1, "endDate": "2019-12-31", "totalStockholderEquity": 11831600000, "netTangibleAssets": 11795000000}, {"maxAge": 1, "endDate": "2019-09-30", "cash": 1157000000, "netReceivables": 19594000000, "inventory": 13770400000, "otherCurrentAssets": 2448100000, "totalCurrentAssets": 36969500000, "longTermInvestments": 125600000, "propertyPlantEquipment": 9022100000, "goodWill": 7700000, "intangibleAssets": 28900000, "otherAssets": 354500000, "deferredLongTermAssetCharges": 2400000, "totalAssets": 46508300000, "accountsPayable": 29385200000, "otherCurrentLiab": 2622100000, "longTermDebt": 1146900000, "otherLiab": 225600000, "totalCurrentLiabilities": 32825900000, "totalLiab": 34676700000, "commonStock": 382700000, "treasuryStock": 11448900000, "otherStockholderEquity": 11448900000, "totalStockholderEquity": 11831600000, "netTangibleAssets": 11795000000}], "maxAge": 86400}, "earningsHistory": {"history": [{"maxAge": 1, "epsActual": 7.19, "epsEstimate": 11.18, "epsDifference": -3.99, "surprisePercent": -0.357, "quarter": "2017-09-30", "period": "-4q"}, {"maxAge": 1, "epsActual": 10.73, "epsEstimate": 10.81, "epsDifference": -0.08, "surprisePercent": -0.0069999998, "quarter": "2017-12-31", "period": "-3q"}, {"maxAge": 1, "epsActual": 9.29, "epsEstimate": 12.19, "epsDifference": -2.9, "surprisePercent": -0.23799999, "quarter": "2018-03-31", "period": "-2q"}, {"maxAge": 1, "epsActual": 7.48, "epsEstimate": 7.3, "epsDifference": 0.18, "surprisePercent": 0.025, "quarter": "2018-09-30", "period": "-1q"}], "maxAge": 86400}, "indexTrend": {"maxAge": 1, "symbol": "SP5", "peRatio": 19.7411, "pegRatio": 1.34172, "estimates": [{"period": "0q", "growth": 0.549}, {"period": "+1q", "growth": 0.431}, {"period": "0y", "growth": 0.305}, {"period": "+1y", "growth": 0.109}, {"period": "+5y", "growth": 0.120865}, {"period": "-5y"}]}, "industryTrend": {"maxAge": 1, "symbol": null, "estimates": []}, "insiderTransactions": {"transactions": [{"maxAge": 1, "shares": 719, "value": 3084, "filerUrl": "", "transactionText": "Acquisition at price 4.29 per share.", "filerName": "Maithili N Desai Family Private Trust", "filerRelation": "Promoter", "moneyText": "", "startDate": "2020-09-10", "ownership": "D"}, {"maxAge": 1, "shares": 0, "filerUrl": "", "transactionText": "", "filerName": "Maithili N Desai Family Private Trust", "filerRelation": "Promoter", "moneyText": "", "startDate": "2020-09-10", "ownership": "I"}, {"maxAge": 1, "shares": 38781, "value": 166079, "filerUrl": "", "transactionText": "Acquisition at price 4.28 per share.", "filerName": "Maithili N Desai Family Private Trust", "filerRelation": "Promoter", "moneyText": "", "startDate": "2020-09-09", "ownership": "D"}, {"maxAge": 1, "shares": 25000, "filerUrl": "", "transactionText": "", "filerName": "Maithili N Desai Family Private Trust", "filerRelation": "Promoter", "moneyText": "", "startDate": "2020-08-31", "ownership": "D"}, {"maxAge": 1, "shares": 21187, "value": 89068, "filerUrl": "", "transactionText": "Acquisition at price 4.20 per share.", "filerName": "Maithili N Desai Family Private Trust", "filerRelation": "Promoter", "moneyText": "", "startDate": "2020-08-19", "ownership": "D"}, {"maxAge": 1, "shares": 52000, "filerUrl": "", "transactionText": "", "filerName": "Maithili N Desai Family Private Trust", "filerRelation": "Promoter", "moneyText": "", "startDate": "2020-03-19", "ownership": "D"}, {"maxAge": 1, "shares": 18589, "filerUrl": "", "transactionText": "", "filerName": "Desai (Chaitanya N)", "filerRelation": "Managing Director", "moneyText": "", "startDate": "2020-03-17", "ownership": "D"}, {"maxAge": 1, "shares": 19856, "filerUrl": "", "transactionText": "", "filerName": "Desai (Kushal N)", "filerRelation": "Managing Director", "moneyText": "", "startDate": "2020-03-17", "ownership": "D"}, {"maxAge": 1, "shares": 6411, "filerUrl": "", "transactionText": "", "filerName": "Desai (Chaitanya N)", "filerRelation": "Managing Director", "moneyText": "", "startDate": "2020-03-16", "ownership": "D"}, {"maxAge": 1, "shares": 5144, "filerUrl": "", "transactionText": "", "filerName": "Desai (Kushal N)", "filerRelation": "Managing Director", "moneyText": "", "startDate": "2020-03-16", "ownership": "D"}, {"maxAge": 1, "shares": 90000, "filerUrl": "", "transactionText": "", "filerName": "Desai (Chaitanya N)", "filerRelation": "Managing Director", "moneyText": "", "startDate": "2019-12-24", "ownership": "D"}, {"maxAge": 1, "shares": 90000, "filerUrl": "", "transactionText": "", "filerName": "Desai (Kushal N)", "filerRelation": "Managing Director", "moneyText": "", "startDate": "2019-12-24", "ownership": "D"}, {"maxAge": 1, "shares": 350, "filerUrl": "", "transactionText": "", "filerName": "Desai (Chaitanya N)", "filerRelation": "Director", "moneyText": "", "startDate": "2019-12-13", "ownership": "D"}, {"maxAge": 1, "shares": 377350, "filerUrl": "", "transactionText": "", "filerName": "Desai (Chaitanya N)", "filerRelation": "Director", "moneyText": "", "startDate": "2019-12-13", "ownership": "D"}, {"maxAge": 1, "shares": 2550, "filerUrl": "", "transactionText": "", "filerName": "Desai (Kushal N)", "filerRelation": "Director", "moneyText": "", "startDate": "2019-12-13", "ownership": "D"}, {"maxAge": 1, "shares": 450, "filerUrl": "", "transactionText": "", "filerName": "Desai (Kushal N)", "filerRelation": "Director", "moneyText": "", "startDate": "2019-12-13", "ownership": "D"}, {"maxAge": 1, "shares": 324, "filerUrl": "", "transactionText": "", "filerName": "Apar Corporation Pvt Ltd", "filerRelation": "Promoter", "moneyText": "", "startDate": "2019-12-11", "ownership": "D"}, {"maxAge": 1, "shares": 810000, "filerUrl": "", "transactionText": "", "filerName": "Maithili N Desai Family Private Trust", "filerRelation": "Promoter", "moneyText": "", "startDate": "2019-08-20", "ownership": "D"}, {"maxAge": 1, "shares": 380000, "filerUrl": "", "transactionText": "", "filerName": "Desai (Kushal N)", "filerRelation": "Chairman of the Board", "moneyText": "", "startDate": "2019-06-24", "ownership": "D"}, {"maxAge": 1, "shares": 840000, "filerUrl": "", "transactionText": "", "filerName": "Desai (Chaitanya N)", "filerRelation": "Managing Director", "moneyText": "", "startDate": "2019-02-01", "ownership": "D"}, {"maxAge": 1, "shares": 840000, "filerUrl": "", "transactionText": "", "filerName": "Desai (Kushal N)", "filerRelation": "Chairman of the Board", "moneyText": "", "startDate": "2019-02-01", "ownership": "D"}, {"maxAge": 1, "shares": 3381017, "filerUrl": "", "transactionText": "", "filerName": "Maithili N Desai Family Private Trust", "filerRelation": "Promoter", "moneyText": "", "startDate": "2019-02-01", "ownership": "D"}, {"maxAge": 1, "shares": 8, "filerUrl": "", "transactionText": "", "filerName": "Desai (Chaitanya N)", "filerRelation": "Managing Director", "moneyText": "", "startDate": "2018-11-06", "ownership": "D"}, {"maxAge": 1, "shares": 1628, "filerUrl": "", "transactionText": "", "filerName": "Desai (Chaitanya N)", "filerRelation": "Managing Director", "moneyText": "", "startDate": "2018-11-06", "ownership": "D"}, {"maxAge": 1, "shares": 131, "filerUrl": "", "transactionText": "", "filerName": "Desai (Chaitanya N)", "filerRelation": "Managing Director", "moneyText": "", "startDate": "2018-11-05", "ownership": "D"}, {"maxAge": 1, "shares": 58628, "filerUrl": "", "transactionText": "", "filerName": "Desai (Chaitanya N)", "filerRelation": "Managing Director", "moneyText": "", "startDate": "2018-11-05", "ownership": "D"}, {"maxAge": 1, "shares": 1140, "filerUrl": "", "transactionText": "", "filerName": "Desai (Kushal N)", "filerRelation": "Chairman of the Board", "moneyText": "", "startDate": "2018-11-05", "ownership": "D"}, {"maxAge": 1, "shares": 56389, "filerUrl": "", "transactionText": "", "filerName": "Desai (Kushal N)", "filerRelation": "Chairman of the Board", "moneyText": "", "startDate": "2018-11-05", "ownership": "D"}], "maxAge": 1}, "quoteType": {"exchange": "BSE", "quoteType": "EQUITY", "symbol": "APARINDS.BO", "underlyingSymbol": "APARINDS.BO", "shortName": "APAR INDUSTRIES LTD.", "longName": "Apar Industries Limited", "firstTradeDateEpochUtc": "2000-01-03 09:15:00", "timeZoneFullName": "Asia/Kolkata", "timeZoneShortName": "IST", "uuid": "31481d25-5db0-3163-9ef2-baa53b9fa237", "messageBoardId": null, "gmtOffSetMilliseconds": 19800000, "maxAge": 1}, "incomeStatementHistory": {"incomeStatementHistory": [{"maxAge": 1, "endDate": "2020-03-31", "totalRevenue": 74617400000, "costOfRevenue": 57676200000, "grossProfit": 16941200000, "researchDevelopment": {}, "sellingGeneralAdministrative": 1767800000, "nonRecurring": {}, "otherOperatingExpenses": 10350100000, "totalOperatingExpenses": 70642900000, "operatingIncome": 3974500000, "totalOtherIncomeExpenseNet": -2280400000, "ebit": 3974500000, "interestExpense": -1567100000, "incomeBeforeTax": 1694100000, "incomeTaxExpense": 342600000, "minorityInterest": {}, "netIncomeFromContinuingOps": 1351500000, "discontinuedOperations": {}, "extraordinaryItems": {}, "effectOfAccountingCharges": {}, "otherItems": {}, "netIncome": 1351500000, "netIncomeApplicableToCommonShares": 1351500000}, {"maxAge": 1, "endDate": "2019-03-31", "totalRevenue": 79638500000, "costOfRevenue": 63493700000, "grossProfit": 16144800000, "researchDevelopment": {}, "sellingGeneralAdministrative": 1602700000, "nonRecurring": {}, "otherOperatingExpenses": 9863100000, "totalOperatingExpenses": 75598200000, "operatingIncome": 4040300000, "totalOtherIncomeExpenseNet": -1878100000, "ebit": 4040300000, "interestExpense": -1543900000, "incomeBeforeTax": 2162200000, "incomeTaxExpense": 801600000, "minorityInterest": {}, "netIncomeFromContinuingOps": 1360600000, "discontinuedOperations": {}, "extraordinaryItems": {}, "effectOfAccountingCharges": {}, "otherItems": {}, "netIncome": 1360600000, "netIncomeApplicableToCommonShares": 1360600000}, {"maxAge": 1, "endDate": "2018-03-31", "totalRevenue": 58185300000, "costOfRevenue": 45063700000, "grossProfit": 13121600000, "researchDevelopment": {}, "sellingGeneralAdministrative": 1366000000, "nonRecurring": {}, "otherOperatingExpenses": 7680000000, "totalOperatingExpenses": 54641800000, "operatingIncome": 3543500000, "totalOtherIncomeExpenseNet": -1315800000, "ebit": 3543500000, "interestExpense": -889600000, "incomeBeforeTax": 2227700000, "incomeTaxExpense": 780300000, "minorityInterest": {}, "netIncomeFromContinuingOps": 1447400000, "discontinuedOperations": {}, "extraordinaryItems": {}, "effectOfAccountingCharges": {}, "otherItems": {}, "netIncome": 1447400000, "netIncomeApplicableToCommonShares": 1447400000}, {"maxAge": 1, "endDate": "2017-03-31", "totalRevenue": 48319800000, "costOfRevenue": 35720000000, "grossProfit": 12599800000, "researchDevelopment": {}, "sellingGeneralAdministrative": 1140700000, "nonRecurring": {}, "otherOperatingExpenses": 7285100000, "totalOperatingExpenses": 44568900000, "operatingIncome": 3750900000, "totalOtherIncomeExpenseNet": -1013700000, "ebit": 3750900000, "interestExpense": -779300000, "incomeBeforeTax": 2737200000, "incomeTaxExpense": 971500000, "minorityInterest": {}, "netIncomeFromContinuingOps": 1765700000, "discontinuedOperations": {}, "extraordinaryItems": {}, "effectOfAccountingCharges": {}, "otherItems": {}, "netIncome": 1765700000, "netIncomeApplicableToCommonShares": 1765700000}], "maxAge": 86400}, "fundOwnership": {"maxAge": 1, "ownershipList": [{"maxAge": 1, "reportDate": "2020-07-31", "organization": "DFA Emerging Markets Core Equity Portfolio", "pctHeld": 0.0034, "position": 130347, "value": 39449519}, {"maxAge": 1, "reportDate": "2020-07-31", "organization": "DFA Investment Dimensions-DFA Emerging Mkts Value", "pctHeld": 0.0032, "position": 120739, "value": 36541658}, {"maxAge": 1, "reportDate": "2020-07-31", "organization": "DFA Emerging Markets Small Cap Series", "pctHeld": 0.0021, "position": 80161, "value": 24260726}, {"maxAge": 1, "reportDate": "2020-07-31", "organization": "DFA Investment Dimensions-Emerging Markets Social Core Equity", "pctHeld": 0.0002, "position": 7842, "value": 2373381}, {"maxAge": 1, "reportDate": "2020-07-31", "organization": "DFA Investment Dimensions-World Ex U.S. Core Equity Port", "pctHeld": 0.0001, "position": 5035, "value": 1523842}, {"maxAge": 1, "reportDate": "2020-07-31", "organization": "DFA T.A. World Ex U.S. Core Equity Portfolio", "pctHeld": 0.0001, "position": 3922, "value": 1186993}, {"maxAge": 1, "reportDate": "2020-07-31", "organization": "DFA Emerging Markets Sustainability Core 1 Portfolio", "pctHeld": 0.0001, "position": 3524, "value": 1066538}]}, "summaryDetail": {"maxAge": 1, "priceHint": 2, "previousClose": 496.55, "open": 495.35, "dayLow": 489.25, "dayHigh": 507.0, "regularMarketPreviousClose": 496.55, "regularMarketOpen": 495.35, "regularMarketDayLow": 489.25, "regularMarketDayHigh": 507.0, "trailingPE": 26.813787, "forwardPE": 8.838141, "volume": 9468, "regularMarketVolume": 9468, "averageVolume": 14929, "averageVolume10days": 14662, "averageDailyVolume10Day": 14662, "bid": 490.0, "ask": 499.0, "bidSize": 0, "askSize": 0, "marketCap": 18994620416, "fiftyTwoWeekLow": 235.1, "fiftyTwoWeekHigh": 507.0, "fiftyDayAverage": 388.41998, "twoHundredDayAverage": 337.9146, "trailingAnnualDividendRate": 9.5, "trailingAnnualDividendYield": 0.01913201, "currency": "INR", "fromCurrency": null, "toCurrency": null, "lastMarket": null, "algorithm": null, "tradeable": false}, "sectorTrend": {"maxAge": 1, "symbol": null, "estimates": []}, "incomeStatementHistoryQuarterly": {"incomeStatementHistory": [{"maxAge": 1, "endDate": "2020-06-30", "totalRevenue": 12929800000, "costOfRevenue": 10379300000, "grossProfit": 2550500000, "researchDevelopment": {}, "sellingGeneralAdministrative": 406300000, "nonRecurring": {}, "otherOperatingExpenses": 1762900000, "totalOperatingExpenses": 12776600000, "operatingIncome": 153200000, "totalOtherIncomeExpenseNet": -459500000, "ebit": 153200000, "interestExpense": -471500000, "incomeBeforeTax": -306300000, "incomeTaxExpense": -75600000, "minorityInterest": {}, "netIncomeFromContinuingOps": -230700000, "discontinuedOperations": {}, "extraordinaryItems": {}, "effectOfAccountingCharges": {}, "otherItems": {}, "netIncome": -230700000, "netIncomeApplicableToCommonShares": -230700000}, {"maxAge": 1, "endDate": "2020-03-31", "totalRevenue": 18144800000, "costOfRevenue": 14055200000, "grossProfit": 4089600000, "researchDevelopment": {}, "sellingGeneralAdministrative": 522300000, "nonRecurring": {}, "otherOperatingExpenses": 2440200000, "totalOperatingExpenses": 17226000000, "operatingIncome": 918800000, "totalOtherIncomeExpenseNet": -593100000, "ebit": 918800000, "interestExpense": -471500000, "incomeBeforeTax": 325700000, "incomeTaxExpense": 92400000, "minorityInterest": {}, "netIncomeFromContinuingOps": 233300000, "discontinuedOperations": {}, "extraordinaryItems": {}, "effectOfAccountingCharges": {}, "otherItems": {}, "netIncome": 233300000, "netIncomeApplicableToCommonShares": 233300000}, {"maxAge": 1, "endDate": "2019-12-31", "totalRevenue": 18366300000, "costOfRevenue": 13945700000, "grossProfit": 4420600000, "researchDevelopment": {}, "sellingGeneralAdministrative": 405700000, "nonRecurring": {}, "otherOperatingExpenses": 2783900000, "totalOperatingExpenses": 17359800000, "operatingIncome": 1006500000, "totalOtherIncomeExpenseNet": -504200000, "ebit": 1006500000, "interestExpense": -518000000, "incomeBeforeTax": 502300000, "incomeTaxExpense": 135600000, "minorityInterest": {}, "netIncomeFromContinuingOps": 366700000, "discontinuedOperations": {}, "extraordinaryItems": {}, "effectOfAccountingCharges": {}, "otherItems": {}, "netIncome": 366700000, "netIncomeApplicableToCommonShares": 366700000}, {"maxAge": 1, "endDate": "2019-09-30", "totalRevenue": 18290500000, "costOfRevenue": 14217000000, "grossProfit": 4073500000, "researchDevelopment": {}, "sellingGeneralAdministrative": 425300000, "nonRecurring": {}, "otherOperatingExpenses": 2553600000, "totalOperatingExpenses": 17413100000, "operatingIncome": 877400000, "totalOtherIncomeExpenseNet": -655600000, "ebit": 877400000, "interestExpense": -673500000, "incomeBeforeTax": 221800000, "incomeTaxExpense": -117300000, "minorityInterest": {}, "netIncomeFromContinuingOps": 339100000, "discontinuedOperations": {}, "extraordinaryItems": {}, "effectOfAccountingCharges": {}, "otherItems": {}, "netIncome": 339100000, "netIncomeApplicableToCommonShares": 339100000}], "maxAge": 86400}, "cashflowStatementHistoryQuarterly": {"cashflowStatements": [{"maxAge": 1, "endDate": "2020-06-30", "netIncome": -230700000, "changeToLiabilities": 0}, {"maxAge": 1, "endDate": "2020-03-31", "netIncome": 233300000, "changeToLiabilities": 0}, {"maxAge": 1, "endDate": "2019-12-31", "netIncome": 366700000, "changeToLiabilities": 0}, {"maxAge": 1, "endDate": "2019-09-30", "netIncome": 339100000, "changeToLiabilities": 0}], "maxAge": 86400}, "insiderHolders": {"holders": [{"maxAge": 1, "name": "Apar Corporation Pvt Ltd", "relation": "Promoter", "url": "", "transactionDescription": "Other", "latestTransDate": "2019-12-11", "positionDirect": 109853, "positionDirectDate": "2019-12-11"}, {"maxAge": 1, "name": "Desai (Chaitanya N)", "relation": "Managing Director", "url": "", "transactionDescription": "Acquisition", "latestTransDate": "2020-03-17", "positionDirect": 8964946, "positionDirectDate": "2020-03-17"}, {"maxAge": 1, "name": "Desai (Kushal N)", "relation": "Managing Director", "url": "", "transactionDescription": "Acquisition", "latestTransDate": "2020-03-17", "positionDirect": 9048503, "positionDirectDate": "2020-03-17"}, {"maxAge": 1, "name": "Maithili N Desai Family Private Trust", "relation": "Promoter", "url": "", "transactionDescription": "Acquisition", "latestTransDate": "2020-09-10", "positionDirect": 4402687, "positionDirectDate": "2020-09-10"}], "maxAge": 1}, "earnings": {"maxAge": 86400, "earningsChart": {"quarterly": [{"date": "3Q2017", "actual": 7.19, "estimate": 11.18}, {"date": "4Q2017", "actual": 10.73, "estimate": 10.81}, {"date": "1Q2018", "actual": 9.29, "estimate": 12.19}, {"date": "3Q2018", "actual": 7.48, "estimate": 7.3}], "currentQuarterEstimateDate": "4Q", "currentQuarterEstimateYear": 2018, "earningsDate": []}, "financialsChart": {"yearly": [{"date": 2017, "revenue": 48319800000, "earnings": 1765700000}, {"date": 2018, "revenue": 58185300000, "earnings": 1447400000}, {"date": 2019, "revenue": 79638500000, "earnings": 1360600000}, {"date": 2020, "revenue": 74617400000, "earnings": 1351500000}], "quarterly": [{"date": "3Q2019", "revenue": 18290500000, "earnings": 339100000}, {"date": "4Q2019", "revenue": 18366300000, "earnings": 366700000}, {"date": "1Q2020", "revenue": 18144800000, "earnings": 233300000}, {"date": "2Q2020", "revenue": 12929800000, "earnings": -230700000}]}, "financialCurrency": "INR"}, "calendarEvents": {"maxAge": 1, "earnings": {"earningsDate": [], "revenueAverage": 18367400000, "revenueLow": 17199000000, "revenueHigh": 19535800000}}, "price": {"maxAge": 1, "regularMarketChangePercent": -0.0004027423, "regularMarketChange": -0.19998169, "regularMarketTime": "2021-04-30 15:29:04", "priceHint": 2, "regularMarketPrice": 496.35, "regularMarketDayHigh": 507.0, "regularMarketDayLow": 489.25, "regularMarketVolume": 9468, "averageDailyVolume10Day": 14662, "averageDailyVolume3Month": 14929, "regularMarketPreviousClose": 496.55, "regularMarketSource": "FREE_REALTIME", "regularMarketOpen": 495.35, "exchange": "BSE", "exchangeName": "BSE", "exchangeDataDelayedBy": 0, "marketState": "CLOSED", "quoteType": "EQUITY", "symbol": "APARINDS.BO", "underlyingSymbol": null, "shortName": "APAR INDUSTRIES LTD.", "longName": "Apar Industries Limited", "currency": "INR", "quoteSourceName": "Delayed Quote", "currencySymbol": "\u20b9", "fromCurrency": null, "toCurrency": null, "lastMarket": null, "marketCap": 18994620416}, "balanceSheetHistory": {"balanceSheetStatements": [{"maxAge": 1, "endDate": "2020-03-31", "cash": 1639200000, "shortTermInvestments": 1600000, "netReceivables": 19006100000, "inventory": 13314300000, "otherCurrentAssets": 2054600000, "totalCurrentAssets": 36672300000, "longTermInvestments": 10100000, "propertyPlantEquipment": 9369000000, "intangibleAssets": 24700000, "otherAssets": 461900000, "totalAssets": 46538000000, "accountsPayable": 28479600000, "shortLongTermDebt": 352400000, "otherCurrentLiab": 2181200000, "longTermDebt": 1879300000, "otherLiab": 195600000, "totalCurrentLiabilities": 32313300000, "totalLiab": 34873700000, "commonStock": 382700000, "retainedEarnings": 9702000000, "treasuryStock": -472200000, "capitalSurplus": 2051800000, "otherStockholderEquity": -472200000, "totalStockholderEquity": 11664300000, "netTangibleAssets": 11639600000}, {"maxAge": 1, "endDate": "2019-03-31", "cash": 2132400000, "shortTermInvestments": 1900000, "netReceivables": 21448700000, "inventory": 12828800000, "otherCurrentAssets": 2032700000, "totalCurrentAssets": 41118100000, "longTermInvestments": 11900000, "propertyPlantEquipment": 8071800000, "goodWill": 21000000, "intangibleAssets": 30400000, "otherAssets": 322100000, "deferredLongTermAssetCharges": 5600000, "totalAssets": 49575300000, "accountsPayable": 32637300000, "shortLongTermDebt": 355800000, "otherCurrentLiab": 1469600000, "longTermDebt": 1303100000, "otherLiab": 501300000, "totalCurrentLiabilities": 35747200000, "totalLiab": 37551600000, "commonStock": 382700000, "retainedEarnings": 9226900000, "treasuryStock": 362300000, "capitalSurplus": 2051800000, "otherStockholderEquity": 362300000, "totalStockholderEquity": 12023700000, "netTangibleAssets": 11972300000}, {"maxAge": 1, "endDate": "2018-03-31", "cash": 2434000000, "shortTermInvestments": 195800000, "netReceivables": 17961200000, "inventory": 12122600000, "otherCurrentAssets": 1989600000, "totalCurrentAssets": 35728800000, "propertyPlantEquipment": 6605900000, "goodWill": 47600000, "intangibleAssets": 26700000, "otherAssets": 349500000, "totalAssets": 42758500000, "accountsPayable": 25511200000, "shortLongTermDebt": 309200000, "otherCurrentLiab": 1835500000, "longTermDebt": 1618600000, "otherLiab": 420500000, "totalCurrentLiabilities": 29636900000, "totalLiab": 31676000000, "commonStock": 382700000, "retainedEarnings": 8304500000, "treasuryStock": 343500000, "capitalSurplus": 2051800000, "otherStockholderEquity": 343500000, "totalStockholderEquity": 11082500000, "netTangibleAssets": 11008200000}, {"maxAge": 1, "endDate": "2017-03-31", "cash": 1098000000, "shortTermInvestments": 71400000, "netReceivables": 13482200000, "inventory": 9935400000, "otherCurrentAssets": 1782600000, "totalCurrentAssets": 27975800000, "propertyPlantEquipment": 5910600000, "goodWill": 74200000, "intangibleAssets": 31400000, "otherAssets": 490200000, "totalAssets": 34482200000, "accountsPayable": 17724900000, "shortLongTermDebt": 276000000, "otherCurrentLiab": 2572400000, "longTermDebt": 905500000, "otherLiab": 530100000, "totalCurrentLiabilities": 22685400000, "totalLiab": 24121000000, "commonStock": 382700000, "retainedEarnings": 7317800000, "treasuryStock": 608900000, "capitalSurplus": 2051800000, "otherStockholderEquity": 608900000, "totalStockholderEquity": 10361200000, "netTangibleAssets": 10255600000}], "maxAge": 86400}, "earningsTrend": {"trend": [{"maxAge": 1, "period": "0q", "endDate": "2018-12-31", "growth": {}, "earningsEstimate": {"avg": 0.0, "low": 0.0, "high": 0.0, "yearAgoEps": 7.19, "numberOfAnalysts": 0, "growth": {}}, "revenueEstimate": {"avg": 18367400000, "low": 17199000000, "high": 19535800000, "numberOfAnalysts": 2, "yearAgoRevenue": 14079400000, "growth": 0.305}, "epsTrend": {"current": 0.0, "7daysAgo": 10.4, "30daysAgo": 10.4, "60daysAgo": 10.4, "90daysAgo": 10.4}, "epsRevisions": {"upLast7days": 0, "upLast30days": 0, "downLast30days": 0, "downLast90days": {}}}, {"maxAge": 1, "period": "+1q", "endDate": "2019-03-31", "growth": {}, "earningsEstimate": {"avg": 0.0, "low": 0.0, "high": 0.0, "yearAgoEps": 10.73, "numberOfAnalysts": 0, "growth": {}}, "revenueEstimate": {"avg": 19029000000, "low": 19029000000, "high": 19029000000, "numberOfAnalysts": 1, "yearAgoRevenue": 16953700000, "growth": 0.122}, "epsTrend": {"current": 0.0, "7daysAgo": 13.97, "30daysAgo": 13.97, "60daysAgo": 13.97, "90daysAgo": 13.97}, "epsRevisions": {"upLast7days": 0, "upLast30days": 0, "downLast30days": 0, "downLast90days": {}}}, {"maxAge": 1, "period": "0y", "endDate": "2019-03-31", "growth": {}, "earningsEstimate": {"avg": 0.0, "low": 0.0, "high": 0.0, "yearAgoEps": {}, "numberOfAnalysts": 0, "growth": {}}, "revenueEstimate": {"avg": 67832600000, "low": 63853000000, "high": 76681000000, "numberOfAnalysts": 7, "yearAgoRevenue": 55157400000, "growth": 0.23}, "epsTrend": {"current": 0.0, "7daysAgo": 45.43, "30daysAgo": 45.43, "60daysAgo": 45.43, "90daysAgo": 45.43}, "epsRevisions": {"upLast7days": 0, "upLast30days": 0, "downLast30days": 0, "downLast90days": {}}}, {"maxAge": 1, "period": "+1y", "endDate": "2020-03-31", "growth": {}, "earningsEstimate": {"avg": 0.0, "low": 0.0, "high": 0.0, "yearAgoEps": {}, "numberOfAnalysts": 0, "growth": {}}, "revenueEstimate": {"avg": 73834900000, "low": 69687000000, "high": 83514000000, "numberOfAnalysts": 7, "yearAgoRevenue": 67832600000, "growth": 0.088}, "epsTrend": {"current": 0.0, "7daysAgo": 56.16, "30daysAgo": 56.16, "60daysAgo": 56.16, "90daysAgo": 56.16}, "epsRevisions": {"upLast7days": 0, "upLast30days": 0, "downLast30days": 0, "downLast90days": {}}}, {"maxAge": 1, "period": "+5y", "endDate": null, "growth": 0.378, "earningsEstimate": {"avg": {}, "low": {}, "high": {}, "yearAgoEps": {}, "numberOfAnalysts": {}, "growth": {}}, "revenueEstimate": {"avg": {}, "low": {}, "high": {}, "numberOfAnalysts": {}, "yearAgoRevenue": {}, "growth": {}}, "epsTrend": {"current": {}, "7daysAgo": {}, "30daysAgo": {}, "60daysAgo": {}, "90daysAgo": {}}, "epsRevisions": {"upLast7days": {}, "upLast30days": {}, "downLast30days": {}, "downLast90days": {}}}, {"maxAge": 1, "period": "-5y", "endDate": null, "growth": {}, "earningsEstimate": {"avg": {}, "low": {}, "high": {}, "yearAgoEps": {}, "numberOfAnalysts": {}, "growth": {}}, "revenueEstimate": {"avg": {}, "low": {}, "high": {}, "numberOfAnalysts": {}, "yearAgoRevenue": {}, "growth": {}}, "epsTrend": {"current": {}, "7daysAgo": {}, "30daysAgo": {}, "60daysAgo": {}, "90daysAgo": {}}, "epsRevisions": {"upLast7days": {}, "upLast30days": {}, "downLast30days": {}, "downLast90days": {}}}], "maxAge": 1}, "financialData": {"maxAge": 86400, "currentPrice": 496.35, "targetHighPrice": 864.0, "targetLowPrice": 708.0, "targetMeanPrice": 779.71, "targetMedianPrice": 773.0, "recommendationKey": "none", "numberOfAnalystOpinions": 7, "grossProfits": 16941200000, "financialCurrency": "INR"}}}