{"APCOTEXIND.BO": {"recommendationTrend": {"trend": [{"period": "0m", "strongBuy": 0, "buy": 0, "hold": 0, "sell": 0, "strongSell": 0}, {"period": "-1m", "strongBuy": 0, "buy": 0, "hold": 0, "sell": 0, "strongSell": 0}, {"period": "-2m", "strongBuy": 0, "buy": 0, "hold": 0, "sell": 0, "strongSell": 0}, {"period": "-3m", "strongBuy": 0, "buy": 0, "hold": 0, "sell": 0, "strongSell": 0}], "maxAge": 86400}, "cashflowStatementHistory": {"cashflowStatements": [{"maxAge": 1, "endDate": "2020-03-31", "netIncome": 166272000, "depreciation": 128058000, "changeToNetincome": -10978000, "changeToAccountReceivables": 218192000, "changeToLiabilities": -24995000, "changeToInventory": -115053000, "changeToOperatingActivities": -4216000, "totalCashFromOperatingActivities": 363196000, "capitalExpenditures": -502221000, "investments": 51551000, "otherCashflowsFromInvestingActivities": 17774000, "totalCashflowsFromInvestingActivities": -421190000, "dividendsPaid": -305962000, "netBorrowings": 450549000, "otherCashflowsFromFinancingActivities": -77054000, "totalCashFromFinancingActivities": 67533000, "changeInCash": 9539000}, {"maxAge": 1, "endDate": "2019-03-31", "netIncome": 466048000, "depreciation": 113470000, "changeToNetincome": -24880000, "changeToAccountReceivables": -244167000, "changeToLiabilities": 140706000, "changeToInventory": 11364000, "changeToOperatingActivities": -78645000, "totalCashFromOperatingActivities": 388352000, "capitalExpenditures": -222579000, "investments": 111164000, "otherCashflowsFromInvestingActivities": 28102000, "totalCashflowsFromInvestingActivities": -79461000, "dividendsPaid": -123059000, "netBorrowings": -133824000, "otherCashflowsFromFinancingActivities": -43607000, "totalCashFromFinancingActivities": -300490000, "changeInCash": 8401000}, {"maxAge": 1, "endDate": "2018-03-31", "netIncome": 386364000, "depreciation": 118296000, "changeToNetincome": -29385000, "changeToAccountReceivables": -210314000, "changeToLiabilities": 283657000, "changeToInventory": -48018000, "changeToOperatingActivities": 28068000, "totalCashFromOperatingActivities": 531796000, "capitalExpenditures": -120633000, "investments": -54701000, "otherCashflowsFromInvestingActivities": 22518000, "totalCashflowsFromInvestingActivities": -102355000, "dividendsPaid": -92022000, "netBorrowings": -48763000, "otherCashflowsFromFinancingActivities": -34707000, "totalCashFromFinancingActivities": -175492000, "changeInCash": 253949000}, {"maxAge": 1, "endDate": "2017-03-31", "netIncome": 349852000, "depreciation": 117487000, "changeToNetincome": -215386000, "changeToAccountReceivables": -210314000, "changeToLiabilities": 0, "changeToInventory": -48018000, "changeToOperatingActivities": -33662000, "totalCashFromOperatingActivities": 221806000, "capitalExpenditures": -112541000, "investments": 10842000, "otherCashflowsFromInvestingActivities": 13289000, "totalCashflowsFromInvestingActivities": -82427000, "dividendsPaid": -91929000, "netBorrowings": -31724000, "otherCashflowsFromFinancingActivities": -47906000, "totalCashFromFinancingActivities": -171559000, "changeInCash": -32180000}], "maxAge": 86400}, "institutionOwnership": {"maxAge": 1, "ownershipList": []}, "balanceSheetHistoryQuarterly": {"balanceSheetStatements": [{"maxAge": 1, "endDate": "2020-06-30", "totalStockholderEquity": 2512736000, "netTangibleAssets": 2503078000}, {"maxAge": 1, "endDate": "2020-03-31", "cash": 117231000, "netReceivables": 1007981000, "inventory": 596731000, "otherCurrentAssets": 119821000, "totalCurrentAssets": 2052444000, "longTermInvestments": 333582000, "propertyPlantEquipment": 1432552000, "intangibleAssets": 9658000, "otherAssets": 140579000, "totalAssets": 3968815000, "accountsPayable": 459389000, "shortLongTermDebt": 75306000, "otherCurrentLiab": 51751000, "longTermDebt": 225670000, "otherLiab": 121294000, "totalCurrentLiabilities": 1106648000, "totalLiab": 1456079000, "commonStock": 103690000, "retainedEarnings": 1727546000, "treasuryStock": 421505000, "capitalSurplus": 259995000, "otherStockholderEquity": 421505000, "totalStockholderEquity": 2512736000, "netTangibleAssets": 2503078000}, {"maxAge": 1, "endDate": "2019-12-31", "totalStockholderEquity": 2734070000, "netTangibleAssets": 2721941000}, {"maxAge": 1, "endDate": "2019-09-30", "cash": 98464000, "shortTermInvestments": 190468000, "netReceivables": 924729000, "inventory": 621867000, "otherCurrentAssets": 184622000, "totalCurrentAssets": 2020150000, "longTermInvestments": 437417000, "propertyPlantEquipment": 1251392000, "intangibleAssets": 12129000, "otherAssets": 219627000, "totalAssets": 3940715000, "accountsPayable": 368169000, "otherCurrentLiab": 419737000, "longTermDebt": 181250000, "otherLiab": 93442000, "totalCurrentLiabilities": 931953000, "totalLiab": 1206645000, "commonStock": 103690000, "treasuryStock": 2630380000, "otherStockholderEquity": 2630380000, "totalStockholderEquity": 2734070000, "netTangibleAssets": 2721941000}], "maxAge": 86400}, "earningsHistory": {"history": [{"maxAge": 1, "epsActual": 6.41, "epsEstimate": 4.18, "epsDifference": 2.23, "surprisePercent": 0.533, "quarter": "2017-12-31", "period": "-4q"}, {"maxAge": 1, "epsActual": 5.82, "epsEstimate": 4.2, "epsDifference": 1.62, "surprisePercent": 0.38599998, "quarter": "2018-03-31", "period": "-3q"}, {"maxAge": 1, "epsActual": 5.42, "epsEstimate": 4.6, "epsDifference": 0.82, "surprisePercent": 0.17799999, "quarter": "2018-06-30", "period": "-2q"}, {"maxAge": 1, "epsActual": 4.87, "epsEstimate": 5.2, "epsDifference": -0.33, "surprisePercent": -0.063, "quarter": "2018-09-30", "period": "-1q"}], "maxAge": 86400}, "indexTrend": {"maxAge": 1, "symbol": "SP5", "peRatio": 19.7411, "pegRatio": 1.34172, "estimates": [{"period": "0q", "growth": 0.549}, {"period": "+1q", "growth": 0.431}, {"period": "0y", "growth": 0.305}, {"period": "+1y", "growth": 0.109}, {"period": "+5y", "growth": 0.120865}, {"period": "-5y"}]}, "industryTrend": {"maxAge": 1, "symbol": null, "estimates": []}, "insiderTransactions": {"transactions": [{"maxAge": 1, "shares": 1062533, "filerUrl": "", "transactionText": "", "filerName": "Choksey (Abhiraj Atul)", "filerRelation": "Managing Director", "moneyText": "", "startDate": "2020-09-09", "ownership": "D"}, {"maxAge": 1, "shares": 5215, "filerUrl": "", "transactionText": "", "filerName": "Choksey (Abhiraj Atul) HUF", "filerRelation": "Promoter", "moneyText": "", "startDate": "2020-09-09", "ownership": "D"}, {"maxAge": 1, "shares": 20843, "value": 41527, "filerUrl": "", "transactionText": "Acquisition at price 1.99 per share.", "filerName": "Choksey (Atul Champaklal)", "filerRelation": "Non Executive Chairman", "moneyText": "", "startDate": "2020-09-09", "ownership": "D"}, {"maxAge": 1, "shares": 2000, "filerUrl": "", "transactionText": "", "filerName": "Choksey (Parul Atul)", "filerRelation": "Promoter", "moneyText": "", "startDate": "2020-09-09", "ownership": "D"}, {"maxAge": 1, "shares": 3000, "value": 5639, "filerUrl": "", "transactionText": "Acquisition at price 1.88 per share.", "filerName": "Choksey (Parul Atul)", "filerRelation": "Promoter", "moneyText": "", "startDate": "2020-09-08", "ownership": "D"}, {"maxAge": 1, "shares": 3000, "filerUrl": "", "transactionText": "", "filerName": "Choksey (Abhiraj Atul)", "filerRelation": "Managing Director", "moneyText": "", "startDate": "2020-08-19", "ownership": "D"}, {"maxAge": 1, "shares": 17000, "filerUrl": "", "transactionText": "", "filerName": "Choksey (Parul Atul)", "filerRelation": "Promoter", "moneyText": "", "startDate": "2020-08-19", "ownership": "D"}, {"maxAge": 1, "shares": 3424766, "filerUrl": "", "transactionText": "", "filerName": "Jalan (Devanshi Anant Veer)", "filerRelation": "Promoter", "moneyText": "", "startDate": "2020-08-19", "ownership": "D"}, {"maxAge": 1, "shares": 26930, "value": 48438, "filerUrl": "", "transactionText": "Acquisition at price 1.80 per share.", "filerName": "Choksey (Abhiraj Atul) HUF", "filerRelation": "Promoter", "moneyText": "", "startDate": "2020-08-18", "ownership": "D"}, {"maxAge": 1, "shares": 5255, "value": 9078, "filerUrl": "", "transactionText": "Acquisition at price 1.73 per share.", "filerName": "Choksey (Abhiraj Atul)", "filerRelation": "Managing Director", "moneyText": "", "startDate": "2020-08-17", "ownership": "D"}, {"maxAge": 1, "shares": 3000, "filerUrl": "", "transactionText": "", "filerName": "Choksey (Abhiraj Atul)", "filerRelation": "Managing Director", "moneyText": "", "startDate": "2020-08-17", "ownership": "D"}, {"maxAge": 1, "shares": 23213451, "filerUrl": "", "transactionText": "", "filerName": "Choksey (Abhiraj Atul)", "filerRelation": "Managing Director", "moneyText": "", "startDate": "2020-03-31", "ownership": "D"}, {"maxAge": 1, "shares": 19900, "filerUrl": "", "transactionText": "", "filerName": "Choksey (Atul Champaklal)", "filerRelation": "Non Executive Chairman", "moneyText": "", "startDate": "2020-03-26", "ownership": "D"}, {"maxAge": 1, "shares": 0, "filerUrl": "", "transactionText": "", "filerName": "Choksey (Atul Champaklal)", "filerRelation": "Non Executive Chairman", "moneyText": "", "startDate": "2020-03-26", "ownership": "I"}, {"maxAge": 1, "shares": 73648, "filerUrl": "", "transactionText": "", "filerName": "Apco Enterprises, Ltd", "filerRelation": "Promoter", "moneyText": "", "startDate": "2020-03-12", "ownership": "D"}, {"maxAge": 1, "shares": 4760930, "filerUrl": "", "transactionText": "", "filerName": "Choksey (Atul Champaklal)", "filerRelation": "Non Executive Chairman", "moneyText": "", "startDate": "2020-03-12", "ownership": "D"}, {"maxAge": 1, "shares": 4135500, "filerUrl": "", "transactionText": "", "filerName": "Choksey (Abhiraj Atul)", "filerRelation": "Promoter", "moneyText": "", "startDate": "2020-03-02", "ownership": "D"}, {"maxAge": 1, "shares": 4460641, "filerUrl": "", "transactionText": "", "filerName": "Choksey (Parul Atul)", "filerRelation": "Promoter", "moneyText": "", "startDate": "2020-03-02", "ownership": "D"}], "maxAge": 1}, "quoteType": {"exchange": "BSE", "quoteType": "EQUITY", "symbol": "APCOTEXIND.BO", "underlyingSymbol": "APCOTEXIND.BO", "shortName": "APCOTEX INDUSTRIES LTD.", "longName": "Apcotex Industries Limited", "firstTradeDateEpochUtc": "2000-01-03 09:15:00", "timeZoneFullName": "Asia/Kolkata", "timeZoneShortName": "IST", "uuid": "91c75340-5d42-3e8f-bbf4-5a1a9631a268", "messageBoardId": null, "gmtOffSetMilliseconds": 19800000, "maxAge": 1}, "incomeStatementHistory": {"incomeStatementHistory": [{"maxAge": 1, "endDate": "2020-03-31", "totalRevenue": 4959814000, "costOfRevenue": 3548402000, "grossProfit": 1411412000, "researchDevelopment": {}, "sellingGeneralAdministrative": 399103000, "nonRecurring": {}, "otherOperatingExpenses": 671369000, "totalOperatingExpenses": 4752848000, "operatingIncome": 206966000, "totalOtherIncomeExpenseNet": 39072000, "ebit": 206966000, "interestExpense": -10248000, "incomeBeforeTax": 246038000, "incomeTaxExpense": 79766000, "minorityInterest": {}, "netIncomeFromContinuingOps": 166272000, "discontinuedOperations": {}, "extraordinaryItems": {}, "effectOfAccountingCharges": {}, "otherItems": {}, "netIncome": 166272000, "netIncomeApplicableToCommonShares": 166272000}, {"maxAge": 1, "endDate": "2019-03-31", "totalRevenue": 6256665000, "costOfRevenue": 4482668000, "grossProfit": 1773997000, "researchDevelopment": {}, "sellingGeneralAdministrative": 396915000, "nonRecurring": {}, "otherOperatingExpenses": 694654000, "totalOperatingExpenses": 5692163000, "operatingIncome": 564502000, "totalOtherIncomeExpenseNet": 52199000, "ebit": 564502000, "interestExpense": -15560000, "incomeBeforeTax": 616701000, "incomeTaxExpense": 150653000, "minorityInterest": {}, "netIncomeFromContinuingOps": 466048000, "discontinuedOperations": {}, "extraordinaryItems": {}, "effectOfAccountingCharges": {}, "otherItems": {}, "netIncome": 466048000, "netIncomeApplicableToCommonShares": 466048000}, {"maxAge": 1, "endDate": "2018-03-31", "totalRevenue": 5261794000, "costOfRevenue": 3672563000, "grossProfit": 1589231000, "researchDevelopment": {}, "sellingGeneralAdministrative": 346256000, "nonRecurring": {}, "otherOperatingExpenses": 588384000, "totalOperatingExpenses": 4728627000, "operatingIncome": 533167000, "totalOtherIncomeExpenseNet": 24588000, "ebit": 533167000, "interestExpense": -13499000, "incomeBeforeTax": 557755000, "incomeTaxExpense": 171391000, "minorityInterest": {}, "netIncomeFromContinuingOps": 386364000, "discontinuedOperations": {}, "extraordinaryItems": {}, "effectOfAccountingCharges": {}, "otherItems": {}, "netIncome": 386364000, "netIncomeApplicableToCommonShares": 386364000}, {"maxAge": 1, "endDate": "2017-03-31", "totalRevenue": 3880368000, "costOfRevenue": 2317472000, "grossProfit": 1562896000, "researchDevelopment": {}, "sellingGeneralAdministrative": 297268000, "nonRecurring": {}, "otherOperatingExpenses": 963757000, "totalOperatingExpenses": 3705155000, "operatingIncome": 175213000, "totalOtherIncomeExpenseNet": 259062000, "ebit": 175213000, "interestExpense": -26706000, "incomeBeforeTax": 434275000, "incomeTaxExpense": 84423000, "minorityInterest": {}, "netIncomeFromContinuingOps": 349852000, "discontinuedOperations": {}, "extraordinaryItems": {}, "effectOfAccountingCharges": {}, "otherItems": {}, "netIncome": 349852000, "netIncomeApplicableToCommonShares": 349852000}], "maxAge": 86400}, "fundOwnership": {"maxAge": 1, "ownershipList": []}, "summaryDetail": {"maxAge": 1, "priceHint": 2, "previousClose": 225.6, "open": 219.1, "dayLow": 215.0, "dayHigh": 235.55, "regularMarketPreviousClose": 225.6, "regularMarketOpen": 219.1, "regularMarketDayLow": 215.0, "regularMarketDayHigh": 235.55, "forwardPE": 7.6220107, "volume": 107883, "regularMarketVolume": 107883, "averageVolume": 21662, "averageVolume10days": 23772, "averageDailyVolume10Day": 23772, "bid": 231.0, "ask": 233.4, "bidSize": 0, "askSize": 0, "marketCap": 12064331776, "fiftyTwoWeekLow": 64.35, "fiftyTwoWeekHigh": 235.55, "fiftyDayAverage": 177.74142, "twoHundredDayAverage": 159.49963, "trailingAnnualDividendRate": 3.0, "trailingAnnualDividendYield": 0.013297872, "currency": "INR", "fromCurrency": null, "toCurrency": null, "lastMarket": null, "algorithm": null, "tradeable": false}, "sectorTrend": {"maxAge": 1, "symbol": null, "estimates": []}, "incomeStatementHistoryQuarterly": {"incomeStatementHistory": [{"maxAge": 1, "endDate": "2020-06-30", "totalRevenue": 598645000, "costOfRevenue": 414989000, "grossProfit": 183656000, "researchDevelopment": {}, "sellingGeneralAdministrative": 91810000, "nonRecurring": {}, "otherOperatingExpenses": 134896000, "totalOperatingExpenses": 678741000, "operatingIncome": -80096000, "totalOtherIncomeExpenseNet": 10017000, "ebit": -80096000, "interestExpense": -8717000, "incomeBeforeTax": -70079000, "incomeTaxExpense": -3360000, "minorityInterest": {}, "netIncomeFromContinuingOps": -66719000, "discontinuedOperations": {}, "extraordinaryItems": {}, "effectOfAccountingCharges": {}, "otherItems": {}, "netIncome": -66719000, "netIncomeApplicableToCommonShares": -66719000}, {"maxAge": 1, "endDate": "2020-03-31", "totalRevenue": 1156273000, "costOfRevenue": 864963000, "grossProfit": 291310000, "researchDevelopment": {}, "sellingGeneralAdministrative": 101848000, "nonRecurring": {}, "otherOperatingExpenses": 103377000, "totalOperatingExpenses": 1105750000, "operatingIncome": 50523000, "totalOtherIncomeExpenseNet": 1426000, "ebit": 50523000, "interestExpense": -1100000, "incomeBeforeTax": 51949000, "incomeTaxExpense": 21291000, "minorityInterest": {}, "netIncomeFromContinuingOps": 30658000, "discontinuedOperations": {}, "extraordinaryItems": {}, "effectOfAccountingCharges": {}, "otherItems": {}, "netIncome": 30658000, "netIncomeApplicableToCommonShares": 30658000}, {"maxAge": 1, "endDate": "2019-12-31", "totalRevenue": 1095641000, "costOfRevenue": 828988000, "grossProfit": 266653000, "researchDevelopment": {}, "sellingGeneralAdministrative": 96120000, "nonRecurring": {}, "otherOperatingExpenses": 165626000, "totalOperatingExpenses": 1126374000, "operatingIncome": -30733000, "totalOtherIncomeExpenseNet": 12424000, "ebit": -30733000, "interestExpense": -1728000, "incomeBeforeTax": -18309000, "incomeTaxExpense": -4093000, "minorityInterest": {}, "netIncomeFromContinuingOps": -14216000, "discontinuedOperations": {}, "extraordinaryItems": {}, "effectOfAccountingCharges": {}, "otherItems": {}, "netIncome": -14216000, "netIncomeApplicableToCommonShares": -14216000}, {"maxAge": 1, "endDate": "2019-09-30", "totalRevenue": 1240574000, "costOfRevenue": 876505000, "grossProfit": 364069000, "researchDevelopment": {}, "sellingGeneralAdministrative": 103323000, "nonRecurring": {}, "otherOperatingExpenses": 191768000, "totalOperatingExpenses": 1203905000, "operatingIncome": 36669000, "totalOtherIncomeExpenseNet": 17723000, "ebit": 36669000, "interestExpense": -3420000, "incomeBeforeTax": 54392000, "incomeTaxExpense": 18154000, "minorityInterest": {}, "netIncomeFromContinuingOps": 36238000, "discontinuedOperations": {}, "extraordinaryItems": {}, "effectOfAccountingCharges": {}, "otherItems": {}, "netIncome": 36238000, "netIncomeApplicableToCommonShares": 36238000}], "maxAge": 86400}, "cashflowStatementHistoryQuarterly": {"cashflowStatements": [{"maxAge": 1, "endDate": "2020-06-30", "netIncome": -66719000, "changeToLiabilities": 0}, {"maxAge": 1, "endDate": "2020-03-31", "netIncome": 30658000, "changeToLiabilities": 0}, {"maxAge": 1, "endDate": "2019-12-31", "netIncome": -14216000, "changeToLiabilities": 0}, {"maxAge": 1, "endDate": "2019-09-30", "netIncome": 36238000, "changeToLiabilities": 0}], "maxAge": 86400}, "insiderHolders": {"holders": [{"maxAge": 1, "name": "Apco Enterprises, Ltd", "relation": "Promoter", "url": "", "transactionDescription": "Other", "latestTransDate": "2020-03-12", "positionDirect": 186000, "positionDirectDate": "2020-03-12"}, {"maxAge": 1, "name": "Choksey (Abhiraj Atul)", "relation": "Managing Director", "url": "", "transactionDescription": "Acquisition", "latestTransDate": "2020-09-09", "positionDirect": 7912373, "positionDirectDate": "2020-09-09"}, {"maxAge": 1, "name": "Choksey (Abhiraj Atul) HUF", "relation": "Promoter", "url": "", "transactionDescription": "Acquisition", "latestTransDate": "2020-09-09", "positionDirect": 47432, "positionDirectDate": "2020-09-09"}, {"maxAge": 1, "name": "Choksey (Atul Champaklal)", "relation": "Non Executive Chairman", "url": "", "transactionDescription": "Acquisition", "latestTransDate": "2020-09-09", "positionDirect": 7912373, "positionDirectDate": "2020-09-09"}, {"maxAge": 1, "name": "Choksey (Parul Atul)", "relation": "Promoter", "url": "", "transactionDescription": "Acquisition", "latestTransDate": "2020-09-09", "positionDirect": 7394402, "positionDirectDate": "2020-09-09"}, {"maxAge": 1, "name": "Jalan (Devanshi Anant Veer)", "relation": "Promoter", "url": "", "transactionDescription": "Acquisition", "latestTransDate": "2020-08-19", "positionDirect": 5705944, "positionDirectDate": "2020-08-19"}], "maxAge": 1}, "earnings": {"maxAge": 86400, "earningsChart": {"quarterly": [{"date": "4Q2017", "actual": 6.41, "estimate": 4.18}, {"date": "1Q2018", "actual": 5.82, "estimate": 4.2}, {"date": "2Q2018", "actual": 5.42, "estimate": 4.6}, {"date": "3Q2018", "actual": 4.87, "estimate": 5.2}], "currentQuarterEstimateDate": "4Q", "currentQuarterEstimateYear": 2018, "earningsDate": []}, "financialsChart": {"yearly": [{"date": 2017, "revenue": 3880368000, "earnings": 349852000}, {"date": 2018, "revenue": 5261794000, "earnings": 386364000}, {"date": 2019, "revenue": 6256665000, "earnings": 466048000}, {"date": 2020, "revenue": 4959814000, "earnings": 166272000}], "quarterly": [{"date": "3Q2019", "revenue": 1240574000, "earnings": 36238000}, {"date": "4Q2019", "revenue": 1095641000, "earnings": -14216000}, {"date": "1Q2020", "revenue": 1156273000, "earnings": 30658000}, {"date": "2Q2020", "revenue": 598645000, "earnings": -66719000}]}, "financialCurrency": "INR"}, "calendarEvents": {"maxAge": 1, "earnings": {"earningsDate": []}}, "price": {"maxAge": 1, "regularMarketChangePercent": 0.03147159, "regularMarketChange": 7.099991, "regularMarketTime": "2021-04-30 15:29:43", "priceHint": 2, "regularMarketPrice": 232.7, "regularMarketDayHigh": 235.55, "regularMarketDayLow": 215.0, "regularMarketVolume": 107883, "averageDailyVolume10Day": 23772, "averageDailyVolume3Month": 21662, "regularMarketPreviousClose": 225.6, "regularMarketSource": "FREE_REALTIME", "regularMarketOpen": 219.1, "exchange": "BSE", "exchangeName": "BSE", "exchangeDataDelayedBy": 0, "marketState": "CLOSED", "quoteType": "EQUITY", "symbol": "APCOTEXIND.BO", "underlyingSymbol": null, "shortName": "APCOTEX INDUSTRIES LTD.", "longName": "Apcotex Industries Limited", "currency": "INR", "quoteSourceName": "Delayed Quote", "currencySymbol": "\u20b9", "fromCurrency": null, "toCurrency": null, "lastMarket": null, "marketCap": 12064331776}, "balanceSheetHistory": {"balanceSheetStatements": [{"maxAge": 1, "endDate": "2020-03-31", "cash": 117231000, "netReceivables": 1007981000, "inventory": 596731000, "otherCurrentAssets": 119821000, "totalCurrentAssets": 2052444000, "longTermInvestments": 333582000, "propertyPlantEquipment": 1432552000, "intangibleAssets": 9658000, "otherAssets": 140579000, "totalAssets": 3968815000, "accountsPayable": 459389000, "shortLongTermDebt": 75306000, "otherCurrentLiab": 51751000, "longTermDebt": 225670000, "otherLiab": 121294000, "totalCurrentLiabilities": 1106648000, "totalLiab": 1456079000, "commonStock": 103690000, "retainedEarnings": 1727546000, "treasuryStock": 421505000, "capitalSurplus": 259995000, "otherStockholderEquity": 421505000, "totalStockholderEquity": 2512736000, "netTangibleAssets": 2503078000}, {"maxAge": 1, "endDate": "2019-03-31", "cash": 57022000, "netReceivables": 1173538000, "inventory": 481678000, "otherCurrentAssets": 172455000, "totalCurrentAssets": 2146043000, "longTermInvestments": 427803000, "propertyPlantEquipment": 961844000, "intangibleAssets": 14244000, "otherAssets": 220315000, "totalAssets": 3770249000, "accountsPayable": 525605000, "otherCurrentLiab": 46461000, "longTermDebt": 10000000, "otherLiab": 75825000, "totalCurrentLiabilities": 906905000, "totalLiab": 992730000, "commonStock": 103690000, "retainedEarnings": 1976782000, "treasuryStock": 437052000, "capitalSurplus": 259995000, "otherStockholderEquity": 437052000, "totalStockholderEquity": 2777519000, "netTangibleAssets": 2763275000}, {"maxAge": 1, "endDate": "2018-03-31", "cash": 55264000, "netReceivables": 1065184000, "inventory": 493041000, "otherCurrentAssets": 36647000, "totalCurrentAssets": 1904843000, "longTermInvestments": 499070000, "propertyPlantEquipment": 872888000, "intangibleAssets": 3650000, "otherAssets": 159645000, "totalAssets": 3440096000, "accountsPayable": 480890000, "otherCurrentLiab": 21150000, "otherLiab": 69915000, "totalCurrentLiabilities": 906311000, "totalLiab": 976226000, "commonStock": 103690000, "retainedEarnings": 1663133000, "treasuryStock": 437052000, "capitalSurplus": 259995000, "otherStockholderEquity": 437052000, "totalStockholderEquity": 2463870000, "netTangibleAssets": 2460220000}, {"maxAge": 1, "endDate": "2017-03-31", "cash": 56027000, "netReceivables": 845822000, "inventory": 445024000, "otherCurrentAssets": 48216000, "totalCurrentAssets": 1395089000, "longTermInvestments": 397819000, "propertyPlantEquipment": 930858000, "intangibleAssets": 6583000, "otherAssets": 240618000, "totalAssets": 2970967000, "accountsPayable": 221841000, "otherCurrentLiab": 34897000, "otherLiab": 67075000, "totalCurrentLiabilities": 674708000, "totalLiab": 741783000, "commonStock": 104080000, "retainedEarnings": 1369094000, "treasuryStock": 496015000, "capitalSurplus": 259995000, "otherStockholderEquity": 496015000, "totalStockholderEquity": 2229184000, "netTangibleAssets": 2222601000}], "maxAge": 86400}, "earningsTrend": {"trend": [{"maxAge": 1, "period": "0q", "endDate": "2018-12-31", "growth": {}, "earningsEstimate": {"avg": 0.0, "low": 0.0, "high": 0.0, "yearAgoEps": 6.41, "numberOfAnalysts": 0, "growth": {}}, "revenueEstimate": {"avg": 0, "low": 0, "high": 0, "numberOfAnalysts": 0, "yearAgoRevenue": {}, "growth": {}}, "epsTrend": {"current": 0.0, "7daysAgo": 0.0, "30daysAgo": 0.0, "60daysAgo": 0.0, "90daysAgo": 0.0}, "epsRevisions": {"upLast7days": 0, "upLast30days": 0, "downLast30days": 0, "downLast90days": {}}}, {"maxAge": 1, "period": "+1q", "endDate": "2019-03-31", "growth": {}, "earningsEstimate": {"avg": 0.0, "low": 0.0, "high": 0.0, "yearAgoEps": 5.82, "numberOfAnalysts": 0, "growth": {}}, "revenueEstimate": {"avg": 0, "low": 0, "high": 0, "numberOfAnalysts": 0, "yearAgoRevenue": {}, "growth": {}}, "epsTrend": {"current": 0.0, "7daysAgo": 0.0, "30daysAgo": 0.0, "60daysAgo": 0.0, "90daysAgo": 0.0}, "epsRevisions": {"upLast7days": 0, "upLast30days": 0, "downLast30days": 0, "downLast90days": {}}}, {"maxAge": 1, "period": "0y", "endDate": "2019-03-31", "growth": {}, "earningsEstimate": {"avg": 0.0, "low": 0.0, "high": 0.0, "yearAgoEps": {}, "numberOfAnalysts": 0, "growth": {}}, "revenueEstimate": {"avg": 6383500000, "low": 6267000000, "high": 6500000000, "numberOfAnalysts": 2, "yearAgoRevenue": 5261790000, "growth": 0.213}, "epsTrend": {"current": 0.0, "7daysAgo": 23.25, "30daysAgo": 23.25, "60daysAgo": 23.25, "90daysAgo": 23.25}, "epsRevisions": {"upLast7days": 0, "upLast30days": 0, "downLast30days": 0, "downLast90days": {}}}, {"maxAge": 1, "period": "+1y", "endDate": "2020-03-31", "growth": {}, "earningsEstimate": {"avg": 0.0, "low": 0.0, "high": 0.0, "yearAgoEps": {}, "numberOfAnalysts": 0, "growth": {}}, "revenueEstimate": {"avg": 7355500000, "low": 7184000000, "high": 7600000000, "numberOfAnalysts": 4, "yearAgoRevenue": 6383500000, "growth": 0.152}, "epsTrend": {"current": 0.0, "7daysAgo": 30.53, "30daysAgo": 30.53, "60daysAgo": 30.53, "90daysAgo": 30.53}, "epsRevisions": {"upLast7days": 0, "upLast30days": 0, "downLast30days": 0, "downLast90days": {}}}, {"maxAge": 1, "period": "+5y", "endDate": null, "growth": {}, "earningsEstimate": {"avg": {}, "low": {}, "high": {}, "yearAgoEps": {}, "numberOfAnalysts": {}, "growth": {}}, "revenueEstimate": {"avg": {}, "low": {}, "high": {}, "numberOfAnalysts": {}, "yearAgoRevenue": {}, "growth": {}}, "epsTrend": {"current": {}, "7daysAgo": {}, "30daysAgo": {}, "60daysAgo": {}, "90daysAgo": {}}, "epsRevisions": {"upLast7days": {}, "upLast30days": {}, "downLast30days": {}, "downLast90days": {}}}, {"maxAge": 1, "period": "-5y", "endDate": null, "growth": {}, "earningsEstimate": {"avg": {}, "low": {}, "high": {}, "yearAgoEps": {}, "numberOfAnalysts": {}, "growth": {}}, "revenueEstimate": {"avg": {}, "low": {}, "high": {}, "numberOfAnalysts": {}, "yearAgoRevenue": {}, "growth": {}}, "epsTrend": {"current": {}, "7daysAgo": {}, "30daysAgo": {}, "60daysAgo": {}, "90daysAgo": {}}, "epsRevisions": {"upLast7days": {}, "upLast30days": {}, "downLast30days": {}, "downLast90days": {}}}], "maxAge": 1}, "financialData": {"maxAge": 86400, "currentPrice": 232.7, "targetHighPrice": 686.0, "targetLowPrice": 623.0, "targetMeanPrice": 658.0, "targetMedianPrice": 661.5, "recommendationKey": "none", "numberOfAnalystOpinions": 4, "grossProfits": 1411412000, "financialCurrency": "INR"}}}