{"APEX.BO": {"recommendationTrend": {"trend": [{"period": "0m", "strongBuy": 0, "buy": 0, "hold": 0, "sell": 0, "strongSell": 0}, {"period": "-1m", "strongBuy": 0, "buy": 0, "hold": 0, "sell": 0, "strongSell": 0}, {"period": "-2m", "strongBuy": 0, "buy": 0, "hold": 0, "sell": 0, "strongSell": 0}, {"period": "-3m", "strongBuy": 0, "buy": 0, "hold": 0, "sell": 0, "strongSell": 0}], "maxAge": 86400}, "cashflowStatementHistory": {"cashflowStatements": [{"maxAge": 1, "endDate": "2020-03-31", "netIncome": 606417000, "depreciation": 190552000, "changeToNetincome": 111908000, "changeToAccountReceivables": 144225000, "changeToLiabilities": 138481000, "changeToInventory": -777650000, "changeToOperatingActivities": 169080000, "totalCashFromOperatingActivities": 583013000, "capitalExpenditures": -384692000, "otherCashflowsFromInvestingActivities": -58228000, "totalCashflowsFromInvestingActivities": -440312000, "dividendsPaid": -150694000, "netBorrowings": 178303000, "otherCashflowsFromFinancingActivities": -164642000, "totalCashFromFinancingActivities": -137033000, "changeInCash": 5668000}, {"maxAge": 1, "endDate": "2019-03-31", "netIncome": 607960000, "depreciation": 108645000, "changeToNetincome": 54603000, "changeToAccountReceivables": -261555000, "changeToLiabilities": 49286000, "changeToInventory": -46854000, "changeToOperatingActivities": -22155000, "totalCashFromOperatingActivities": 489930000, "capitalExpenditures": -1099150000, "otherCashflowsFromInvestingActivities": -49399000, "totalCashflowsFromInvestingActivities": -1137816000, "dividendsPaid": -75347000, "netBorrowings": 223674000, "otherCashflowsFromFinancingActivities": -78168000, "totalCashFromFinancingActivities": 70159000, "changeInCash": -577728000}, {"maxAge": 1, "endDate": "2018-03-31", "netIncome": 791005000, "depreciation": 86524000, "changeToNetincome": -84473000, "changeToAccountReceivables": 154237000, "changeToLiabilities": -43342000, "changeToInventory": -377749000, "changeToOperatingActivities": -196573000, "totalCashFromOperatingActivities": 329629000, "capitalExpenditures": -569742000, "otherCashflowsFromInvestingActivities": -13957000, "totalCashflowsFromInvestingActivities": -583699000, "dividendsPaid": -75347000, "netBorrowings": -251928000, "otherCashflowsFromFinancingActivities": -164005000, "totalCashFromFinancingActivities": 852817000, "changeInCash": 598746000, "issuanceOfStock": 1268750000}, {"maxAge": 1, "endDate": "2017-03-31", "netIncome": 251268000, "depreciation": 62717000, "changeToNetincome": 129955000, "changeToAccountReceivables": -413503000, "changeToLiabilities": 147543000, "changeToInventory": -42377000, "changeToOperatingActivities": 8321000, "totalCashFromOperatingActivities": 143924000, "capitalExpenditures": -267401000, "otherCashflowsFromInvestingActivities": -18239000, "totalCashflowsFromInvestingActivities": -285632000, "dividendsPaid": -28886000, "netBorrowings": 296230000, "otherCashflowsFromFinancingActivities": -98299000, "totalCashFromFinancingActivities": 169045000, "changeInCash": 27338000, "issuanceOfStock": 1268750000}], "maxAge": 86400}, "institutionOwnership": {"maxAge": 1, "ownershipList": []}, "balanceSheetHistoryQuarterly": {"balanceSheetStatements": [{"maxAge": 1, "endDate": "2020-06-30", "totalStockholderEquity": 3958623000, "netTangibleAssets": 3958623000}, {"maxAge": 1, "endDate": "2020-03-31", "cash": 72329000, "shortTermInvestments": 299035000, "netReceivables": 953116000, "inventory": 1840499000, "otherCurrentAssets": 186835000, "totalCurrentAssets": 3351814000, "propertyPlantEquipment": 2830078000, "otherAssets": 83148000, "deferredLongTermAssetCharges": 33739000, "totalAssets": 6265040000, "accountsPayable": 333365000, "shortLongTermDebt": 40377000, "otherCurrentLiab": 224661000, "longTermDebt": 240629000, "otherLiab": 2832000, "totalCurrentLiabilities": 2062956000, "totalLiab": 2306417000, "commonStock": 312500000, "retainedEarnings": 2542218000, "capitalSurplus": 1103905000, "totalStockholderEquity": 3958623000, "netTangibleAssets": 3958623000}, {"maxAge": 1, "endDate": "2019-12-31", "totalStockholderEquity": 3797580000, "netTangibleAssets": 3797580000}, {"maxAge": 1, "endDate": "2019-09-30", "cash": 121938000, "netReceivables": 1502823000, "inventory": 1454435000, "otherCurrentAssets": 178905000, "totalCurrentAssets": 3258101000, "propertyPlantEquipment": 2571452000, "otherAssets": 116915000, "deferredLongTermAssetCharges": 36291000, "totalAssets": 5946468000, "accountsPayable": 441785000, "shortLongTermDebt": 53807000, "otherCurrentLiab": 339760000, "longTermDebt": 230731000, "otherLiab": 10876000, "totalCurrentLiabilities": 1907281000, "totalLiab": 2148888000, "commonStock": 312500000, "treasuryStock": 3485080000, "otherStockholderEquity": 3485080000, "totalStockholderEquity": 3797580000, "netTangibleAssets": 3797580000}], "maxAge": 86400}, "earningsHistory": {"history": [{"maxAge": 1, "epsActual": 7.54, "epsEstimate": 4.5, "epsDifference": 3.04, "surprisePercent": 0.676, "quarter": "2017-12-31", "period": "-4q"}, {"maxAge": 1, "epsActual": 5.21, "epsEstimate": 3.81, "epsDifference": 1.4, "surprisePercent": 0.367, "quarter": "2018-03-31", "period": "-3q"}, {"maxAge": 1, "epsActual": 4.7, "epsEstimate": 4.18, "epsDifference": 0.52, "surprisePercent": 0.124, "quarter": "2018-06-30", "period": "-2q"}, {"maxAge": 1, "epsActual": 6.35, "epsEstimate": 6.16, "epsDifference": 0.19, "surprisePercent": 0.031, "quarter": "2018-09-30", "period": "-1q"}], "maxAge": 86400}, "indexTrend": {"maxAge": 1, "symbol": "SP5", "peRatio": 19.7411, "pegRatio": 1.34172, "estimates": [{"period": "0q", "growth": 0.549}, {"period": "+1q", "growth": 0.431}, {"period": "0y", "growth": 0.305}, {"period": "+1y", "growth": 0.109}, {"period": "+5y", "growth": 0.120865}, {"period": "-5y"}]}, "industryTrend": {"maxAge": 1, "symbol": null, "estimates": []}, "insiderTransactions": {"transactions": [{"maxAge": 1, "shares": 7666, "filerUrl": "", "transactionText": "", "filerName": "Chowdary (Karuturi Subrahmanya)", "filerRelation": "Director (Executive)", "moneyText": "", "startDate": "2020-03-23", "ownership": "D"}, {"maxAge": 1, "shares": 7170, "filerUrl": "", "transactionText": "", "filerName": "Chowdary (Karuturi Subrahmanya)", "filerRelation": "Director (Executive)", "moneyText": "", "startDate": "2020-03-23", "ownership": "D"}, {"maxAge": 1, "shares": 1850, "filerUrl": "", "transactionText": "", "filerName": "Mantena (Lakshmipathi Raju)", "filerRelation": "UNREPORTED", "moneyText": "", "startDate": "2019-11-25", "ownership": "D"}, {"maxAge": 1, "shares": 1000, "filerUrl": "", "transactionText": "", "filerName": "Mantena (Lakshmipathi Raju)", "filerRelation": "UNREPORTED", "moneyText": "", "startDate": "2019-11-22", "ownership": "D"}, {"maxAge": 1, "shares": 200, "filerUrl": "", "transactionText": "", "filerName": "Chowdary (Karuturi Subrahmanya)", "filerRelation": "Director (Executive)", "moneyText": "", "startDate": "2019-08-21", "ownership": "D"}, {"maxAge": 1, "shares": 20, "filerUrl": "", "transactionText": "", "filerName": "Chowdary (Karuturi Subrahmanya)", "filerRelation": "Director (Executive)", "moneyText": "", "startDate": "2019-08-21", "ownership": "D"}, {"maxAge": 1, "shares": 1000, "filerUrl": "", "transactionText": "", "filerName": "Chowdary (Karuturi Subrahmanya)", "filerRelation": "Director (Executive)", "moneyText": "", "startDate": "2019-08-19", "ownership": "D"}, {"maxAge": 1, "shares": 1000, "filerUrl": "", "transactionText": "", "filerName": "Chowdary (Karuturi Subrahmanya)", "filerRelation": "Director (Executive)", "moneyText": "", "startDate": "2019-08-16", "ownership": "D"}, {"maxAge": 1, "shares": 2056, "filerUrl": "", "transactionText": "", "filerName": "Chowdary (Karuturi Subrahmanya)", "filerRelation": "Director (Executive)", "moneyText": "", "startDate": "2019-02-26", "ownership": "D"}, {"maxAge": 1, "shares": 1000, "filerUrl": "", "transactionText": "", "filerName": "Chowdary (Karuturi Subrahmanya)", "filerRelation": "Director (Executive)", "moneyText": "", "startDate": "2019-02-21", "ownership": "D"}, {"maxAge": 1, "shares": 6273, "filerUrl": "", "transactionText": "", "filerName": "Chowdary (Karuturi Subrahmanya)", "filerRelation": "Director (Executive)", "moneyText": "", "startDate": "2019-02-21", "ownership": "D"}, {"maxAge": 1, "shares": 4820, "filerUrl": "", "transactionText": "", "filerName": "Chowdary (Karuturi Subrahmanya)", "filerRelation": "Director (Executive)", "moneyText": "", "startDate": "2019-02-19", "ownership": "D"}, {"maxAge": 1, "shares": 7807, "filerUrl": "", "transactionText": "", "filerName": "Chowdary (Karuturi Subrahmanya)", "filerRelation": "Director (Executive)", "moneyText": "", "startDate": "2019-02-19", "ownership": "D"}, {"maxAge": 1, "shares": 125, "filerUrl": "", "transactionText": "", "filerName": "Chowdary (Karuturi Subrahmanya)", "filerRelation": "Director (Executive)", "moneyText": "", "startDate": "2019-02-15", "ownership": "D"}, {"maxAge": 1, "shares": 79, "filerUrl": "", "transactionText": "", "filerName": "Chowdary (Karuturi Subrahmanya)", "filerRelation": "Director (Executive)", "moneyText": "", "startDate": "2019-02-14", "ownership": "D"}, {"maxAge": 1, "shares": 3158, "filerUrl": "", "transactionText": "", "filerName": "Chowdary (Karuturi Subrahmanya)", "filerRelation": "Director (Executive)", "moneyText": "", "startDate": "2019-02-14", "ownership": "D"}, {"maxAge": 1, "shares": 2764, "filerUrl": "", "transactionText": "", "filerName": "Chowdary (Karuturi Subrahmanya)", "filerRelation": "Director (Executive)", "moneyText": "", "startDate": "2019-02-12", "ownership": "D"}, {"maxAge": 1, "shares": 1500, "filerUrl": "", "transactionText": "", "filerName": "Chowdary (Karuturi Subrahmanya)", "filerRelation": "Director (Executive)", "moneyText": "", "startDate": "2019-02-12", "ownership": "D"}, {"maxAge": 1, "shares": 14000, "filerUrl": "", "transactionText": "", "filerName": "Chowdary (Karuturi Subrahmanya)", "filerRelation": "Director (Executive)", "moneyText": "", "startDate": "2019-02-11", "ownership": "D"}], "maxAge": 1}, "quoteType": {"exchange": "BSE", "quoteType": "EQUITY", "symbol": "APEX.BO", "underlyingSymbol": "APEX.BO", "shortName": "Apex Frozen Foods Limited", "longName": "Apex Frozen Foods Limited", "firstTradeDateEpochUtc": "2017-09-05 09:15:00", "timeZoneFullName": "Asia/Kolkata", "timeZoneShortName": "IST", "uuid": "e1a97ea4-1ffe-3ce8-abc1-544d1b853fb0", "messageBoardId": null, "gmtOffSetMilliseconds": 19800000, "maxAge": 1}, "incomeStatementHistory": {"incomeStatementHistory": [{"maxAge": 1, "endDate": "2020-03-31", "totalRevenue": 8271054000, "costOfRevenue": 5735479000, "grossProfit": 2535575000, "researchDevelopment": {}, "sellingGeneralAdministrative": 444742000, "nonRecurring": {}, "otherOperatingExpenses": 1220859000, "totalOperatingExpenses": 7547015000, "operatingIncome": 724039000, "totalOtherIncomeExpenseNet": 83565000, "ebit": 724039000, "interestExpense": -93641000, "incomeBeforeTax": 807604000, "incomeTaxExpense": 201187000, "minorityInterest": {}, "netIncomeFromContinuingOps": 606417000, "discontinuedOperations": {}, "extraordinaryItems": {}, "effectOfAccountingCharges": {}, "otherItems": {}, "netIncome": 606417000, "netIncomeApplicableToCommonShares": 606417000}, {"maxAge": 1, "endDate": "2019-03-31", "totalRevenue": 8747104000, "costOfRevenue": 5809532000, "grossProfit": 2937572000, "researchDevelopment": {}, "sellingGeneralAdministrative": 487616000, "nonRecurring": {}, "otherOperatingExpenses": 1553726000, "totalOperatingExpenses": 7959519000, "operatingIncome": 787585000, "totalOtherIncomeExpenseNet": 149130000, "ebit": 787585000, "interestExpense": -54097000, "incomeBeforeTax": 936715000, "incomeTaxExpense": 328755000, "minorityInterest": {}, "netIncomeFromContinuingOps": 607960000, "discontinuedOperations": {}, "extraordinaryItems": {}, "effectOfAccountingCharges": {}, "otherItems": {}, "netIncome": 607960000, "netIncomeApplicableToCommonShares": 607960000}, {"maxAge": 1, "endDate": "2018-03-31", "totalRevenue": 9986340000, "costOfRevenue": 7030701000, "grossProfit": 2955639000, "researchDevelopment": {}, "sellingGeneralAdministrative": 399653000, "nonRecurring": {}, "otherOperatingExpenses": 1455676000, "totalOperatingExpenses": 8972554000, "operatingIncome": 1013786000, "totalOtherIncomeExpenseNet": 111747000, "ebit": 1013786000, "interestExpense": -72805000, "incomeBeforeTax": 1125533000, "incomeTaxExpense": 334528000, "minorityInterest": {}, "netIncomeFromContinuingOps": 791005000, "discontinuedOperations": {}, "extraordinaryItems": {}, "effectOfAccountingCharges": {}, "otherItems": {}, "netIncome": 791005000, "netIncomeApplicableToCommonShares": 791005000}, {"maxAge": 1, "endDate": "2017-03-31", "totalRevenue": 6986950000, "costOfRevenue": 5316987000, "grossProfit": 1669963000, "researchDevelopment": {}, "sellingGeneralAdministrative": 258778000, "nonRecurring": {}, "otherOperatingExpenses": 967555000, "totalOperatingExpenses": 6606037000, "operatingIncome": 380913000, "totalOtherIncomeExpenseNet": -6549000, "ebit": 380913000, "interestExpense": -98298000, "incomeBeforeTax": 374364000, "incomeTaxExpense": 123096000, "minorityInterest": {}, "netIncomeFromContinuingOps": 251268000, "discontinuedOperations": {}, "extraordinaryItems": {}, "effectOfAccountingCharges": {}, "otherItems": {}, "netIncome": 251268000, "netIncomeApplicableToCommonShares": 251268000}], "maxAge": 86400}, "fundOwnership": {"maxAge": 1, "ownershipList": []}, "summaryDetail": {"maxAge": 1, "priceHint": 2, "previousClose": 214.45, "open": 213.1, "dayLow": 210.1, "dayHigh": 216.95, "regularMarketPreviousClose": 214.45, "regularMarketOpen": 213.1, "regularMarketDayLow": 210.1, "regularMarketDayHigh": 216.95, "trailingPE": 11.002622, "forwardPE": 5.3511624, "volume": 9034, "regularMarketVolume": 9034, "averageVolume": 11731, "averageVolume10days": 10968, "averageDailyVolume10Day": 10968, "bid": 214.1, "ask": 214.1, "bidSize": 0, "askSize": 0, "marketCap": 6690625024, "fiftyTwoWeekLow": 132.05, "fiftyTwoWeekHigh": 349.8, "fiftyDayAverage": 282.14, "twoHundredDayAverage": 275.91168, "trailingAnnualDividendRate": 2.0, "trailingAnnualDividendYield": 0.009326183, "currency": "INR", "fromCurrency": null, "toCurrency": null, "lastMarket": null, "algorithm": null, "tradeable": false}, "sectorTrend": {"maxAge": 1, "symbol": null, "estimates": []}, "incomeStatementHistoryQuarterly": {"incomeStatementHistory": [{"maxAge": 1, "endDate": "2020-06-30", "totalRevenue": 2182555000, "costOfRevenue": 1483973000, "grossProfit": 698582000, "researchDevelopment": {}, "sellingGeneralAdministrative": 104244000, "nonRecurring": {}, "otherOperatingExpenses": 408514000, "totalOperatingExpenses": 2052607000, "operatingIncome": 129948000, "totalOtherIncomeExpenseNet": -13542000, "ebit": 129948000, "interestExpense": -39886000, "incomeBeforeTax": 116406000, "incomeTaxExpense": 31714000, "minorityInterest": {}, "netIncomeFromContinuingOps": 84692000, "discontinuedOperations": {}, "extraordinaryItems": {}, "effectOfAccountingCharges": {}, "otherItems": {}, "netIncome": 84692000, "netIncomeApplicableToCommonShares": 84692000}, {"maxAge": 1, "endDate": "2020-03-31", "totalRevenue": 1406628000, "costOfRevenue": 911498000, "grossProfit": 495130000, "researchDevelopment": {}, "sellingGeneralAdministrative": 104989000, "nonRecurring": {}, "otherOperatingExpenses": 256682000, "totalOperatingExpenses": 1321206000, "operatingIncome": 85422000, "totalOtherIncomeExpenseNet": 34685000, "ebit": 85422000, "interestExpense": -5631000, "incomeBeforeTax": 120107000, "incomeTaxExpense": 28529000, "minorityInterest": {}, "netIncomeFromContinuingOps": 91578000, "discontinuedOperations": {}, "extraordinaryItems": {}, "effectOfAccountingCharges": {}, "otherItems": {}, "netIncome": 91578000, "netIncomeApplicableToCommonShares": 91578000}, {"maxAge": 1, "endDate": "2019-12-31", "totalRevenue": 1952064000, "costOfRevenue": 1358577000, "grossProfit": 593487000, "researchDevelopment": {}, "sellingGeneralAdministrative": 109234000, "nonRecurring": {}, "otherOperatingExpenses": 241050000, "totalOperatingExpenses": 1745628000, "operatingIncome": 206436000, "totalOtherIncomeExpenseNet": 12553000, "ebit": 206436000, "interestExpense": -30665000, "incomeBeforeTax": 218989000, "incomeTaxExpense": 6489000, "minorityInterest": {}, "netIncomeFromContinuingOps": 212500000, "discontinuedOperations": {}, "extraordinaryItems": {}, "effectOfAccountingCharges": {}, "otherItems": {}, "netIncome": 212500000, "netIncomeApplicableToCommonShares": 212500000}, {"maxAge": 1, "endDate": "2019-09-30", "totalRevenue": 2693596000, "costOfRevenue": 1819978000, "grossProfit": 873618000, "researchDevelopment": {}, "sellingGeneralAdministrative": 129303000, "nonRecurring": {}, "otherOperatingExpenses": 373603000, "totalOperatingExpenses": 2354327000, "operatingIncome": 339269000, "totalOtherIncomeExpenseNet": 12963000, "ebit": 339269000, "interestExpense": -39014000, "incomeBeforeTax": 352232000, "incomeTaxExpense": 132982000, "minorityInterest": {}, "netIncomeFromContinuingOps": 219250000, "discontinuedOperations": {}, "extraordinaryItems": {}, "effectOfAccountingCharges": {}, "otherItems": {}, "netIncome": 219250000, "netIncomeApplicableToCommonShares": 219250000}], "maxAge": 86400}, "cashflowStatementHistoryQuarterly": {"cashflowStatements": [{"maxAge": 1, "endDate": "2020-06-30", "netIncome": 84692000, "changeToLiabilities": 0}, {"maxAge": 1, "endDate": "2020-03-31", "netIncome": 91578000, "changeToLiabilities": 0}, {"maxAge": 1, "endDate": "2019-12-31", "netIncome": 212500000, "changeToLiabilities": 0}, {"maxAge": 1, "endDate": "2019-09-30", "netIncome": 219250000, "changeToLiabilities": 0}], "maxAge": 86400}, "insiderHolders": {"holders": [{"maxAge": 1, "name": "Chowdary (Karuturi Subrahmanya)", "relation": "Director (Executive)", "url": "", "transactionDescription": "Acquisition", "latestTransDate": "2020-03-23", "positionDirect": 9643828, "positionDirectDate": "2020-03-23"}, {"maxAge": 1, "name": "Mantena (Lakshmipathi Raju)", "relation": "UNREPORTED", "url": "", "transactionDescription": "Sale", "latestTransDate": "2019-11-25", "positionDirect": 0, "positionDirectDate": "2019-11-25"}], "maxAge": 1}, "earnings": {"maxAge": 86400, "earningsChart": {"quarterly": [{"date": "4Q2017", "actual": 7.54, "estimate": 4.5}, {"date": "1Q2018", "actual": 5.21, "estimate": 3.81}, {"date": "2Q2018", "actual": 4.7, "estimate": 4.18}, {"date": "3Q2018", "actual": 6.35, "estimate": 6.16}], "currentQuarterEstimateDate": "4Q", "currentQuarterEstimateYear": 2018, "earningsDate": ["2020-08-28 05:30:S"]}, "financialsChart": {"yearly": [{"date": 2017, "revenue": 6986950000, "earnings": 251268000}, {"date": 2018, "revenue": 9986340000, "earnings": 791005000}, {"date": 2019, "revenue": 8747104000, "earnings": 607960000}, {"date": 2020, "revenue": 8271054000, "earnings": 606417000}], "quarterly": [{"date": "3Q2019", "revenue": 2693596000, "earnings": 219250000}, {"date": "4Q2019", "revenue": 1952064000, "earnings": 212500000}, {"date": "1Q2020", "revenue": 1406628000, "earnings": 91578000}, {"date": "2Q2020", "revenue": 2182555000, "earnings": 84692000}]}, "financialCurrency": "INR"}, "calendarEvents": {"maxAge": 1, "earnings": {"earningsDate": ["2020-08-28 05:30:S"], "revenueAverage": 2694000000, "revenueLow": 2694000000, "revenueHigh": 2694000000}}, "price": {"maxAge": 1, "regularMarketChangePercent": -0.0016320394, "regularMarketChange": -0.34999084, "regularMarketTime": "2021-04-30 15:47:48", "priceHint": 2, "regularMarketPrice": 214.1, "regularMarketDayHigh": 216.95, "regularMarketDayLow": 210.1, "regularMarketVolume": 9034, "averageDailyVolume10Day": 10968, "averageDailyVolume3Month": 11731, "regularMarketPreviousClose": 214.45, "regularMarketSource": "FREE_REALTIME", "regularMarketOpen": 213.1, "exchange": "BSE", "exchangeName": "BSE", "exchangeDataDelayedBy": 0, "marketState": "CLOSED", "quoteType": "EQUITY", "symbol": "APEX.BO", "underlyingSymbol": null, "shortName": "Apex Frozen Foods Limited", "longName": "Apex Frozen Foods Limited", "currency": "INR", "quoteSourceName": "Delayed Quote", "currencySymbol": "\u20b9", "fromCurrency": null, "toCurrency": null, "lastMarket": null, "marketCap": 6690625024}, "balanceSheetHistory": {"balanceSheetStatements": [{"maxAge": 1, "endDate": "2020-03-31", "cash": 72329000, "shortTermInvestments": 299035000, "netReceivables": 953116000, "inventory": 1840499000, "otherCurrentAssets": 186835000, "totalCurrentAssets": 3351814000, "propertyPlantEquipment": 2830078000, "otherAssets": 83148000, "deferredLongTermAssetCharges": 33739000, "totalAssets": 6265040000, "accountsPayable": 333365000, "shortLongTermDebt": 40377000, "otherCurrentLiab": 224661000, "longTermDebt": 240629000, "otherLiab": 2832000, "totalCurrentLiabilities": 2062956000, "totalLiab": 2306417000, "commonStock": 312500000, "retainedEarnings": 2542218000, "capitalSurplus": 1103905000, "totalStockholderEquity": 3958623000, "netTangibleAssets": 3958623000}, {"maxAge": 1, "endDate": "2019-03-31", "cash": 66661000, "shortTermInvestments": 195605000, "netReceivables": 1172194000, "inventory": 1062849000, "otherCurrentAssets": 143974000, "totalCurrentAssets": 2641283000, "propertyPlantEquipment": 2309944000, "otherAssets": 146476000, "deferredLongTermAssetCharges": 32519000, "totalAssets": 5097703000, "accountsPayable": 215146000, "shortLongTermDebt": 50613000, "otherCurrentLiab": 129463000, "longTermDebt": 70991000, "otherLiab": 23217000, "totalCurrentLiabilities": 1452651000, "totalLiab": 1546859000, "commonStock": 312500000, "retainedEarnings": 2134439000, "treasuryStock": 3238344000, "capitalSurplus": 1103905000, "otherStockholderEquity": 3238344000, "totalStockholderEquity": 3550844000, "netTangibleAssets": 3550844000}, {"maxAge": 1, "endDate": "2018-03-31", "cash": 644389000, "shortTermInvestments": 145429000, "netReceivables": 857493000, "inventory": 1015995000, "otherCurrentAssets": 239027000, "totalCurrentAssets": 2902333000, "propertyPlantEquipment": 1319691000, "otherAssets": 88733000, "deferredLongTermAssetCharges": 35208000, "totalAssets": 4310757000, "accountsPayable": 166241000, "shortLongTermDebt": 49275000, "otherCurrentLiab": 149499000, "longTermDebt": 82601000, "otherLiab": 18405000, "totalCurrentLiabilities": 1186782000, "totalLiab": 1287788000, "commonStock": 312500000, "retainedEarnings": 1605420000, "capitalSurplus": 1105049000, "totalStockholderEquity": 3022969000, "netTangibleAssets": 3022969000}, {"maxAge": 1, "endDate": "2017-03-31", "cash": 45643000, "shortTermInvestments": 60834000, "netReceivables": 955785000, "inventory": 638246000, "otherCurrentAssets": 209227000, "totalCurrentAssets": 1909735000, "propertyPlantEquipment": 836473000, "otherAssets": 20772000, "totalAssets": 2766980000, "accountsPayable": 308899000, "shortLongTermDebt": 44367000, "otherCurrentLiab": 199046000, "longTermDebt": 209534000, "otherLiab": 63450000, "totalCurrentLiabilities": 1399759000, "totalLiab": 1672743000, "commonStock": 240000000, "retainedEarnings": 854237000, "totalStockholderEquity": 1094237000, "netTangibleAssets": 1094237000}], "maxAge": 86400}, "earningsTrend": {"trend": [{"maxAge": 1, "period": "0q", "endDate": "2018-12-31", "growth": {}, "earningsEstimate": {"avg": 0.0, "low": 0.0, "high": 0.0, "yearAgoEps": 7.54, "numberOfAnalysts": 0, "growth": {}}, "revenueEstimate": {"avg": 2694000000, "low": 2694000000, "high": 2694000000, "numberOfAnalysts": 1, "yearAgoRevenue": 2628350000, "growth": 0.025}, "epsTrend": {"current": 0.0, "7daysAgo": 5.58, "30daysAgo": 5.58, "60daysAgo": 5.58, "90daysAgo": 5.58}, "epsRevisions": {"upLast7days": 0, "upLast30days": 0, "downLast30days": 0, "downLast90days": {}}}, {"maxAge": 1, "period": "+1q", "endDate": "2019-03-31", "growth": {}, "earningsEstimate": {"avg": 0.0, "low": 0.0, "high": 0.0, "yearAgoEps": 5.21, "numberOfAnalysts": 0, "growth": {}}, "revenueEstimate": {"avg": 2198000000, "low": 2198000000, "high": 2198000000, "numberOfAnalysts": 1, "yearAgoRevenue": 2030930000, "growth": 0.081999995}, "epsTrend": {"current": 0.0, "7daysAgo": 4.35, "30daysAgo": 4.35, "60daysAgo": 4.35, "90daysAgo": 4.35}, "epsRevisions": {"upLast7days": 0, "upLast30days": 0, "downLast30days": 0, "downLast90days": {}}}, {"maxAge": 1, "period": "0y", "endDate": "2019-03-31", "growth": {}, "earningsEstimate": {"avg": 0.0, "low": 0.0, "high": 0.0, "yearAgoEps": {}, "numberOfAnalysts": 0, "growth": {}}, "revenueEstimate": {"avg": 9840000000, "low": 9840000000, "high": 9840000000, "numberOfAnalysts": 1, "yearAgoRevenue": 9986340000, "growth": -0.015}, "epsTrend": {"current": 0.0, "7daysAgo": 23.07, "30daysAgo": 23.07, "60daysAgo": 23.07, "90daysAgo": 23.07}, "epsRevisions": {"upLast7days": 0, "upLast30days": 0, "downLast30days": 0, "downLast90days": {}}}, {"maxAge": 1, "period": "+1y", "endDate": "2020-03-31", "growth": {}, "earningsEstimate": {"avg": 0.0, "low": 0.0, "high": 0.0, "yearAgoEps": {}, "numberOfAnalysts": 0, "growth": {}}, "revenueEstimate": {"avg": 14218000000, "low": 14218000000, "high": 14218000000, "numberOfAnalysts": 1, "yearAgoRevenue": 9840000000, "growth": 0.445}, "epsTrend": {"current": 0.0, "7daysAgo": 40.01, "30daysAgo": 40.01, "60daysAgo": 40.01, "90daysAgo": 40.01}, "epsRevisions": {"upLast7days": 0, "upLast30days": 0, "downLast30days": 0, "downLast90days": {}}}, {"maxAge": 1, "period": "+5y", "endDate": null, "growth": {}, "earningsEstimate": {"avg": {}, "low": {}, "high": {}, "yearAgoEps": {}, "numberOfAnalysts": {}, "growth": {}}, "revenueEstimate": {"avg": {}, "low": {}, "high": {}, "numberOfAnalysts": {}, "yearAgoRevenue": {}, "growth": {}}, "epsTrend": {"current": {}, "7daysAgo": {}, "30daysAgo": {}, "60daysAgo": {}, "90daysAgo": {}}, "epsRevisions": {"upLast7days": {}, "upLast30days": {}, "downLast30days": {}, "downLast90days": {}}}, {"maxAge": 1, "period": "-5y", "endDate": null, "growth": {}, "earningsEstimate": {"avg": {}, "low": {}, "high": {}, "yearAgoEps": {}, "numberOfAnalysts": {}, "growth": {}}, "revenueEstimate": {"avg": {}, "low": {}, "high": {}, "numberOfAnalysts": {}, "yearAgoRevenue": {}, "growth": {}}, "epsTrend": {"current": {}, "7daysAgo": {}, "30daysAgo": {}, "60daysAgo": {}, "90daysAgo": {}}, "epsRevisions": {"upLast7days": {}, "upLast30days": {}, "downLast30days": {}, "downLast90days": {}}}], "maxAge": 1}, "financialData": {"maxAge": 86400, "currentPrice": 214.1, "targetHighPrice": 620.0, "targetLowPrice": 620.0, "targetMeanPrice": 620.0, "targetMedianPrice": 620.0, "recommendationKey": "none", "numberOfAnalystOpinions": 1, "grossProfits": 2535575000, "financialCurrency": "INR"}}}