{"APLAB.BO": {"recommendationTrend": {"trend": [{"period": "0m", "strongBuy": 0, "buy": 0, "hold": 0, "sell": 0, "strongSell": 0}, {"period": "-1m", "strongBuy": 0, "buy": 0, "hold": 0, "sell": 0, "strongSell": 0}, {"period": "-2m", "strongBuy": 0, "buy": 0, "hold": 0, "sell": 0, "strongSell": 0}, {"period": "-3m", "strongBuy": 0, "buy": 0, "hold": 0, "sell": 0, "strongSell": 0}], "maxAge": 86400}, "cashflowStatementHistory": {"cashflowStatements": [{"maxAge": 1, "endDate": "2020-03-31", "netIncome": 2076163, "depreciation": 10224673, "changeToNetincome": -31839506, "changeToLiabilities": 0, "changeToOperatingActivities": -244394358, "totalCashFromOperatingActivities": -263933028, "capitalExpenditures": -4037084, "totalCashflowsFromInvestingActivities": 314570202, "netBorrowings": -83290165, "otherCashflowsFromFinancingActivities": 32342827, "totalCashFromFinancingActivities": -50947338, "changeInCash": -310164}, {"maxAge": 1, "endDate": "2019-03-31", "netIncome": 54138805, "depreciation": 12874908, "changeToNetincome": -103739250, "changeToLiabilities": 0, "changeToOperatingActivities": -13939939, "totalCashFromOperatingActivities": -50665476, "capitalExpenditures": -16435379, "totalCashflowsFromInvestingActivities": 97128568, "netBorrowings": -165222520, "otherCashflowsFromFinancingActivities": 115169336, "totalCashFromFinancingActivities": -50053184, "changeInCash": -3590092}, {"maxAge": 1, "endDate": "2018-03-31", "netIncome": -158727886, "depreciation": 14419010, "changeToNetincome": 122694753, "changeToLiabilities": 0, "changeToOperatingActivities": -149491223, "totalCashFromOperatingActivities": -171105346, "capitalExpenditures": -15756426, "totalCashflowsFromInvestingActivities": -15722628, "netBorrowings": 299183872, "otherCashflowsFromFinancingActivities": -102477885, "totalCashFromFinancingActivities": 196705987, "changeInCash": 9878012}, {"maxAge": 1, "endDate": "2017-03-31", "netIncome": -135407665, "depreciation": 15575298, "changeToNetincome": 11731835, "changeToLiabilities": 0, "changeToOperatingActivities": 152586142, "totalCashFromOperatingActivities": 44485610, "capitalExpenditures": -7826513, "totalCashflowsFromInvestingActivities": -4214377, "netBorrowings": -73041044, "otherCashflowsFromFinancingActivities": 1451522, "totalCashFromFinancingActivities": -71589522, "changeInCash": -31318289}], "maxAge": 86400}, "institutionOwnership": {"ownershipList": [], "maxAge": 1}, "balanceSheetHistoryQuarterly": {"balanceSheetStatements": [{"maxAge": 1, "endDate": "2020-06-30", "totalStockholderEquity": -263844005, "netTangibleAssets": -264037977}, {"maxAge": 1, "endDate": "2020-03-31", "cash": 35504493, "netReceivables": 455553842, "inventory": 160105145, "otherCurrentAssets": 13892600, "totalCurrentAssets": 665056080, "longTermInvestments": 178150, "propertyPlantEquipment": 71526493, "intangibleAssets": 193972, "otherAssets": 198238195, "deferredLongTermAssetCharges": 1201057, "totalAssets": 935192890, "accountsPayable": 87345474, "otherCurrentLiab": 140897764, "otherLiab": 105558221, "totalCurrentLiabilities": 1093478674, "totalLiab": 1199036895, "commonStock": 50000000, "retainedEarnings": -477380765, "treasuryStock": 34355560, "capitalSurplus": 129181200, "otherStockholderEquity": 34355560, "totalStockholderEquity": -263844005, "netTangibleAssets": -264037977}, {"maxAge": 1, "endDate": "2019-12-31", "totalStockholderEquity": -323205134, "netTangibleAssets": -323399106}, {"maxAge": 1, "endDate": "2019-09-30", "cash": 20740251, "netReceivables": 144233271, "inventory": 116983296, "otherCurrentAssets": 364909889, "totalCurrentAssets": 646866707, "longTermInvestments": 236150, "propertyPlantEquipment": 71135705, "intangibleAssets": 193972, "otherAssets": 228375863, "deferredLongTermAssetCharges": 1201057, "totalAssets": 946808397, "accountsPayable": 86482417, "otherCurrentLiab": 296389121, "otherLiab": 111636347, "totalCurrentLiabilities": 1158377184, "totalLiab": 1270013531, "commonStock": 50000000, "treasuryStock": -373205134, "otherStockholderEquity": -373205134, "totalStockholderEquity": -323205134, "netTangibleAssets": -323399106}], "maxAge": 86400}, "earningsHistory": {"history": [{"maxAge": 1, "epsActual": {}, "epsEstimate": {}, "epsDifference": {}, "surprisePercent": {}, "quarter": {}, "period": "-4q"}, {"maxAge": 1, "epsActual": {}, "epsEstimate": {}, "epsDifference": {}, "surprisePercent": {}, "quarter": {}, "period": "-3q"}, {"maxAge": 1, "epsActual": {}, "epsEstimate": {}, "epsDifference": {}, "surprisePercent": {}, "quarter": {}, "period": "-2q"}, {"maxAge": 1, "epsActual": {}, "epsEstimate": {}, "epsDifference": {}, "surprisePercent": {}, "quarter": {}, "period": "-1q"}], "maxAge": 86400}, "indexTrend": {"maxAge": 1, "symbol": "SP5", "peRatio": 19.7411, "pegRatio": 1.34172, "estimates": [{"period": "0q", "growth": 0.549}, {"period": "+1q", "growth": 0.431}, {"period": "0y", "growth": 0.305}, {"period": "+1y", "growth": 0.109}, {"period": "+5y", "growth": 0.120859005}, {"period": "-5y"}]}, "industryTrend": {"maxAge": 1, "symbol": null, "estimates": []}, "insiderTransactions": {"transactions": [{"maxAge": 1, "shares": 846200, "filerUrl": "", "transactionText": "", "filerName": "Zee Learn Ltd", "filerRelation": "Promoter", "moneyText": "", "startDate": "2019-01-16", "ownership": "D"}, {"maxAge": 1, "shares": 849250, "filerUrl": "", "transactionText": "", "filerName": "Deodhar (Amrita Prabhakar)", "filerRelation": "Promoter", "moneyText": "", "startDate": "2019-01-15", "ownership": "D"}, {"maxAge": 1, "shares": 116317, "filerUrl": "", "transactionText": "", "filerName": "Deodhar (Amrita Prabhakar)", "filerRelation": "Director (Non-Executive)", "moneyText": "", "startDate": "2013-01-09", "ownership": "D"}, {"maxAge": 1, "shares": 116317, "filerUrl": "", "transactionText": "", "filerName": "Deodhar (Nishith Prabhakar)", "filerRelation": "Managing Director", "moneyText": "", "startDate": "2013-01-09", "ownership": "D"}], "maxAge": 1}, "quoteType": {"exchange": "BSE", "quoteType": "EQUITY", "symbol": "APLAB.BO", "underlyingSymbol": "APLAB.BO", "shortName": "APLAB LTD.", "longName": "Aplab Limited", "firstTradeDateEpochUtc": "2000-02-25 09:15:00", "timeZoneFullName": "Asia/Kolkata", "timeZoneShortName": "IST", "uuid": "22c5aef9-53a2-3a8c-9c25-62871f2be143", "gmtOffSetMilliseconds": 19800000, "maxAge": 1}, "incomeStatementHistory": {"incomeStatementHistory": [{"maxAge": 1, "endDate": "2020-03-31", "totalRevenue": 515950090, "costOfRevenue": 193658686, "grossProfit": 322291404, "researchDevelopment": {}, "sellingGeneralAdministrative": 133975795, "nonRecurring": {}, "otherOperatingExpenses": 146257128, "totalOperatingExpenses": 484116282, "operatingIncome": 31833808, "totalOtherIncomeExpenseNet": -29757645, "ebit": 31833808, "interestExpense": -62100472, "incomeBeforeTax": 2076163, "incomeTaxExpense": 0, "minorityInterest": {}, "netIncomeFromContinuingOps": 2076163, "discontinuedOperations": {}, "extraordinaryItems": {}, "effectOfAccountingCharges": {}, "otherItems": {}, "netIncome": 2076163, "netIncomeApplicableToCommonShares": 2076163}, {"maxAge": 1, "endDate": "2019-03-31", "totalRevenue": 532141451, "costOfRevenue": 258667385, "grossProfit": 273474066, "researchDevelopment": {}, "sellingGeneralAdministrative": 147798098, "nonRecurring": {}, "otherOperatingExpenses": 148447938, "totalOperatingExpenses": 567788329, "operatingIncome": -35646878, "totalOtherIncomeExpenseNet": 102285683, "ebit": -35646878, "interestExpense": -75011343, "incomeBeforeTax": 66638805, "incomeTaxExpense": 12500000, "minorityInterest": {}, "netIncomeFromContinuingOps": 54138805, "discontinuedOperations": {}, "extraordinaryItems": {}, "effectOfAccountingCharges": {}, "otherItems": {}, "netIncome": 54138805, "netIncomeApplicableToCommonShares": 54138805}, {"maxAge": 1, "endDate": "2018-03-31", "totalRevenue": 610416190, "costOfRevenue": 302133332, "grossProfit": 308282858, "researchDevelopment": {}, "sellingGeneralAdministrative": 191098851, "nonRecurring": {}, "otherOperatingExpenses": 154697918, "totalOperatingExpenses": 662349111, "operatingIncome": -51932921, "totalOtherIncomeExpenseNet": -106794965, "ebit": -51932921, "interestExpense": -103905541, "incomeBeforeTax": -158727886, "incomeTaxExpense": 0, "minorityInterest": {}, "netIncomeFromContinuingOps": -158727886, "discontinuedOperations": {}, "extraordinaryItems": {}, "effectOfAccountingCharges": {}, "otherItems": {}, "netIncome": -158727886, "netIncomeApplicableToCommonShares": -158727886}, {"maxAge": 1, "endDate": "2017-03-31", "totalRevenue": 720814939, "costOfRevenue": 417696175, "grossProfit": 303118764, "researchDevelopment": {}, "sellingGeneralAdministrative": 179073406, "nonRecurring": {}, "otherOperatingExpenses": 138037324, "totalOperatingExpenses": 750382203, "operatingIncome": -29567264, "totalOtherIncomeExpenseNet": -105840401, "ebit": -29567264, "interestExpense": -106277368, "incomeBeforeTax": -135407665, "incomeTaxExpense": 0, "minorityInterest": {}, "netIncomeFromContinuingOps": -135407665, "discontinuedOperations": {}, "extraordinaryItems": {}, "effectOfAccountingCharges": {}, "otherItems": {}, "netIncome": -135407665, "netIncomeApplicableToCommonShares": -135407665}], "maxAge": 86400}, "fundOwnership": {"ownershipList": [], "maxAge": 1}, "summaryDetail": {"maxAge": 1, "priceHint": 2, "previousClose": 17.35, "open": 17.35, "dayLow": 17.3, "dayHigh": 17.35, "regularMarketPreviousClose": 17.35, "regularMarketOpen": 17.35, "regularMarketDayLow": 17.3, "regularMarketDayHigh": 17.35, "trailingPE": 3.2895987, "volume": 2417, "regularMarketVolume": 2417, "averageVolume": 3627, "averageVolume10days": 1974, "averageDailyVolume10Day": 1974, "bid": 17.0, "ask": 17.3, "bidSize": 0, "askSize": 0, "marketCap": 86500000, "fiftyTwoWeekLow": 4.45, "fiftyTwoWeekHigh": 24.75, "fiftyDayAverage": 20.927273, "twoHundredDayAverage": 16.5275, "currency": "INR", "fromCurrency": null, "lastMarket": null, "algorithm": null, "tradeable": false}, "sectorTrend": {"maxAge": 1, "symbol": null, "estimates": []}, "incomeStatementHistoryQuarterly": {"incomeStatementHistory": [{"maxAge": 1, "endDate": "2020-06-30", "totalRevenue": 70330000, "costOfRevenue": 23495000, "grossProfit": 46835000, "researchDevelopment": {}, "sellingGeneralAdministrative": 19987000, "nonRecurring": {}, "otherOperatingExpenses": 18245000, "totalOperatingExpenses": 62800000, "operatingIncome": 7530000, "totalOtherIncomeExpenseNet": -15199000, "ebit": 7530000, "interestExpense": -15201000, "incomeBeforeTax": -7669000, "incomeTaxExpense": 0, "minorityInterest": {}, "netIncomeFromContinuingOps": -7669000, "discontinuedOperations": {}, "extraordinaryItems": {}, "effectOfAccountingCharges": {}, "otherItems": {}, "netIncome": -7669000, "netIncomeApplicableToCommonShares": -7669000}, {"maxAge": 1, "endDate": "2020-03-31", "totalRevenue": 161149090, "costOfRevenue": 51145686, "grossProfit": 110003404, "researchDevelopment": {}, "sellingGeneralAdministrative": 31101795, "nonRecurring": {}, "otherOperatingExpenses": 37575128, "totalOperatingExpenses": 123019282, "operatingIncome": 38129808, "totalOtherIncomeExpenseNet": 17125355, "ebit": 38129808, "interestExpense": -15217472, "incomeBeforeTax": 55255163, "incomeTaxExpense": 0, "minorityInterest": {}, "netIncomeFromContinuingOps": 55255163, "discontinuedOperations": {}, "extraordinaryItems": {}, "effectOfAccountingCharges": {}, "otherItems": {}, "netIncome": 55255163, "netIncomeApplicableToCommonShares": 55255163}, {"maxAge": 1, "endDate": "2019-12-31", "totalRevenue": 133421000, "costOfRevenue": 43888000, "grossProfit": 89533000, "researchDevelopment": {}, "sellingGeneralAdministrative": 34245000, "nonRecurring": {}, "otherOperatingExpenses": 32034000, "totalOperatingExpenses": 112405000, "operatingIncome": 21016000, "totalOtherIncomeExpenseNet": -14987000, "ebit": 21016000, "interestExpense": -14987000, "incomeBeforeTax": 6029000, "incomeTaxExpense": 0, "minorityInterest": {}, "netIncomeFromContinuingOps": 6029000, "discontinuedOperations": {}, "extraordinaryItems": {}, "effectOfAccountingCharges": {}, "otherItems": {}, "netIncome": 6029000, "netIncomeApplicableToCommonShares": 6029000}, {"maxAge": 1, "endDate": "2019-09-30", "totalRevenue": 107539000, "costOfRevenue": 46482000, "grossProfit": 61057000, "researchDevelopment": {}, "sellingGeneralAdministrative": 33252000, "nonRecurring": {}, "otherOperatingExpenses": 42718000, "totalOperatingExpenses": 124868000, "operatingIncome": -17329000, "totalOtherIncomeExpenseNet": -15497000, "ebit": -17329000, "interestExpense": -15497000, "incomeBeforeTax": -32826000, "incomeTaxExpense": 0, "minorityInterest": {}, "netIncomeFromContinuingOps": -32826000, "discontinuedOperations": {}, "extraordinaryItems": {}, "effectOfAccountingCharges": {}, "otherItems": {}, "netIncome": -32826000, "netIncomeApplicableToCommonShares": -32826000}], "maxAge": 86400}, "cashflowStatementHistoryQuarterly": {"cashflowStatements": [{"maxAge": 1, "endDate": "2020-06-30", "netIncome": -7669000, "changeToLiabilities": 0}, {"maxAge": 1, "endDate": "2020-03-31", "netIncome": 55255163, "changeToLiabilities": 0}, {"maxAge": 1, "endDate": "2019-12-31", "netIncome": 6029000, "changeToLiabilities": 0}, {"maxAge": 1, "endDate": "2019-09-30", "netIncome": -32826000, "changeToLiabilities": 0}], "maxAge": 86400}, "insiderHolders": {"holders": [{"maxAge": 1, "name": "Deodhar (Amrita Prabhakar)", "relation": "Promoter", "url": "", "transactionDescription": "Other", "latestTransDate": "2019-01-15", "positionDirect": 1217564, "positionDirectDate": "2019-01-15"}, {"maxAge": 1, "name": "Deodhar (Nishith Prabhakar)", "relation": "Managing Director", "url": "", "transactionDescription": "Sale", "latestTransDate": "2013-01-09", "positionDirect": 0, "positionDirectDate": "2013-01-09"}, {"maxAge": 1, "name": "Zee Learn Ltd", "relation": "Promoter", "url": "", "transactionDescription": "Other", "latestTransDate": "2019-01-16", "positionDirect": 475000, "positionDirectDate": "2019-01-16"}], "maxAge": 1}, "earnings": {"maxAge": 86400, "earningsChart": {"quarterly": [], "earningsDate": ["2020-09-14 05:30:S"]}, "financialsChart": {"yearly": [{"date": 2017, "revenue": 720814939, "earnings": -135407665}, {"date": 2018, "revenue": 610416190, "earnings": -158727886}, {"date": 2019, "revenue": 532141451, "earnings": 54138805}, {"date": 2020, "revenue": 515950090, "earnings": 2076163}], "quarterly": [{"date": "3Q2019", "revenue": 107539000, "earnings": -32826000}, {"date": "4Q2019", "revenue": 133421000, "earnings": 6029000}, {"date": "1Q2020", "revenue": 161149090, "earnings": 55255163}, {"date": "2Q2020", "revenue": 70330000, "earnings": -7669000}]}, "financialCurrency": "INR"}, "calendarEvents": {"maxAge": 1, "earnings": {"earningsDate": ["2020-09-14 05:30:S"]}}, "upgradeDowngradeHistory": {"history": [], "maxAge": 86400}, "price": {"maxAge": 1, "regularMarketChangePercent": -0.0028819102, "regularMarketChange": -0.050001144, "regularMarketTime": "2021-04-30 15:15:00", "priceHint": 2, "regularMarketPrice": 17.3, "regularMarketDayHigh": 17.35, "regularMarketDayLow": 17.3, "regularMarketVolume": 2417, "averageDailyVolume10Day": 1974, "averageDailyVolume3Month": 3627, "regularMarketPreviousClose": 17.35, "regularMarketSource": "FREE_REALTIME", "regularMarketOpen": 17.35, "exchange": "BSE", "exchangeName": "BSE", "exchangeDataDelayedBy": 0, "marketState": "CLOSED", "quoteType": "EQUITY", "symbol": "APLAB.BO", "underlyingSymbol": null, "shortName": "APLAB LTD.", "longName": "Aplab Limited", "currency": "INR", "quoteSourceName": "Delayed Quote", "currencySymbol": "\u20b9", "fromCurrency": null, "lastMarket": null, "marketCap": 86500000}, "balanceSheetHistory": {"balanceSheetStatements": [{"maxAge": 1, "endDate": "2020-03-31", "cash": 35504493, "netReceivables": 455553842, "inventory": 160105145, "otherCurrentAssets": 13892600, "totalCurrentAssets": 665056080, "longTermInvestments": 178150, "propertyPlantEquipment": 71526493, "intangibleAssets": 193972, "otherAssets": 198238195, "deferredLongTermAssetCharges": 1201057, "totalAssets": 935192890, "accountsPayable": 87345474, "otherCurrentLiab": 140897764, "otherLiab": 105558221, "totalCurrentLiabilities": 1093478674, "totalLiab": 1199036895, "commonStock": 50000000, "retainedEarnings": -477380765, "treasuryStock": 34355560, "capitalSurplus": 129181200, "otherStockholderEquity": 34355560, "totalStockholderEquity": -263844005, "netTangibleAssets": -264037977}, {"maxAge": 1, "endDate": "2019-03-31", "cash": 35814657, "netReceivables": 211504548, "inventory": 130281319, "otherCurrentAssets": 359556640, "totalCurrentAssets": 737157164, "longTermInvestments": 178150, "propertyPlantEquipment": 64690386, "intangibleAssets": 193972, "otherAssets": 230154961, "deferredLongTermAssetCharges": 1201057, "totalAssets": 1032374633, "accountsPayable": 107602201, "otherCurrentLiab": 264910130, "otherLiab": 99212961, "totalCurrentLiabilities": 1199549160, "totalLiab": 1298762121, "commonStock": 50000000, "retainedEarnings": -479960248, "treasuryStock": 34391560, "capitalSurplus": 129181200, "otherStockholderEquity": 34391560, "totalStockholderEquity": -266387488, "netTangibleAssets": -266581460}, {"maxAge": 1, "endDate": "2018-03-31", "cash": 39404749, "netReceivables": 80163692, "inventory": 138449947, "otherCurrentAssets": 361230242, "totalCurrentAssets": 619248630, "longTermInvestments": 178150, "propertyPlantEquipment": 174521059, "intangibleAssets": 193972, "otherAssets": 268746256, "deferredLongTermAssetCharges": 1201057, "totalAssets": 1062888067, "accountsPayable": 128055116, "otherCurrentLiab": 294844511, "otherLiab": 122626754, "totalCurrentLiabilities": 1265627141, "totalLiab": 1388253895, "commonStock": 50000000, "retainedEarnings": -538974587, "treasuryStock": 34427560, "capitalSurplus": 129181199, "otherStockholderEquity": 34427560, "totalStockholderEquity": -325365828, "netTangibleAssets": -325559800}, {"maxAge": 1, "endDate": "2017-03-31", "cash": 29526737, "netReceivables": 216113942, "inventory": 116877836, "otherCurrentAssets": 10873126, "totalCurrentAssets": 373391641, "longTermInvestments": 178150, "propertyPlantEquipment": 519405617, "intangibleAssets": 193972, "otherAssets": 295598190, "deferredLongTermAssetCharges": 1201057, "totalAssets": 1188767570, "accountsPayable": 21551302, "shortLongTermDebt": 117740243, "otherCurrentLiab": 324494631, "otherLiab": 112169063, "totalCurrentLiabilities": 1256862765, "totalLiab": 1369031828, "commonStock": 50000000, "retainedEarnings": -393909018, "treasuryStock": 34463560, "capitalSurplus": 129181200, "otherStockholderEquity": 34463560, "totalStockholderEquity": -180264258, "netTangibleAssets": -180458230}], "maxAge": 86400}, "earningsTrend": {"trend": [{"maxAge": 1, "period": "0q", "endDate": null, "growth": {}, "earningsEstimate": {"avg": 0.0, "low": 0.0, "high": 0.0, "yearAgoEps": {}, "numberOfAnalysts": 0, "growth": {}}, "revenueEstimate": {"avg": 0, "low": 0, "high": 0, "numberOfAnalysts": 0, "yearAgoRevenue": {}, "growth": {}}, "epsTrend": {"current": 0.0, "7daysAgo": 0.0, "30daysAgo": 0.0, "60daysAgo": 0.0, "90daysAgo": 0.0}, "epsRevisions": {"upLast7days": 0, "upLast30days": 0, "downLast30days": 0, "downLast90days": {}}}, {"maxAge": 1, "period": "+1q", "endDate": null, "growth": {}, "earningsEstimate": {"avg": 0.0, "low": 0.0, "high": 0.0, "yearAgoEps": {}, "numberOfAnalysts": 0, "growth": {}}, "revenueEstimate": {"avg": 0, "low": 0, "high": 0, "numberOfAnalysts": 0, "yearAgoRevenue": {}, "growth": {}}, "epsTrend": {"current": 0.0, "7daysAgo": 0.0, "30daysAgo": 0.0, "60daysAgo": 0.0, "90daysAgo": 0.0}, "epsRevisions": {"upLast7days": 0, "upLast30days": 0, "downLast30days": 0, "downLast90days": {}}}, {"maxAge": 1, "period": "0y", "endDate": null, "growth": {}, "earningsEstimate": {"avg": 0.0, "low": 0.0, "high": 0.0, "yearAgoEps": {}, "numberOfAnalysts": 0, "growth": {}}, "revenueEstimate": {"avg": 0, "low": 0, "high": 0, "numberOfAnalysts": 0, "yearAgoRevenue": {}, "growth": {}}, "epsTrend": {"current": 0.0, "7daysAgo": 0.0, "30daysAgo": 0.0, "60daysAgo": 0.0, "90daysAgo": 0.0}, "epsRevisions": {"upLast7days": 0, "upLast30days": 0, "downLast30days": 0, "downLast90days": {}}}, {"maxAge": 1, "period": "+1y", "endDate": null, "growth": {}, "earningsEstimate": {"avg": 0.0, "low": 0.0, "high": 0.0, "yearAgoEps": {}, "numberOfAnalysts": 0, "growth": {}}, "revenueEstimate": {"avg": 0, "low": 0, "high": 0, "numberOfAnalysts": 0, "yearAgoRevenue": {}, "growth": {}}, "epsTrend": {"current": 0.0, "7daysAgo": 0.0, "30daysAgo": 0.0, "60daysAgo": 0.0, "90daysAgo": 0.0}, "epsRevisions": {"upLast7days": 0, "upLast30days": 0, "downLast30days": 0, "downLast90days": {}}}, {"maxAge": 1, "period": "+5y", "endDate": null, "growth": {}, "earningsEstimate": {"avg": {}, "low": {}, "high": {}, "yearAgoEps": {}, "numberOfAnalysts": {}, "growth": {}}, "revenueEstimate": {"avg": {}, "low": {}, "high": {}, "numberOfAnalysts": {}, "yearAgoRevenue": {}, "growth": {}}, "epsTrend": {"current": {}, "7daysAgo": {}, "30daysAgo": {}, "60daysAgo": {}, "90daysAgo": {}}, "epsRevisions": {"upLast7days": {}, "upLast30days": {}, "downLast30days": {}, "downLast90days": {}}}, {"maxAge": 1, "period": "-5y", "endDate": null, "growth": {}, "earningsEstimate": {"avg": {}, "low": {}, "high": {}, "yearAgoEps": {}, "numberOfAnalysts": {}, "growth": {}}, "revenueEstimate": {"avg": {}, "low": {}, "high": {}, "numberOfAnalysts": {}, "yearAgoRevenue": {}, "growth": {}}, "epsTrend": {"current": {}, "7daysAgo": {}, "30daysAgo": {}, "60daysAgo": {}, "90daysAgo": {}}, "epsRevisions": {"upLast7days": {}, "upLast30days": {}, "downLast30days": {}, "downLast90days": {}}}], "maxAge": 1}, "financialData": {"maxAge": 86400, "currentPrice": 17.3, "recommendationKey": "none", "grossProfits": 322291404, "financialCurrency": "INR"}}}