{"APLLTD.BO": {"recommendationTrend": {"trend": [{"period": "0m", "strongBuy": 0, "buy": 0, "hold": 0, "sell": 0, "strongSell": 0}, {"period": "-1m", "strongBuy": 0, "buy": 0, "hold": 0, "sell": 0, "strongSell": 0}, {"period": "-2m", "strongBuy": 0, "buy": 0, "hold": 0, "sell": 0, "strongSell": 0}, {"period": "-3m", "strongBuy": 0, "buy": 0, "hold": 0, "sell": 0, "strongSell": 0}], "maxAge": 86400}, "cashflowStatementHistory": {"cashflowStatements": [{"maxAge": 1, "endDate": "2020-03-31", "netIncome": 8288200000, "depreciation": 1568900000, "changeToNetincome": 562600000, "changeToAccountReceivables": -3582600000, "changeToLiabilities": -211100000, "changeToInventory": -2202700000, "changeToOperatingActivities": 68000000, "totalCashFromOperatingActivities": 4491300000, "capitalExpenditures": -6726500000, "otherCashflowsFromInvestingActivities": 26700000, "totalCashflowsFromInvestingActivities": -7316300000, "dividendsPaid": -2356440000, "netBorrowings": 5919000000, "otherCashflowsFromFinancingActivities": -1448500000, "totalCashFromFinancingActivities": 1548500000, "effectOfExchangeRate": 4100000, "changeInCash": -1272300000}, {"maxAge": 1, "endDate": "2019-03-31", "netIncome": 5843700000, "depreciation": 1148100000, "changeToNetincome": 12200000, "changeToAccountReceivables": 361900000, "changeToLiabilities": -503100000, "changeToInventory": -2333300000, "changeToOperatingActivities": 3590100000, "totalCashFromOperatingActivities": 8119600000, "capitalExpenditures": -6539300000, "investments": -143600000, "otherCashflowsFromInvestingActivities": 218500000, "totalCashflowsFromInvestingActivities": -7556000000, "dividendsPaid": -754100000, "netBorrowings": 2206600000, "otherCashflowsFromFinancingActivities": -862100000, "totalCashFromFinancingActivities": 590400000, "effectOfExchangeRate": -700000, "changeInCash": 1153300000}, {"maxAge": 1, "endDate": "2018-03-31", "netIncome": 4126300000, "depreciation": 1053100000, "changeToNetincome": -246700000, "changeToAccountReceivables": -1841800000, "changeToLiabilities": 2588400000, "changeToInventory": -1011800000, "changeToOperatingActivities": -1543300000, "totalCashFromOperatingActivities": 3124200000, "capitalExpenditures": -7493600000, "investments": -143600000, "otherCashflowsFromInvestingActivities": 13800000, "totalCashflowsFromInvestingActivities": -8843800000, "dividendsPaid": -754200000, "netBorrowings": 6190500000, "otherCashflowsFromFinancingActivities": -410000000, "totalCashFromFinancingActivities": 5026300000, "effectOfExchangeRate": -700000, "changeInCash": -693400000}, {"maxAge": 1, "endDate": "2017-03-31", "netIncome": 4031600000, "depreciation": 829700000, "changeToNetincome": 80600000, "changeToAccountReceivables": 117100000, "changeToLiabilities": -875700000, "changeToInventory": -629600000, "changeToOperatingActivities": -268200000, "totalCashFromOperatingActivities": 3285500000, "capitalExpenditures": -5101400000, "investments": 36000000, "otherCashflowsFromInvestingActivities": 12200000, "totalCashflowsFromInvestingActivities": -4859100000, "dividendsPaid": -747500000, "netBorrowings": -386000000, "otherCashflowsFromFinancingActivities": -155300000, "totalCashFromFinancingActivities": -1288800000, "effectOfExchangeRate": -700000, "changeInCash": -2862400000}], "maxAge": 86400}, "institutionOwnership": {"maxAge": 1, "ownershipList": []}, "balanceSheetHistoryQuarterly": {"balanceSheetStatements": [{"maxAge": 1, "endDate": "2020-06-30", "totalStockholderEquity": 32194100000, "netTangibleAssets": 29203900000}, {"maxAge": 1, "endDate": "2020-03-31", "cash": 718400000, "netReceivables": 8957300000, "inventory": 11875300000, "otherCurrentAssets": 2795500000, "totalCurrentAssets": 24627500000, "longTermInvestments": 176200000, "propertyPlantEquipment": 30990000000, "intangibleAssets": 2990200000, "otherAssets": 1106600000, "totalAssets": 59890500000, "accountsPayable": 6259300000, "otherCurrentLiab": 1286300000, "longTermDebt": 8869900000, "otherLiab": 867100000, "minorityInterest": -289600000, "totalCurrentLiabilities": 17516000000, "totalLiab": 27986000000, "commonStock": 377000000, "retainedEarnings": 30749500000, "treasuryStock": 1067600000, "otherStockholderEquity": 1067600000, "totalStockholderEquity": 32194100000, "netTangibleAssets": 29203900000}, {"maxAge": 1, "endDate": "2019-12-31", "totalStockholderEquity": 29621500000, "netTangibleAssets": 26530000000}, {"maxAge": 1, "endDate": "2019-09-30", "cash": 893900000, "netReceivables": 7583400000, "inventory": 12293800000, "otherCurrentAssets": 2909900000, "totalCurrentAssets": 23681000000, "longTermInvestments": 171000000, "propertyPlantEquipment": 28051500000, "goodWill": 34800000, "intangibleAssets": 3056700000, "otherAssets": 1082000000, "totalAssets": 56077000000, "accountsPayable": 7821100000, "shortLongTermDebt": 3011800000, "otherCurrentLiab": 1814200000, "longTermDebt": 7000400000, "otherLiab": 1494000000, "minorityInterest": -8800000, "totalCurrentLiabilities": 17969900000, "totalLiab": 26464300000, "commonStock": 377000000, "treasuryStock": 29244500000, "otherStockholderEquity": 29244500000, "totalStockholderEquity": 29621500000, "netTangibleAssets": 26530000000}], "maxAge": 86400}, "earningsHistory": {"history": [{"maxAge": 1, "epsActual": 3.54, "epsEstimate": 4.6, "epsDifference": -1.06, "surprisePercent": -0.23, "quarter": "2017-06-30", "period": "-4q"}, {"maxAge": 1, "epsActual": 6.45, "epsEstimate": 4.61, "epsDifference": 1.84, "surprisePercent": 0.39900002, "quarter": "2017-09-30", "period": "-3q"}, {"maxAge": 1, "epsActual": 6.93, "epsEstimate": 6.0, "epsDifference": 0.93, "surprisePercent": 0.155, "quarter": "2017-12-31", "period": "-2q"}, {"maxAge": 1, "epsActual": 4.98, "epsEstimate": 5.6, "epsDifference": -0.62, "surprisePercent": -0.111, "quarter": "2018-03-31", "period": "-1q"}], "maxAge": 86400}, "indexTrend": {"maxAge": 1, "symbol": "SP5", "peRatio": 19.7411, "pegRatio": 1.34172, "estimates": [{"period": "0q", "growth": 0.549}, {"period": "+1q", "growth": 0.431}, {"period": "0y", "growth": 0.305}, {"period": "+1y", "growth": 0.109}, {"period": "+5y", "growth": 0.120865}, {"period": "-5y"}]}, "industryTrend": {"maxAge": 1, "symbol": null, "estimates": []}, "insiderTransactions": {"transactions": [{"maxAge": 1, "shares": 200000, "value": 2500620, "filerUrl": "", "transactionText": "Sale at price 12.50 per share.", "filerName": "Uday Education Society", "filerRelation": "Promoter", "moneyText": "", "startDate": "2020-09-08", "ownership": "D"}, {"maxAge": 1, "shares": 150000, "value": 1962150, "filerUrl": "", "transactionText": "Sale at price 13.08 per share.", "filerName": "Uday Education Society", "filerRelation": "Promoter", "moneyText": "", "startDate": "2020-09-04", "ownership": "D"}, {"maxAge": 1, "shares": 39025, "value": 504331, "filerUrl": "", "transactionText": "Sale at price 12.92 per share.", "filerName": "Uday Education Society", "filerRelation": "Promoter", "moneyText": "", "startDate": "2020-08-31", "ownership": "D"}, {"maxAge": 1, "shares": 25000, "value": 337855, "filerUrl": "", "transactionText": "Sale at price 13.51 per share.", "filerName": "Uday Education Society", "filerRelation": "Promoter", "moneyText": "", "startDate": "2020-08-28", "ownership": "D"}, {"maxAge": 1, "shares": 3005730, "filerUrl": "", "transactionText": "", "filerName": "Amin (Malika C)", "filerRelation": "Promoter", "moneyText": "", "startDate": "2020-01-02", "ownership": "D"}, {"maxAge": 1, "shares": 1009800, "filerUrl": "", "transactionText": "", "filerName": "Amin (Pranav Chirayu)", "filerRelation": "Director (Executive)", "moneyText": "", "startDate": "2020-01-02", "ownership": "D"}, {"maxAge": 1, "shares": 100, "filerUrl": "", "transactionText": "", "filerName": "Amin (Barkha Pranav)", "filerRelation": "Promoter", "moneyText": "", "startDate": "2019-12-24", "ownership": "D"}, {"maxAge": 1, "shares": 100, "filerUrl": "", "transactionText": "", "filerName": "Amin (Krupa Shaunak)", "filerRelation": "Promoter", "moneyText": "", "startDate": "2019-12-24", "ownership": "D"}, {"maxAge": 1, "shares": 20698680, "filerUrl": "", "transactionText": "", "filerName": "Shreno Ltd.", "filerRelation": "Promoter", "moneyText": "", "startDate": "2019-12-24", "ownership": "D"}, {"maxAge": 1, "shares": 100, "filerUrl": "", "transactionText": "", "filerName": "Alembic City Ltd", "filerRelation": "Promoter", "moneyText": "", "startDate": "2019-09-25", "ownership": "D"}, {"maxAge": 1, "shares": 100, "filerUrl": "", "transactionText": "", "filerName": "Gallup Trust", "filerRelation": "Promoter", "moneyText": "", "startDate": "2019-09-25", "ownership": "D"}, {"maxAge": 1, "shares": 100, "filerUrl": "", "transactionText": "", "filerName": "Grace Star Trust", "filerRelation": "Promoter", "moneyText": "", "startDate": "2019-09-25", "ownership": "D"}, {"maxAge": 1, "shares": 100, "filerUrl": "", "transactionText": "", "filerName": "Laksh Trust", "filerRelation": "Promoter", "moneyText": "", "startDate": "2019-09-25", "ownership": "D"}, {"maxAge": 1, "shares": 100, "filerUrl": "", "transactionText": "", "filerName": "Satori Trust", "filerRelation": "Promoter", "moneyText": "", "startDate": "2019-09-25", "ownership": "D"}, {"maxAge": 1, "shares": 100, "filerUrl": "", "transactionText": "", "filerName": "Shreno Publications Ltd", "filerRelation": "Promoter", "moneyText": "", "startDate": "2019-09-25", "ownership": "D"}, {"maxAge": 1, "shares": 56321680, "filerUrl": "", "transactionText": "", "filerName": "Nirayu Pvt. Ltd", "filerRelation": "Promoter", "moneyText": "", "startDate": "2019-08-08", "ownership": "D"}, {"maxAge": 1, "shares": 280950, "filerUrl": "", "transactionText": "", "filerName": "Arogyavardhini Society", "filerRelation": "Promoter", "moneyText": "", "startDate": "2019-04-03", "ownership": "D"}, {"maxAge": 1, "shares": 280950, "filerUrl": "", "transactionText": "", "filerName": "Bhailal Amin General Hospital", "filerRelation": "Promoter", "moneyText": "", "startDate": "2019-04-03", "ownership": "D"}, {"maxAge": 1, "shares": 1018050, "filerUrl": "", "transactionText": "", "filerName": "Uday Education Society", "filerRelation": "Promoter", "moneyText": "", "startDate": "2019-04-03", "ownership": "D"}, {"maxAge": 1, "shares": 62250, "filerUrl": "", "transactionText": "", "filerName": "Ujjwal Vidyalaya", "filerRelation": "Promoter", "moneyText": "", "startDate": "2019-04-03", "ownership": "D"}, {"maxAge": 1, "shares": 146250, "filerUrl": "", "transactionText": "", "filerName": "Utkarsh Vidyakendra", "filerRelation": "Promoter", "moneyText": "", "startDate": "2019-04-03", "ownership": "D"}, {"maxAge": 1, "shares": 809550, "filerUrl": "", "transactionText": "", "filerName": "Vidyanidhi Trust", "filerRelation": "Promoter", "moneyText": "", "startDate": "2019-04-03", "ownership": "D"}, {"maxAge": 1, "shares": 466, "filerUrl": "", "transactionText": "", "filerName": "Amin (Yeraben Ramanbhai)", "filerRelation": "UNREPORTED", "moneyText": "", "startDate": "2019-02-20", "ownership": "D"}, {"maxAge": 1, "shares": 1534, "filerUrl": "", "transactionText": "", "filerName": "Amin (Yeraben Ramanbhai)", "filerRelation": "UNREPORTED", "moneyText": "", "startDate": "2019-02-19", "ownership": "D"}, {"maxAge": 1, "shares": 10000, "filerUrl": "", "transactionText": "", "filerName": "Alembic Ltd", "filerRelation": "Promoter", "moneyText": "", "startDate": "2019-02-12", "ownership": "D"}, {"maxAge": 1, "shares": 5002, "filerUrl": "", "transactionText": "", "filerName": "Amin (Yeraben Ramanbhai)", "filerRelation": "UNREPORTED", "moneyText": "", "startDate": "2019-02-01", "ownership": "D"}, {"maxAge": 1, "shares": 4824, "filerUrl": "", "transactionText": "", "filerName": "Saraiya (Krupa Paresh)", "filerRelation": "Non-Independent Executive Director", "moneyText": "", "startDate": "2018-10-25", "ownership": "D"}], "maxAge": 1}, "quoteType": {"exchange": "BSE", "quoteType": "EQUITY", "symbol": "APLLTD.BO", "underlyingSymbol": "APLLTD.BO", "shortName": "ALEMBIC PHARMACEUTICALS LTD.", "longName": "Alembic Pharmaceuticals Limited", "firstTradeDateEpochUtc": "2011-09-20 09:15:00", "timeZoneFullName": "Asia/Kolkata", "timeZoneShortName": "IST", "uuid": "f391b7df-fcf5-3153-a98b-f1a523944791", "messageBoardId": null, "gmtOffSetMilliseconds": 19800000, "maxAge": 1}, "incomeStatementHistory": {"incomeStatementHistory": [{"maxAge": 1, "endDate": "2020-03-31", "totalRevenue": 46057500000, "costOfRevenue": 10904400000, "grossProfit": 35153100000, "researchDevelopment": {}, "sellingGeneralAdministrative": 9089600000, "nonRecurring": {}, "otherOperatingExpenses": 13378000000, "totalOperatingExpenses": 34943400000, "operatingIncome": 11114100000, "totalOtherIncomeExpenseNet": -1115300000, "ebit": 11114100000, "interestExpense": -271600000, "incomeBeforeTax": 9998800000, "incomeTaxExpense": 1991800000, "minorityInterest": -289600000, "netIncomeFromContinuingOps": 8007000000, "discontinuedOperations": {}, "extraordinaryItems": {}, "effectOfAccountingCharges": {}, "otherItems": {}, "netIncome": 8288200000, "netIncomeApplicableToCommonShares": 8288200000}, {"maxAge": 1, "endDate": "2019-03-31", "totalRevenue": 39346800000, "costOfRevenue": 10310000000, "grossProfit": 29036800000, "researchDevelopment": {}, "sellingGeneralAdministrative": 7640200000, "nonRecurring": {}, "otherOperatingExpenses": 12702800000, "totalOperatingExpenses": 31933600000, "operatingIncome": 7413200000, "totalOtherIncomeExpenseNet": -12800000, "ebit": 7413200000, "interestExpense": -184100000, "incomeBeforeTax": 7400400000, "incomeTaxExpense": 1567500000, "minorityInterest": -7900000, "netIncomeFromContinuingOps": 5832900000, "discontinuedOperations": {}, "extraordinaryItems": {}, "effectOfAccountingCharges": {}, "otherItems": {}, "netIncome": 5843700000, "netIncomeApplicableToCommonShares": 5843700000}, {"maxAge": 1, "endDate": "2018-03-31", "totalRevenue": 31301800000, "costOfRevenue": 9160300000, "grossProfit": 22141500000, "researchDevelopment": {}, "sellingGeneralAdministrative": 6371100000, "nonRecurring": {}, "otherOperatingExpenses": 9616800000, "totalOperatingExpenses": 26202000000, "operatingIncome": 5099800000, "totalOtherIncomeExpenseNet": 231900000, "ebit": 5099800000, "interestExpense": -34000000, "incomeBeforeTax": 5331700000, "incomeTaxExpense": 1203500000, "minorityInterest": 3100000, "netIncomeFromContinuingOps": 4128200000, "discontinuedOperations": {}, "extraordinaryItems": {}, "effectOfAccountingCharges": {}, "otherItems": {}, "netIncome": 4126300000, "netIncomeApplicableToCommonShares": 4126300000}, {"maxAge": 1, "endDate": "2017-03-31", "totalRevenue": 31051500000, "costOfRevenue": 8595800000, "grossProfit": 22455700000, "researchDevelopment": {}, "sellingGeneralAdministrative": 5723900000, "nonRecurring": {}, "otherOperatingExpenses": 10504700000, "totalOperatingExpenses": 25667100000, "operatingIncome": 5384400000, "totalOtherIncomeExpenseNet": -131800000, "ebit": 5384400000, "interestExpense": -52300000, "incomeBeforeTax": 5252600000, "incomeTaxExpense": 1221900000, "minorityInterest": 1100000, "netIncomeFromContinuingOps": 4030700000, "discontinuedOperations": {}, "extraordinaryItems": {}, "effectOfAccountingCharges": {}, "otherItems": {}, "netIncome": 4031600000, "netIncomeApplicableToCommonShares": 4031600000}], "maxAge": 86400}, "fundOwnership": {"maxAge": 1, "ownershipList": [{"maxAge": 1, "reportDate": "2020-07-31", "organization": "Vanguard International Stock Index-Total Intl Stock Indx", "pctHeld": 0.0042, "position": 783572, "value": 772053491}, {"maxAge": 1, "reportDate": "2020-07-31", "organization": "Vanguard International Stock Index-Emerging Markets Stk", "pctHeld": 0.0033000002, "position": 613508, "value": 604489432}, {"maxAge": 1, "reportDate": "2020-07-31", "organization": "DFA Emerging Markets Core Equity Portfolio", "pctHeld": 0.0028, "position": 530410, "value": 522612973}, {"maxAge": 1, "reportDate": "2020-07-31", "organization": "DFA Emerging Markets Small Cap Series", "pctHeld": 0.0021, "position": 402836, "value": 396914310}, {"maxAge": 1, "reportDate": "2020-06-30", "organization": "Matthews International  Fds-Matthews India Fd", "pctHeld": 0.0021, "position": 402416, "value": 367566774}, {"maxAge": 1, "reportDate": "2020-07-31", "organization": "iShares Core MSCI Emerging Markets ETF", "pctHeld": 0.002, "position": 382283, "value": 376663439}, {"maxAge": 1, "reportDate": "2020-07-31", "organization": "Vanguard Whitehall Funds-International Explorer Fund", "pctHeld": 0.0011, "position": 202134, "value": 199162630}, {"maxAge": 1, "reportDate": "2020-07-31", "organization": "Vanguard Intl Equity Index Fds-FTSE All World ex U.S.Small Cap Index", "pctHeld": 0.0007, "position": 127621, "value": 125744971}, {"maxAge": 1, "reportDate": "2020-08-31", "organization": "iShares MSCI India Small Cap ETF", "pctHeld": 0.0005, "position": 100016, "value": 94060047}, {"maxAge": 1, "reportDate": "2020-08-31", "organization": "SEI Institutional International Tr-Emerging Markets Equity Fund", "pctHeld": 0.0004, "position": 83275, "value": 78315973}]}, "summaryDetail": {"maxAge": 1, "priceHint": 2, "previousClose": 984.05, "open": 975.9, "dayLow": 975.3, "dayHigh": 994.65, "regularMarketPreviousClose": 984.05, "regularMarketOpen": 975.9, "regularMarketDayLow": 975.3, "regularMarketDayHigh": 994.65, "trailingPE": 18.454466, "forwardPE": 35.58866, "volume": 13499, "regularMarketVolume": 13499, "averageVolume": 21468, "averageVolume10days": 34386, "averageDailyVolume10Day": 34386, "bid": 985.45, "ask": 989.55, "bidSize": 0, "askSize": 0, "marketCap": 193703018496, "fiftyTwoWeekLow": 436.1, "fiftyTwoWeekHigh": 1150.0, "fiftyDayAverage": 992.87286, "twoHundredDayAverage": 990.7996, "trailingAnnualDividendRate": 7.0, "trailingAnnualDividendYield": 0.00711346, "currency": "INR", "fromCurrency": null, "toCurrency": null, "lastMarket": null, "algorithm": null, "tradeable": false}, "sectorTrend": {"maxAge": 1, "symbol": null, "estimates": []}, "incomeStatementHistoryQuarterly": {"incomeStatementHistory": [{"maxAge": 1, "endDate": "2020-06-30", "totalRevenue": 13413200000, "costOfRevenue": 3377700000, "grossProfit": 10035500000, "researchDevelopment": {}, "sellingGeneralAdministrative": 2753600000, "nonRecurring": {}, "otherOperatingExpenses": 3208300000, "totalOperatingExpenses": 9754600000, "operatingIncome": 3658600000, "totalOtherIncomeExpenseNet": -59100000, "ebit": 3658600000, "interestExpense": -66700000, "incomeBeforeTax": 3599500000, "incomeTaxExpense": 667700000, "minorityInterest": {}, "netIncomeFromContinuingOps": 2931800000, "discontinuedOperations": {}, "extraordinaryItems": {}, "effectOfAccountingCharges": {}, "otherItems": {}, "netIncome": 3014600000, "netIncomeApplicableToCommonShares": 3014600000}, {"maxAge": 1, "endDate": "2020-03-31", "totalRevenue": 12068400000, "costOfRevenue": 3149400000, "grossProfit": 8919000000, "researchDevelopment": {}, "sellingGeneralAdministrative": 2494300000, "nonRecurring": {}, "otherOperatingExpenses": 2694100000, "totalOperatingExpenses": 8777400000, "operatingIncome": 3291000000, "totalOtherIncomeExpenseNet": -635100000, "ebit": 3291000000, "interestExpense": -77500000, "incomeBeforeTax": 2655900000, "incomeTaxExpense": 621300000, "minorityInterest": -289600000, "netIncomeFromContinuingOps": 2034600000, "discontinuedOperations": {}, "extraordinaryItems": {}, "effectOfAccountingCharges": {}, "otherItems": {}, "netIncome": 2246400000, "netIncomeApplicableToCommonShares": 2246400000}, {"maxAge": 1, "endDate": "2019-12-31", "totalRevenue": 12091300000, "costOfRevenue": 2984900000, "grossProfit": 9106400000, "researchDevelopment": {}, "sellingGeneralAdministrative": 2269000000, "nonRecurring": {}, "otherOperatingExpenses": 3586800000, "totalOperatingExpenses": 9258900000, "operatingIncome": 2832400000, "totalOtherIncomeExpenseNet": -73300000, "ebit": 2832400000, "interestExpense": -73600000, "incomeBeforeTax": 2759100000, "incomeTaxExpense": 486000000, "minorityInterest": -289600000, "netIncomeFromContinuingOps": 2273100000, "discontinuedOperations": {}, "extraordinaryItems": {}, "effectOfAccountingCharges": {}, "otherItems": {}, "netIncome": 2341900000, "netIncomeApplicableToCommonShares": 2341900000}, {"maxAge": 1, "endDate": "2019-09-30", "totalRevenue": 12408700000, "costOfRevenue": 2726200000, "grossProfit": 9682500000, "researchDevelopment": {}, "sellingGeneralAdministrative": 2177500000, "nonRecurring": {}, "otherOperatingExpenses": 4049800000, "totalOperatingExpenses": 9313000000, "operatingIncome": 3095700000, "totalOtherIncomeExpenseNet": -66300000, "ebit": 3095700000, "interestExpense": -70700000, "incomeBeforeTax": 3029400000, "incomeTaxExpense": 524900000, "minorityInterest": -8800000, "netIncomeFromContinuingOps": 2504500000, "discontinuedOperations": {}, "extraordinaryItems": {}, "effectOfAccountingCharges": {}, "otherItems": {}, "netIncome": 2462700000, "netIncomeApplicableToCommonShares": 2462700000}], "maxAge": 86400}, "cashflowStatementHistoryQuarterly": {"cashflowStatements": [{"maxAge": 1, "endDate": "2020-06-30", "netIncome": 3014600000, "changeToLiabilities": 0}, {"maxAge": 1, "endDate": "2020-03-31", "netIncome": 2246400000, "changeToLiabilities": 0}, {"maxAge": 1, "endDate": "2019-12-31", "netIncome": 2341900000, "changeToLiabilities": 0}, {"maxAge": 1, "endDate": "2019-09-30", "netIncome": 2462700000, "changeToLiabilities": 0}], "maxAge": 86400}, "insiderHolders": {"holders": [{"maxAge": 1, "name": "Alembic City Ltd", "relation": "Promoter", "url": "", "transactionDescription": "Acquisition", "latestTransDate": "2019-09-25", "positionDirect": 100, "positionDirectDate": "2019-09-25"}, {"maxAge": 1, "name": "Amin (Barkha Pranav)", "relation": "Promoter", "url": "", "transactionDescription": "Acquisition", "latestTransDate": "2019-12-24", "positionDirect": 100, "positionDirectDate": "2019-12-24"}, {"maxAge": 1, "name": "Amin (Krupa Shaunak)", "relation": "Promoter", "url": "", "transactionDescription": "Acquisition", "latestTransDate": "2019-12-24", "positionDirect": 100, "positionDirectDate": "2019-12-24"}, {"maxAge": 1, "name": "Amin (Malika C)", "relation": "Promoter", "url": "", "transactionDescription": "Other", "latestTransDate": "2020-01-02", "positionDirect": 3005730, "positionDirectDate": "2020-01-02"}, {"maxAge": 1, "name": "Amin (Pranav Chirayu)", "relation": "Director (Executive)", "url": "", "transactionDescription": "Other", "latestTransDate": "2020-01-02", "positionDirect": 1009800, "positionDirectDate": "2020-01-02"}, {"maxAge": 1, "name": "Gallup Trust", "relation": "Promoter", "url": "", "transactionDescription": "Acquisition", "latestTransDate": "2019-09-25", "positionDirect": 100, "positionDirectDate": "2019-09-25"}, {"maxAge": 1, "name": "Grace Star Trust", "relation": "Promoter", "url": "", "transactionDescription": "Acquisition", "latestTransDate": "2019-09-25", "positionDirect": 100, "positionDirectDate": "2019-09-25"}, {"maxAge": 1, "name": "Laksh Trust", "relation": "Promoter", "url": "", "transactionDescription": "Acquisition", "latestTransDate": "2019-09-25", "positionDirect": 100, "positionDirectDate": "2019-09-25"}, {"maxAge": 1, "name": "Shreno Ltd.", "relation": "Promoter", "url": "", "transactionDescription": "Acquisition", "latestTransDate": "2019-12-24", "positionDirect": 100, "positionDirectDate": "2019-12-24"}, {"maxAge": 1, "name": "Uday Education Society", "relation": "Promoter", "url": "", "transactionDescription": "Sale", "latestTransDate": "2020-09-08", "positionDirect": 604025, "positionDirectDate": "2020-09-08"}], "maxAge": 1}, "earnings": {"maxAge": 86400, "earningsChart": {"quarterly": [{"date": "2Q2017", "actual": 3.54, "estimate": 4.6}, {"date": "3Q2017", "actual": 6.45, "estimate": 4.61}, {"date": "4Q2017", "actual": 6.93, "estimate": 6.0}, {"date": "1Q2018", "actual": 4.98, "estimate": 5.6}], "currentQuarterEstimate": 4.52, "currentQuarterEstimateDate": "2Q", "currentQuarterEstimateYear": 2018, "earningsDate": []}, "financialsChart": {"yearly": [{"date": 2017, "revenue": 31051500000, "earnings": 4031600000}, {"date": 2018, "revenue": 31301800000, "earnings": 4126300000}, {"date": 2019, "revenue": 39346800000, "earnings": 5843700000}, {"date": 2020, "revenue": 46057500000, "earnings": 8288200000}], "quarterly": [{"date": "3Q2019", "revenue": 12408700000, "earnings": 2462700000}, {"date": "4Q2019", "revenue": 12091300000, "earnings": 2341900000}, {"date": "1Q2020", "revenue": 12068400000, "earnings": 2246400000}, {"date": "2Q2020", "revenue": 13413200000, "earnings": 3014600000}]}, "financialCurrency": "INR"}, "calendarEvents": {"maxAge": 1, "earnings": {"earningsDate": [], "earningsAverage": 4.52, "earningsLow": 4.52, "earningsHigh": 4.52, "revenueAverage": 8578040000, "revenueLow": 8111000000, "revenueHigh": 9045090000}}, "price": {"maxAge": 1, "regularMarketChangePercent": 0.0014227168, "regularMarketChange": 1.4000244, "regularMarketTime": "2021-04-30 15:43:26", "priceHint": 2, "regularMarketPrice": 985.45, "regularMarketDayHigh": 994.65, "regularMarketDayLow": 975.3, "regularMarketVolume": 13499, "averageDailyVolume10Day": 34386, "averageDailyVolume3Month": 21468, "regularMarketPreviousClose": 984.05, "regularMarketSource": "FREE_REALTIME", "regularMarketOpen": 975.9, "exchange": "BSE", "exchangeName": "BSE", "exchangeDataDelayedBy": 0, "marketState": "CLOSED", "quoteType": "EQUITY", "symbol": "APLLTD.BO", "underlyingSymbol": null, "shortName": "ALEMBIC PHARMACEUTICALS LTD.", "longName": "Alembic Pharmaceuticals Limited", "currency": "INR", "quoteSourceName": "Delayed Quote", "currencySymbol": "\u20b9", "fromCurrency": null, "toCurrency": null, "lastMarket": null, "marketCap": 193703018496}, "balanceSheetHistory": {"balanceSheetStatements": [{"maxAge": 1, "endDate": "2020-03-31", "cash": 718400000, "netReceivables": 8957300000, "inventory": 11875300000, "otherCurrentAssets": 2795500000, "totalCurrentAssets": 24627500000, "longTermInvestments": 176200000, "propertyPlantEquipment": 30990000000, "intangibleAssets": 2990200000, "otherAssets": 1106600000, "totalAssets": 59890500000, "accountsPayable": 6259300000, "otherCurrentLiab": 1286300000, "longTermDebt": 8869900000, "otherLiab": 867100000, "minorityInterest": -289600000, "totalCurrentLiabilities": 17516000000, "totalLiab": 27986000000, "commonStock": 377000000, "retainedEarnings": 30749500000, "treasuryStock": 1067600000, "otherStockholderEquity": 1067600000, "totalStockholderEquity": 32194100000, "netTangibleAssets": 29203900000}, {"maxAge": 1, "endDate": "2019-03-31", "cash": 1990700000, "shortTermInvestments": 91000000, "netReceivables": 4889200000, "inventory": 9672600000, "otherCurrentAssets": 2842700000, "totalCurrentAssets": 19577600000, "longTermInvestments": 487600000, "propertyPlantEquipment": 24398100000, "goodWill": 36100000, "intangibleAssets": 2662600000, "otherAssets": 615900000, "totalAssets": 47777900000, "accountsPayable": 6443400000, "shortLongTermDebt": 2000000000, "otherCurrentLiab": 1089000000, "longTermDebt": 4993000000, "otherLiab": 708000000, "minorityInterest": -7900000, "totalCurrentLiabilities": 14896600000, "totalLiab": 20597600000, "commonStock": 377000000, "retainedEarnings": 26233600000, "treasuryStock": 577600000, "otherStockholderEquity": 577600000, "totalStockholderEquity": 27188200000, "netTangibleAssets": 24489500000}, {"maxAge": 1, "endDate": "2018-03-31", "cash": 837400000, "netReceivables": 5297900000, "inventory": 7339300000, "otherCurrentAssets": 4619600000, "totalCurrentAssets": 18247400000, "longTermInvestments": 416400000, "propertyPlantEquipment": 18377800000, "goodWill": 37700000, "intangibleAssets": 1619800000, "otherAssets": 711400000, "totalAssets": 39410500000, "accountsPayable": 7593200000, "otherCurrentLiab": 470500000, "longTermDebt": 5000000000, "otherLiab": 762100000, "minorityInterest": 3100000, "totalCurrentLiabilities": 11443900000, "totalLiab": 17206000000, "commonStock": 377000000, "retainedEarnings": 21741200000, "treasuryStock": 83200000, "otherStockholderEquity": 83200000, "totalStockholderEquity": 22201400000, "netTangibleAssets": 20543900000}, {"maxAge": 1, "endDate": "2017-03-31", "cash": 1530800000, "netReceivables": 3388200000, "inventory": 6327500000, "otherCurrentAssets": 2402600000, "totalCurrentAssets": 13724600000, "longTermInvestments": 498800000, "propertyPlantEquipment": 11686800000, "intangibleAssets": 270000000, "otherAssets": 712400000, "totalAssets": 26892600000, "accountsPayable": 5007300000, "otherCurrentLiab": 712800000, "otherLiab": 941500000, "minorityInterest": 1100000, "totalCurrentLiabilities": 6926700000, "totalLiab": 7868200000, "commonStock": 377000000, "retainedEarnings": 18561700000, "treasuryStock": 84600000, "otherStockholderEquity": 84600000, "totalStockholderEquity": 19023300000, "netTangibleAssets": 18753300000}], "maxAge": 86400}, "earningsTrend": {"trend": [{"maxAge": 1, "period": "0q", "endDate": "2018-06-30", "growth": 0.277, "earningsEstimate": {"avg": 4.52, "low": 4.52, "high": 4.52, "yearAgoEps": 3.54, "numberOfAnalysts": 1, "growth": 0.277}, "revenueEstimate": {"avg": 8578040000, "low": 8111000000, "high": 9045090000, "numberOfAnalysts": 2, "yearAgoRevenue": 6481900000, "growth": 0.32299998}, "epsTrend": {"current": 4.52, "7daysAgo": 4.52, "30daysAgo": 3.99, "60daysAgo": 3.99, "90daysAgo": 3.99}, "epsRevisions": {"upLast7days": 0, "upLast30days": 1, "downLast30days": 0, "downLast90days": {}}}, {"maxAge": 1, "period": "+1q", "endDate": "2018-09-30", "growth": -0.115, "earningsEstimate": {"avg": 5.71, "low": 5.71, "high": 5.71, "yearAgoEps": 6.45, "numberOfAnalysts": 1, "growth": -0.115}, "revenueEstimate": {"avg": 8631000000, "low": 8631000000, "high": 8631000000, "numberOfAnalysts": 1, "yearAgoRevenue": 7892900000, "growth": 0.094}, "epsTrend": {"current": 5.71, "7daysAgo": 5.71, "30daysAgo": 7.16, "60daysAgo": 7.16, "90daysAgo": 7.16}, "epsRevisions": {"upLast7days": 0, "upLast30days": 0, "downLast30days": 0, "downLast90days": {}}}, {"maxAge": 1, "period": "0y", "endDate": "2019-03-31", "growth": 0.076, "earningsEstimate": {"avg": 23.56, "low": 20.2, "high": 25.7, "yearAgoEps": 21.89, "numberOfAnalysts": 16, "growth": 0.076}, "revenueEstimate": {"avg": 34955000000, "low": 31619000000, "high": 35952000000, "numberOfAnalysts": 16, "yearAgoRevenue": 31308100000, "growth": 0.116000004}, "epsTrend": {"current": 23.56, "7daysAgo": 23.75, "30daysAgo": 25.29, "60daysAgo": 25.13, "90daysAgo": 25.13}, "epsRevisions": {"upLast7days": 0, "upLast30days": 1, "downLast30days": 1, "downLast90days": {}}}, {"maxAge": 1, "period": "+1y", "endDate": "2020-03-31", "growth": 0.175, "earningsEstimate": {"avg": 27.69, "low": 24.8, "high": 31.8, "yearAgoEps": 23.56, "numberOfAnalysts": 15, "growth": 0.175}, "revenueEstimate": {"avg": 39835600000, "low": 38199000000, "high": 42984000000, "numberOfAnalysts": 15, "yearAgoRevenue": 34955000000, "growth": 0.14}, "epsTrend": {"current": 27.69, "7daysAgo": 27.92, "30daysAgo": 30.11, "60daysAgo": 30.38, "90daysAgo": 30.38}, "epsRevisions": {"upLast7days": 0, "upLast30days": 1, "downLast30days": 1, "downLast90days": {}}}, {"maxAge": 1, "period": "+5y", "endDate": null, "growth": 0.313, "earningsEstimate": {"avg": {}, "low": {}, "high": {}, "yearAgoEps": {}, "numberOfAnalysts": {}, "growth": {}}, "revenueEstimate": {"avg": {}, "low": {}, "high": {}, "numberOfAnalysts": {}, "yearAgoRevenue": {}, "growth": {}}, "epsTrend": {"current": {}, "7daysAgo": {}, "30daysAgo": {}, "60daysAgo": {}, "90daysAgo": {}}, "epsRevisions": {"upLast7days": {}, "upLast30days": {}, "downLast30days": {}, "downLast90days": {}}}, {"maxAge": 1, "period": "-5y", "endDate": null, "growth": 0.15421, "earningsEstimate": {"avg": {}, "low": {}, "high": {}, "yearAgoEps": {}, "numberOfAnalysts": {}, "growth": {}}, "revenueEstimate": {"avg": {}, "low": {}, "high": {}, "numberOfAnalysts": {}, "yearAgoRevenue": {}, "growth": {}}, "epsTrend": {"current": {}, "7daysAgo": {}, "30daysAgo": {}, "60daysAgo": {}, "90daysAgo": {}}, "epsRevisions": {"upLast7days": {}, "upLast30days": {}, "downLast30days": {}, "downLast90days": {}}}], "maxAge": 1}, "financialData": {"maxAge": 86400, "currentPrice": 985.45, "targetHighPrice": 623.0, "targetLowPrice": 460.0, "targetMeanPrice": 548.06, "targetMedianPrice": 550.0, "recommendationMean": 2.3, "recommendationKey": "buy", "numberOfAnalystOpinions": 17, "grossProfits": 35153100000, "financialCurrency": "INR"}}}