{"APMIN.BO": {"recommendationTrend": {"trend": [{"period": "0m", "strongBuy": 0, "buy": 0, "hold": 0, "sell": 0, "strongSell": 0}, {"period": "-1m", "strongBuy": 0, "buy": 0, "hold": 0, "sell": 0, "strongSell": 0}, {"period": "-2m", "strongBuy": 0, "buy": 0, "hold": 0, "sell": 0, "strongSell": 0}, {"period": "-3m", "strongBuy": 0, "buy": 0, "hold": 0, "sell": 0, "strongSell": 0}], "maxAge": 86400}, "cashflowStatementHistory": {"cashflowStatements": [{"maxAge": 1, "endDate": "2020-03-31", "netIncome": 71700000, "depreciation": 61300000, "changeToNetincome": 36600000, "changeToAccountReceivables": 57600000, "changeToLiabilities": 0, "changeToInventory": -22500000, "changeToOperatingActivities": 3100000, "totalCashFromOperatingActivities": 207900000, "capitalExpenditures": -95400000, "totalCashflowsFromInvestingActivities": -94400000, "dividendsPaid": -10700000, "netBorrowings": -52200000, "otherCashflowsFromFinancingActivities": -48800000, "totalCashFromFinancingActivities": -111700000, "changeInCash": 1800000}, {"maxAge": 1, "endDate": "2019-03-31", "netIncome": 73400000, "depreciation": 53800000, "changeToNetincome": 7700000, "changeToAccountReceivables": -28800000, "changeToLiabilities": 0, "changeToInventory": -64500000, "changeToOperatingActivities": 31400000, "totalCashFromOperatingActivities": 73400000, "capitalExpenditures": -109200000, "otherCashflowsFromInvestingActivities": 200000, "totalCashflowsFromInvestingActivities": -106500000, "dividendsPaid": -26400000, "netBorrowings": 101100000, "otherCashflowsFromFinancingActivities": -44300000, "totalCashFromFinancingActivities": 30400000, "changeInCash": -2700000}, {"maxAge": 1, "endDate": "2018-03-31", "netIncome": 127600000, "depreciation": 48400000, "changeToNetincome": -29800000, "changeToAccountReceivables": 7900000, "changeToLiabilities": 0, "changeToInventory": 56200000, "changeToOperatingActivities": 46100000, "totalCashFromOperatingActivities": 256500000, "capitalExpenditures": -208000000, "investments": -70500000, "otherCashflowsFromInvestingActivities": 4000000, "totalCashflowsFromInvestingActivities": -258700000, "dividendsPaid": -12600000, "netBorrowings": 56200000, "otherCashflowsFromFinancingActivities": -40100000, "totalCashFromFinancingActivities": 3500000, "changeInCash": 1300000}, {"maxAge": 1, "endDate": "2017-03-31", "netIncome": 160400000, "depreciation": 41600000, "changeToNetincome": -37300000, "changeToAccountReceivables": -33300000, "changeToLiabilities": 0, "changeToInventory": -40200000, "changeToOperatingActivities": -16400000, "totalCashFromOperatingActivities": 75200000, "capitalExpenditures": -151200000, "investments": -1000000, "otherCashflowsFromInvestingActivities": 13700000, "totalCashflowsFromInvestingActivities": -136200000, "dividendsPaid": -41400000, "netBorrowings": 125700000, "otherCashflowsFromFinancingActivities": -21900000, "totalCashFromFinancingActivities": 62400000, "changeInCash": 1400000}], "maxAge": 86400}, "institutionOwnership": {"ownershipList": [], "maxAge": 1}, "balanceSheetHistoryQuarterly": {"balanceSheetStatements": [{"maxAge": 1, "endDate": "2020-06-30", "totalStockholderEquity": 1312400000, "netTangibleAssets": 1312100000}, {"maxAge": 1, "endDate": "2020-03-31", "cash": 2800000, "netReceivables": 235600000, "inventory": 495700000, "otherCurrentAssets": 48300000, "totalCurrentAssets": 787500000, "propertyPlantEquipment": 1575200000, "intangibleAssets": 300000, "otherAssets": 47900000, "totalAssets": 2410900000, "accountsPayable": 165900000, "shortLongTermDebt": 32900000, "otherCurrentLiab": 30500000, "longTermDebt": 224600000, "otherLiab": 297000000, "deferredLongTermLiab": 800000, "totalCurrentLiabilities": 574500000, "totalLiab": 1098500000, "commonStock": 43200000, "retainedEarnings": 1250000000, "treasuryStock": -5100000, "capitalSurplus": 24300000, "otherStockholderEquity": -5100000, "totalStockholderEquity": 1312400000, "netTangibleAssets": 1312100000}, {"maxAge": 1, "endDate": "2019-12-31", "totalStockholderEquity": 1299200000, "netTangibleAssets": 1291200000}, {"maxAge": 1, "endDate": "2019-09-30", "cash": 23600000, "netReceivables": 277700000, "inventory": 411800000, "otherCurrentAssets": 45100000, "totalCurrentAssets": 758200000, "propertyPlantEquipment": 1553300000, "intangibleAssets": 8000000, "otherAssets": 59200000, "totalAssets": 2378700000, "accountsPayable": 184400000, "otherCurrentLiab": 152000000, "longTermDebt": 152100000, "otherLiab": 297700000, "totalCurrentLiabilities": 629700000, "totalLiab": 1079500000, "commonStock": 43200000, "treasuryStock": 1256000000, "otherStockholderEquity": 1256000000, "totalStockholderEquity": 1299200000, "netTangibleAssets": 1291200000}], "maxAge": 86400}, "earningsHistory": {"history": [{"maxAge": 1, "epsActual": {}, "epsEstimate": {}, "epsDifference": {}, "surprisePercent": {}, "quarter": {}, "period": "-4q"}, {"maxAge": 1, "epsActual": {}, "epsEstimate": {}, "epsDifference": {}, "surprisePercent": {}, "quarter": {}, "period": "-3q"}, {"maxAge": 1, "epsActual": 1.86, "epsEstimate": 2.39, "epsDifference": -0.53, "surprisePercent": -0.222, "quarter": "2015-03-31", "period": "-2q"}, {"maxAge": 1, "epsActual": 2.19, "epsEstimate": 2.47, "epsDifference": -0.28, "surprisePercent": -0.113000005, "quarter": "2016-09-30", "period": "-1q"}], "maxAge": 86400}, "indexTrend": {"maxAge": 1, "symbol": "SP5", "peRatio": 19.7411, "pegRatio": 1.34172, "estimates": [{"period": "0q", "growth": 0.549}, {"period": "+1q", "growth": 0.431}, {"period": "0y", "growth": 0.305}, {"period": "+1y", "growth": 0.109}, {"period": "+5y", "growth": 0.120859005}, {"period": "-5y"}]}, "industryTrend": {"maxAge": 1, "symbol": null, "estimates": []}, "insiderTransactions": {"transactions": [{"maxAge": 1, "shares": 70000, "filerUrl": "", "transactionText": "", "filerName": "Anya Rajgarhia Foundation", "filerRelation": "Institution- Corporation", "moneyText": "", "startDate": "2018-03-19", "ownership": "D"}, {"maxAge": 1, "shares": 70000, "filerUrl": "", "transactionText": "", "filerName": "Kabir Rajgarhia Foundation", "filerRelation": "Institution- Corporation", "moneyText": "", "startDate": "2018-03-19", "ownership": "D"}, {"maxAge": 1, "shares": 140000, "filerUrl": "", "transactionText": "", "filerName": "Rajgarhia (Jayati)", "filerRelation": "UNREPORTED", "moneyText": "", "startDate": "2018-03-19", "ownership": "D"}, {"maxAge": 1, "shares": 315500, "filerUrl": "", "transactionText": "", "filerName": "Rajgarhia (Bhavna)", "filerRelation": "UNREPORTED", "moneyText": "", "startDate": "2017-02-06", "ownership": "D"}, {"maxAge": 1, "shares": 315500, "filerUrl": "", "transactionText": "", "filerName": "Rovo Marketing Pvt Ltd", "filerRelation": "Promoter", "moneyText": "", "startDate": "2017-02-06", "ownership": "D"}, {"maxAge": 1, "shares": 9423, "filerUrl": "", "transactionText": "", "filerName": "AJR Fiscal Pvt Ltd", "filerRelation": "Promoter", "moneyText": "", "startDate": "2011-09-28", "ownership": "D"}, {"maxAge": 1, "shares": 7375, "filerUrl": "", "transactionText": "", "filerName": "AJR Fiscal Pvt Ltd", "filerRelation": "Promoter", "moneyText": "", "startDate": "2011-09-26", "ownership": "D"}, {"maxAge": 1, "shares": 1952, "filerUrl": "", "transactionText": "", "filerName": "AJR Fiscal Pvt Ltd", "filerRelation": "Promoter", "moneyText": "", "startDate": "2011-09-23", "ownership": "D"}, {"maxAge": 1, "shares": 8350, "filerUrl": "", "transactionText": "", "filerName": "Rajgarhia (Prabha)", "filerRelation": "Promoter", "moneyText": "", "startDate": "2011-09-23", "ownership": "D"}, {"maxAge": 1, "shares": 12235, "filerUrl": "", "transactionText": "", "filerName": "Rajgarhia (Rajendra Kumar)", "filerRelation": "Chairman of the Board", "moneyText": "", "startDate": "2011-09-23", "ownership": "D"}, {"maxAge": 1, "shares": 6435, "filerUrl": "", "transactionText": "", "filerName": "Rajgarhia Leasing & Financial Services Pvt Ltd", "filerRelation": "Promoter", "moneyText": "", "startDate": "2011-09-23", "ownership": "D"}, {"maxAge": 1, "shares": 30000, "filerUrl": "", "transactionText": "", "filerName": "Faridabad Paper Mills Ltd", "filerRelation": "Institution- Corporation", "moneyText": "", "startDate": "2009-11-10", "ownership": "D"}, {"maxAge": 1, "shares": 15000, "filerUrl": "", "transactionText": "", "filerName": "Rajgarhia (Varun)", "filerRelation": "UNREPORTED", "moneyText": "", "startDate": "2009-11-10", "ownership": "D"}, {"maxAge": 1, "shares": 15000, "filerUrl": "", "transactionText": "", "filerName": "Rajgarhia (Aditi)", "filerRelation": "UNREPORTED", "moneyText": "", "startDate": "2009-11-09", "ownership": "D"}], "maxAge": 1}, "quoteType": {"exchange": "BSE", "quoteType": "EQUITY", "symbol": "APMIN.BO", "underlyingSymbol": "APMIN.BO", "shortName": "APM INDUSTRIES LTD.", "longName": "APM Industries Limited", "firstTradeDateEpochUtc": "2002-07-01 09:15:00", "timeZoneFullName": "Asia/Kolkata", "timeZoneShortName": "IST", "uuid": "9be751fa-49fc-3a4e-8da8-b341cd170bfa", "gmtOffSetMilliseconds": 19800000, "maxAge": 1}, "incomeStatementHistory": {"incomeStatementHistory": [{"maxAge": 1, "endDate": "2020-03-31", "totalRevenue": 2682900000, "costOfRevenue": 1507900000, "grossProfit": 1175000000, "researchDevelopment": {}, "sellingGeneralAdministrative": 443300000, "nonRecurring": {}, "otherOperatingExpenses": 566600000, "totalOperatingExpenses": 2579200000, "operatingIncome": 103700000, "totalOtherIncomeExpenseNet": -32300000, "ebit": 103700000, "interestExpense": -47900000, "incomeBeforeTax": 71400000, "incomeTaxExpense": -300000, "minorityInterest": {}, "netIncomeFromContinuingOps": 71700000, "discontinuedOperations": {}, "extraordinaryItems": {}, "effectOfAccountingCharges": {}, "otherItems": {}, "netIncome": 71700000, "netIncomeApplicableToCommonShares": 71700000}, {"maxAge": 1, "endDate": "2019-03-31", "totalRevenue": 2695000000, "costOfRevenue": 1579100000, "grossProfit": 1115900000, "researchDevelopment": {}, "sellingGeneralAdministrative": 415700000, "nonRecurring": {}, "otherOperatingExpenses": 571900000, "totalOperatingExpenses": 2610900000, "operatingIncome": 84100000, "totalOtherIncomeExpenseNet": -3000000, "ebit": 84100000, "interestExpense": -41600000, "incomeBeforeTax": 81100000, "incomeTaxExpense": 7700000, "minorityInterest": {}, "netIncomeFromContinuingOps": 73400000, "discontinuedOperations": {}, "extraordinaryItems": {}, "effectOfAccountingCharges": {}, "otherItems": {}, "netIncome": 73400000, "netIncomeApplicableToCommonShares": 73400000}, {"maxAge": 1, "endDate": "2018-03-31", "totalRevenue": 2760300000, "costOfRevenue": 1585500000, "grossProfit": 1174800000, "researchDevelopment": {}, "sellingGeneralAdministrative": 397700000, "nonRecurring": {}, "otherOperatingExpenses": 600100000, "totalOperatingExpenses": 2621800000, "operatingIncome": 138500000, "totalOtherIncomeExpenseNet": 44600000, "ebit": 138500000, "interestExpense": -39300000, "incomeBeforeTax": 183100000, "incomeTaxExpense": 55500000, "minorityInterest": {}, "netIncomeFromContinuingOps": 127600000, "discontinuedOperations": {}, "extraordinaryItems": {}, "effectOfAccountingCharges": {}, "otherItems": {}, "netIncome": 127600000, "netIncomeApplicableToCommonShares": 127600000}, {"maxAge": 1, "endDate": "2017-03-31", "totalRevenue": 2476000000, "costOfRevenue": 1426500000, "grossProfit": 1049500000, "researchDevelopment": {}, "sellingGeneralAdministrative": 375200000, "nonRecurring": {}, "otherOperatingExpenses": 494000000, "totalOperatingExpenses": 2327700000, "operatingIncome": 148300000, "totalOtherIncomeExpenseNet": 83700000, "ebit": 148300000, "interestExpense": -22900000, "incomeBeforeTax": 232000000, "incomeTaxExpense": 71600000, "minorityInterest": {}, "netIncomeFromContinuingOps": 160400000, "discontinuedOperations": {}, "extraordinaryItems": {}, "effectOfAccountingCharges": {}, "otherItems": {}, "netIncome": 160400000, "netIncomeApplicableToCommonShares": 160400000}], "maxAge": 86400}, "fundOwnership": {"ownershipList": [], "maxAge": 1}, "summaryDetail": {"maxAge": 1, "priceHint": 2, "previousClose": 23.15, "open": 23.65, "dayLow": 21.35, "dayHigh": 23.65, "regularMarketPreviousClose": 23.15, "regularMarketOpen": 23.65, "regularMarketDayLow": 21.35, "regularMarketDayHigh": 23.65, "trailingPE": 25.821596, "forwardPE": 1.9014693, "volume": 8694, "regularMarketVolume": 8694, "averageVolume": 16005, "averageVolume10days": 8577, "averageDailyVolume10Day": 8577, "bid": 21.75, "ask": 23.0, "bidSize": 0, "askSize": 0, "marketCap": 475450816, "fiftyTwoWeekLow": 10.65, "fiftyTwoWeekHigh": 27.5, "fiftyDayAverage": 22.951515, "twoHundredDayAverage": 16.640368, "trailingAnnualDividendRate": 0.5, "trailingAnnualDividendYield": 0.021598272, "currency": "INR", "fromCurrency": null, "lastMarket": null, "algorithm": null, "tradeable": false}, "sectorTrend": {"maxAge": 1, "symbol": null, "estimates": []}, "incomeStatementHistoryQuarterly": {"incomeStatementHistory": [{"maxAge": 1, "endDate": "2020-06-30", "totalRevenue": 256500000, "costOfRevenue": 126700000, "grossProfit": 129800000, "researchDevelopment": {}, "sellingGeneralAdministrative": 68000000, "nonRecurring": {}, "otherOperatingExpenses": 70000000, "totalOperatingExpenses": 280900000, "operatingIncome": -24400000, "totalOtherIncomeExpenseNet": -11500000, "ebit": -24400000, "interestExpense": -13000000, "incomeBeforeTax": -35900000, "incomeTaxExpense": -9600000, "minorityInterest": {}, "netIncomeFromContinuingOps": -26300000, "discontinuedOperations": {}, "extraordinaryItems": {}, "effectOfAccountingCharges": {}, "otherItems": {}, "netIncome": -26300000, "netIncomeApplicableToCommonShares": -26300000}, {"maxAge": 1, "endDate": "2020-03-31", "totalRevenue": 538100000, "costOfRevenue": 301300000, "grossProfit": 236800000, "researchDevelopment": {}, "sellingGeneralAdministrative": 101500000, "nonRecurring": {}, "otherOperatingExpenses": 94800000, "totalOperatingExpenses": 513700000, "operatingIncome": 24400000, "totalOtherIncomeExpenseNet": -7700000, "ebit": 24400000, "interestExpense": -10800000, "incomeBeforeTax": 16700000, "incomeTaxExpense": 9800000, "minorityInterest": {}, "netIncomeFromContinuingOps": 6900000, "discontinuedOperations": {}, "extraordinaryItems": {}, "effectOfAccountingCharges": {}, "otherItems": {}, "netIncome": 6900000, "netIncomeApplicableToCommonShares": 6900000}, {"maxAge": 1, "endDate": "2019-12-31", "totalRevenue": 704400000, "costOfRevenue": 374500000, "grossProfit": 329900000, "researchDevelopment": {}, "sellingGeneralAdministrative": 118200000, "nonRecurring": {}, "otherOperatingExpenses": 158000000, "totalOperatingExpenses": 666100000, "operatingIncome": 38300000, "totalOtherIncomeExpenseNet": -7700000, "ebit": 38300000, "interestExpense": -11600000, "incomeBeforeTax": 30600000, "incomeTaxExpense": 8800000, "minorityInterest": {}, "netIncomeFromContinuingOps": 21800000, "discontinuedOperations": {}, "extraordinaryItems": {}, "effectOfAccountingCharges": {}, "otherItems": {}, "netIncome": 21800000, "netIncomeApplicableToCommonShares": 21800000}, {"maxAge": 1, "endDate": "2019-09-30", "totalRevenue": 737900000, "costOfRevenue": 417000000, "grossProfit": 320900000, "researchDevelopment": {}, "sellingGeneralAdministrative": 117200000, "nonRecurring": {}, "otherOperatingExpenses": 158200000, "totalOperatingExpenses": 707500000, "operatingIncome": 30400000, "totalOtherIncomeExpenseNet": -7500000, "ebit": 30400000, "interestExpense": -12300000, "incomeBeforeTax": 22900000, "incomeTaxExpense": 6900000, "minorityInterest": {}, "netIncomeFromContinuingOps": 16000000, "discontinuedOperations": {}, "extraordinaryItems": {}, "effectOfAccountingCharges": {}, "otherItems": {}, "netIncome": 16000000, "netIncomeApplicableToCommonShares": 16000000}], "maxAge": 86400}, "cashflowStatementHistoryQuarterly": {"cashflowStatements": [{"maxAge": 1, "endDate": "2020-06-30", "netIncome": -26300000, "changeToLiabilities": 0}, {"maxAge": 1, "endDate": "2020-03-31", "netIncome": 6900000, "changeToLiabilities": 0}, {"maxAge": 1, "endDate": "2019-12-31", "netIncome": 21800000, "changeToLiabilities": 0}, {"maxAge": 1, "endDate": "2019-09-30", "netIncome": 16000000, "changeToLiabilities": 0}], "maxAge": 86400}, "insiderHolders": {"holders": [{"maxAge": 1, "name": "AJR Fiscal Pvt Ltd", "relation": "Promoter", "url": "", "transactionDescription": "Acquisition", "latestTransDate": "2011-09-28", "positionDirect": 650000, "positionDirectDate": "2011-09-28"}, {"maxAge": 1, "name": "Anya Rajgarhia Foundation", "relation": "Institution- Corporation", "url": "", "transactionDescription": "Purchase", "latestTransDate": "2018-03-19", "positionDirect": 70000, "positionDirectDate": "2018-03-19"}, {"maxAge": 1, "name": "Faridabad Paper Mills Ltd", "relation": "Institution- Corporation", "url": "", "transactionDescription": "Acquisition", "latestTransDate": "2009-11-10", "positionDirect": 437501, "positionDirectDate": "2009-11-10"}, {"maxAge": 1, "name": "Kabir Rajgarhia Foundation", "relation": "Institution- Corporation", "url": "", "transactionDescription": "Purchase", "latestTransDate": "2018-03-19", "positionDirect": 70000, "positionDirectDate": "2018-03-19"}, {"maxAge": 1, "name": "Rajgarhia (Bhavna)", "relation": "UNREPORTED", "url": "", "transactionDescription": "Acquisition", "latestTransDate": "2017-02-06", "positionDirect": 315500, "positionDirectDate": "2017-02-06"}, {"maxAge": 1, "name": "Rajgarhia (Jayati)", "relation": "UNREPORTED", "url": "", "transactionDescription": "Sale", "latestTransDate": "2018-03-19", "positionDirect": 0, "positionDirectDate": "2018-03-19"}, {"maxAge": 1, "name": "Rajgarhia (Prabha)", "relation": "Promoter", "url": "", "transactionDescription": "Acquisition", "latestTransDate": "2011-09-23", "positionDirect": 1600000, "positionDirectDate": "2011-09-23"}, {"maxAge": 1, "name": "Rajgarhia (Rajendra Kumar)", "relation": "Chairman of the Board", "url": "", "transactionDescription": "Acquisition", "latestTransDate": "2011-09-23", "positionDirect": 3850000, "positionDirectDate": "2011-09-23"}, {"maxAge": 1, "name": "Rajgarhia Leasing & Financial Services Pvt Ltd", "relation": "Promoter", "url": "", "transactionDescription": "Acquisition", "latestTransDate": "2011-09-23", "positionDirect": 480000, "positionDirectDate": "2011-09-23"}, {"maxAge": 1, "name": "Rovo Marketing Pvt Ltd", "relation": "Promoter", "url": "", "transactionDescription": "Sale", "latestTransDate": "2017-02-06", "positionDirect": 0, "positionDirectDate": "2017-02-06"}], "maxAge": 1}, "earnings": {"maxAge": 86400, "earningsChart": {"quarterly": [{"date": "1Q2015", "actual": 1.86, "estimate": 2.39}, {"date": "3Q2016", "actual": 2.19, "estimate": 2.47}], "currentQuarterEstimateDate": "4Q", "currentQuarterEstimateYear": 2016, "earningsDate": ["2020-11-13 05:30:S"]}, "financialsChart": {"yearly": [{"date": 2017, "revenue": 2476000000, "earnings": 160400000}, {"date": 2018, "revenue": 2760300000, "earnings": 127600000}, {"date": 2019, "revenue": 2695000000, "earnings": 73400000}, {"date": 2020, "revenue": 2682900000, "earnings": 71700000}], "quarterly": [{"date": "3Q2019", "revenue": 737900000, "earnings": 16000000}, {"date": "4Q2019", "revenue": 704400000, "earnings": 21800000}, {"date": "1Q2020", "revenue": 538100000, "earnings": 6900000}, {"date": "2Q2020", "revenue": 256500000, "earnings": -26300000}]}, "financialCurrency": "INR"}, "calendarEvents": {"maxAge": 1, "earnings": {"earningsDate": ["2020-11-13 05:30:S"]}}, "upgradeDowngradeHistory": {"history": [], "maxAge": 86400}, "price": {"maxAge": 1, "regularMarketChangePercent": -0.04967601, "regularMarketChange": -1.1499996, "regularMarketTime": "2021-04-30 15:29:54", "priceHint": 2, "regularMarketPrice": 22.0, "regularMarketDayHigh": 23.65, "regularMarketDayLow": 21.35, "regularMarketVolume": 8694, "averageDailyVolume10Day": 8577, "averageDailyVolume3Month": 16005, "regularMarketPreviousClose": 23.15, "regularMarketSource": "FREE_REALTIME", "regularMarketOpen": 23.65, "exchange": "BSE", "exchangeName": "BSE", "exchangeDataDelayedBy": 0, "marketState": "CLOSED", "quoteType": "EQUITY", "symbol": "APMIN.BO", "underlyingSymbol": null, "shortName": "APM INDUSTRIES LTD.", "longName": "APM Industries Limited", "currency": "INR", "quoteSourceName": "Delayed Quote", "currencySymbol": "\u20b9", "fromCurrency": null, "lastMarket": null, "marketCap": 475450816}, "balanceSheetHistory": {"balanceSheetStatements": [{"maxAge": 1, "endDate": "2020-03-31", "cash": 2800000, "netReceivables": 235600000, "inventory": 495700000, "otherCurrentAssets": 48300000, "totalCurrentAssets": 787500000, "propertyPlantEquipment": 1575200000, "intangibleAssets": 300000, "otherAssets": 47900000, "totalAssets": 2410900000, "accountsPayable": 165900000, "shortLongTermDebt": 32900000, "otherCurrentLiab": 30500000, "longTermDebt": 224600000, "otherLiab": 297000000, "deferredLongTermLiab": 800000, "totalCurrentLiabilities": 574500000, "totalLiab": 1098500000, "commonStock": 43200000, "retainedEarnings": 1250000000, "treasuryStock": -5100000, "capitalSurplus": 24300000, "otherStockholderEquity": -5100000, "totalStockholderEquity": 1312400000, "netTangibleAssets": 1312100000}, {"maxAge": 1, "endDate": "2019-03-31", "cash": 1000000, "shortTermInvestments": 1900000, "netReceivables": 293800000, "inventory": 473200000, "otherCurrentAssets": 70900000, "totalCurrentAssets": 842100000, "longTermInvestments": 31100000, "propertyPlantEquipment": 1544900000, "intangibleAssets": 400000, "otherAssets": 49000000, "totalAssets": 2436400000, "accountsPayable": 176000000, "shortLongTermDebt": 60100000, "otherCurrentLiab": 40300000, "longTermDebt": 172500000, "otherLiab": 355900000, "deferredLongTermLiab": 700000, "totalCurrentLiabilities": 686600000, "totalLiab": 1215200000, "commonStock": 43200000, "retainedEarnings": 1157500000, "treasuryStock": -3800000, "capitalSurplus": 24300000, "otherStockholderEquity": -3800000, "totalStockholderEquity": 1221200000, "netTangibleAssets": 1220800000}, {"maxAge": 1, "endDate": "2018-03-31", "cash": 5100000, "netReceivables": 314900000, "inventory": 408700000, "otherCurrentAssets": 51400000, "totalCurrentAssets": 833700000, "longTermInvestments": 653570000, "propertyPlantEquipment": 1467200000, "intangibleAssets": 800000, "otherAssets": 24230000, "totalAssets": 2979500000, "accountsPayable": 139400000, "shortLongTermDebt": 54200000, "otherCurrentLiab": 31300000, "longTermDebt": 167000000, "otherLiab": 367200000, "totalCurrentLiabilities": 543000000, "totalLiab": 1077300000, "commonStock": 43200000, "retainedEarnings": 1840600000, "treasuryStock": -5900000, "capitalSurplus": 24300000, "otherStockholderEquity": -5900000, "totalStockholderEquity": 1902200000, "netTangibleAssets": 1901400000}, {"maxAge": 1, "endDate": "2017-03-31", "cash": 3800000, "netReceivables": 325700000, "inventory": 464900000, "otherCurrentAssets": 56900000, "totalCurrentAssets": 884700000, "longTermInvestments": 550770000, "propertyPlantEquipment": 1330700000, "intangibleAssets": 900000, "otherAssets": 17730000, "deferredLongTermAssetCharges": 100000, "totalAssets": 2784800000, "accountsPayable": 137300000, "shortLongTermDebt": 43100000, "otherCurrentLiab": 22500000, "longTermDebt": 114100000, "otherLiab": 355600000, "totalCurrentLiabilities": 527200000, "totalLiab": 997000000, "commonStock": 43200000, "retainedEarnings": 1726100000, "treasuryStock": -5800000, "capitalSurplus": 24300000, "otherStockholderEquity": -5800000, "totalStockholderEquity": 1787800000, "netTangibleAssets": 1786900000}], "maxAge": 86400}, "earningsTrend": {"trend": [{"maxAge": 1, "period": "0q", "endDate": "2016-12-31", "growth": {}, "earningsEstimate": {"avg": 0.0, "low": 0.0, "high": 0.0, "yearAgoEps": {}, "numberOfAnalysts": 0, "growth": {}}, "revenueEstimate": {"avg": 0, "low": 0, "high": 0, "numberOfAnalysts": 0, "yearAgoRevenue": {}, "growth": {}}, "epsTrend": {"current": 0.0, "7daysAgo": 0.0, "30daysAgo": 0.0, "60daysAgo": 0.0, "90daysAgo": 0.0}, "epsRevisions": {"upLast7days": 0, "upLast30days": 0, "downLast30days": 0, "downLast90days": {}}}, {"maxAge": 1, "period": "+1q", "endDate": "2017-03-31", "growth": {}, "earningsEstimate": {"avg": 0.0, "low": 0.0, "high": 0.0, "yearAgoEps": {}, "numberOfAnalysts": 0, "growth": {}}, "revenueEstimate": {"avg": 652291000, "low": 0, "high": 0, "numberOfAnalysts": 0, "yearAgoRevenue": {}, "growth": {}}, "epsTrend": {"current": 0.0, "7daysAgo": 0.0, "30daysAgo": 0.0, "60daysAgo": 0.0, "90daysAgo": 0.0}, "epsRevisions": {"upLast7days": 0, "upLast30days": 0, "downLast30days": 0, "downLast90days": {}}}, {"maxAge": 1, "period": "0y", "endDate": "2017-03-31", "growth": {}, "earningsEstimate": {"avg": 0.0, "low": 0.0, "high": 0.0, "yearAgoEps": {}, "numberOfAnalysts": 0, "growth": {}}, "revenueEstimate": {"avg": 2542800000, "low": 2905290000, "high": 2905290000, "numberOfAnalysts": 1, "yearAgoRevenue": {}, "growth": {}}, "epsTrend": {"current": 0.0, "7daysAgo": 10.42, "30daysAgo": 10.42, "60daysAgo": 10.42, "90daysAgo": 10.42}, "epsRevisions": {"upLast7days": 0, "upLast30days": 0, "downLast30days": 0, "downLast90days": {}}}, {"maxAge": 1, "period": "+1y", "endDate": "2018-03-31", "growth": {}, "earningsEstimate": {"avg": 0.0, "low": 0.0, "high": 0.0, "yearAgoEps": {}, "numberOfAnalysts": 0, "growth": {}}, "revenueEstimate": {"avg": 3224870000, "low": 3224870000, "high": 3224870000, "numberOfAnalysts": 1, "yearAgoRevenue": 2542800000, "growth": 0.268}, "epsTrend": {"current": 0.0, "7daysAgo": 11.57, "30daysAgo": 11.57, "60daysAgo": 11.57, "90daysAgo": 11.57}, "epsRevisions": {"upLast7days": 0, "upLast30days": 0, "downLast30days": 0, "downLast90days": {}}}, {"maxAge": 1, "period": "+5y", "endDate": null, "growth": {}, "earningsEstimate": {"avg": {}, "low": {}, "high": {}, "yearAgoEps": {}, "numberOfAnalysts": {}, "growth": {}}, "revenueEstimate": {"avg": {}, "low": {}, "high": {}, "numberOfAnalysts": {}, "yearAgoRevenue": {}, "growth": {}}, "epsTrend": {"current": {}, "7daysAgo": {}, "30daysAgo": {}, "60daysAgo": {}, "90daysAgo": {}}, "epsRevisions": {"upLast7days": {}, "upLast30days": {}, "downLast30days": {}, "downLast90days": {}}}, {"maxAge": 1, "period": "-5y", "endDate": null, "growth": {}, "earningsEstimate": {"avg": {}, "low": {}, "high": {}, "yearAgoEps": {}, "numberOfAnalysts": {}, "growth": {}}, "revenueEstimate": {"avg": {}, "low": {}, "high": {}, "numberOfAnalysts": {}, "yearAgoRevenue": {}, "growth": {}}, "epsTrend": {"current": {}, "7daysAgo": {}, "30daysAgo": {}, "60daysAgo": {}, "90daysAgo": {}}, "epsRevisions": {"upLast7days": {}, "upLast30days": {}, "downLast30days": {}, "downLast90days": {}}}], "maxAge": 1}, "financialData": {"maxAge": 86400, "currentPrice": 22.0, "targetHighPrice": 58.0, "targetLowPrice": 58.0, "targetMeanPrice": 58.0, "targetMedianPrice": 58.0, "recommendationMean": 2.0, "recommendationKey": "buy", "numberOfAnalystOpinions": 1, "grossProfits": 1175000000, "financialCurrency": "INR"}}}