{"APOLLO.BO": {"cashflowStatementHistory": {"cashflowStatements": [{"maxAge": 1, "endDate": "2020-03-31", "netIncome": 140112777, "depreciation": 98954464, "changeToNetincome": 189302721, "changeToAccountReceivables": 338361660, "changeToLiabilities": 199054647, "changeToInventory": -350654932, "changeToOperatingActivities": -146024699, "totalCashFromOperatingActivities": 469106638, "capitalExpenditures": -266071491, "otherCashflowsFromInvestingActivities": 79205616, "totalCashflowsFromInvestingActivities": -186865875, "netBorrowings": -209258934, "otherCashflowsFromFinancingActivities": -151044734, "totalCashFromFinancingActivities": -360303668, "changeInCash": -78062905}, {"maxAge": 1, "endDate": "2019-03-31", "netIncome": 291185266, "depreciation": 61950838, "changeToNetincome": 56715986, "changeToAccountReceivables": -546051357, "changeToLiabilities": -561991195, "changeToInventory": -10827920, "changeToOperatingActivities": -20293906, "totalCashFromOperatingActivities": -729312288, "capitalExpenditures": -186119644, "otherCashflowsFromInvestingActivities": 822232360, "totalCashflowsFromInvestingActivities": 636112716, "dividendsPaid": -25031968, "netBorrowings": 260431226, "otherCashflowsFromFinancingActivities": -135797212, "totalCashFromFinancingActivities": 99602046, "changeInCash": 6402475}, {"maxAge": 1, "endDate": "2018-03-31", "netIncome": 191665200, "depreciation": 64984582, "changeToNetincome": 170452734, "changeToAccountReceivables": -432461597, "changeToLiabilities": 253581139, "changeToInventory": -577201914, "changeToOperatingActivities": -95558274, "totalCashFromOperatingActivities": -424538130, "capitalExpenditures": -213881917, "otherCashflowsFromInvestingActivities": -882674421, "totalCashflowsFromInvestingActivities": -1096556338, "dividendsPaid": -25031968, "netBorrowings": -89519141, "otherCashflowsFromFinancingActivities": -210494921, "totalCashFromFinancingActivities": 1517646036, "changeInCash": -3448432, "issuanceOfStock": 1817660098}, {"maxAge": 1, "endDate": "2017-03-31", "netIncome": 174534963, "depreciation": 39259661, "changeToNetincome": 178463951, "changeToAccountReceivables": 148736889, "changeToLiabilities": -36947775, "changeToInventory": -414774477, "changeToOperatingActivities": 49160864, "totalCashFromOperatingActivities": 138434076, "capitalExpenditures": -155178838, "otherCashflowsFromInvestingActivities": -13636030, "totalCashflowsFromInvestingActivities": -168814868, "dividendsPaid": -25031968, "netBorrowings": 1677565, "otherCashflowsFromFinancingActivities": -114375551, "totalCashFromFinancingActivities": -112697986, "changeInCash": -143078778, "issuanceOfStock": 1817660098}], "maxAge": 86400}, "institutionOwnership": {"maxAge": 1, "ownershipList": []}, "balanceSheetHistoryQuarterly": {"balanceSheetStatements": [{"maxAge": 1, "endDate": "2020-06-30", "totalStockholderEquity": 2959152082, "netTangibleAssets": 2958349302}, {"maxAge": 1, "endDate": "2020-03-31", "cash": 880071, "netReceivables": 1356739547, "inventory": 2248266220, "otherCurrentAssets": 172712404, "totalCurrentAssets": 3782518844, "propertyPlantEquipment": 867846225, "intangibleAssets": 802780, "otherAssets": -1, "totalAssets": 4651167848, "accountsPayable": 569362672, "shortLongTermDebt": 4716610, "otherCurrentLiab": 78221597, "longTermDebt": 88591, "otherLiab": 139337261, "totalCurrentLiabilities": 1552589915, "totalLiab": 1692015767, "commonStock": 207588860, "retainedEarnings": 1097806558, "capitalSurplus": 1653756663, "totalStockholderEquity": 2959152081, "netTangibleAssets": 2958349301}, {"maxAge": 1, "endDate": "2019-12-31", "totalStockholderEquity": 2882177934, "netTangibleAssets": 2882177934}, {"maxAge": 1, "endDate": "2019-09-30", "cash": 218667854, "netReceivables": 1654506544, "inventory": 1817786190, "otherCurrentAssets": 116643563, "totalCurrentAssets": 3807604151, "propertyPlantEquipment": 796927755, "totalAssets": 4604531906, "accountsPayable": 495474802, "otherCurrentLiab": 140694217, "longTermDebt": 249876, "otherLiab": 130558674, "totalCurrentLiabilities": 1591545422, "totalLiab": 1722353972, "commonStock": 207588860, "treasuryStock": 2674589074, "otherStockholderEquity": 2674589074, "totalStockholderEquity": 2882177934, "netTangibleAssets": 2882177934}], "maxAge": 86400}, "indexTrend": {"maxAge": 1, "symbol": "SP5", "peRatio": 19.7411, "pegRatio": 1.34172, "estimates": [{"period": "0q", "growth": 0.549}, {"period": "+1q", "growth": 0.431}, {"period": "0y", "growth": 0.305}, {"period": "+1y", "growth": 0.109}, {"period": "+5y", "growth": 0.120865}, {"period": "-5y"}]}, "insiderTransactions": {"transactions": [{"maxAge": 1, "shares": 1000, "filerUrl": "", "transactionText": "", "filerName": "Chiluveru (Bhagyalaxmi)", "filerRelation": "UNREPORTED", "moneyText": "", "startDate": "2020-02-18", "ownership": "D"}, {"maxAge": 1, "shares": 500, "filerUrl": "", "transactionText": "", "filerName": "Chiluveru (Bhagyalaxmi)", "filerRelation": "UNREPORTED", "moneyText": "", "startDate": "2020-02-17", "ownership": "D"}, {"maxAge": 1, "shares": 1762, "filerUrl": "", "transactionText": "", "filerName": "Chiluveru (Bhagyalaxmi)", "filerRelation": "UNREPORTED", "moneyText": "", "startDate": "2020-02-14", "ownership": "D"}, {"maxAge": 1, "shares": 200, "filerUrl": "", "transactionText": "", "filerName": "Reddy (Ramidi Narsimha)", "filerRelation": "Chief Operating Officer", "moneyText": "", "startDate": "2019-06-13", "ownership": "D"}, {"maxAge": 1, "shares": 500, "filerUrl": "", "transactionText": "", "filerName": "Reddy (Ramidi Narsimha)", "filerRelation": "Chief Operating Officer", "moneyText": "", "startDate": "2019-05-24", "ownership": "D"}, {"maxAge": 1, "shares": 50, "filerUrl": "", "transactionText": "", "filerName": "Apurva", "filerRelation": "UNREPORTED", "moneyText": "", "startDate": "2019-03-29", "ownership": "D"}, {"maxAge": 1, "shares": 1100, "filerUrl": "", "transactionText": "", "filerName": "Siva Prasad (Chandrapati Venkata)", "filerRelation": "Wholetime Director", "moneyText": "", "startDate": "2019-03-28", "ownership": "D"}, {"maxAge": 1, "shares": 650, "filerUrl": "", "transactionText": "", "filerName": "Sathaiah (Aerpula)", "filerRelation": "UNREPORTED", "moneyText": "", "startDate": "2019-03-28", "ownership": "D"}, {"maxAge": 1, "shares": 150, "filerUrl": "", "transactionText": "", "filerName": "Apurva", "filerRelation": "UNREPORTED", "moneyText": "", "startDate": "2019-03-28", "ownership": "D"}, {"maxAge": 1, "shares": 400, "filerUrl": "", "transactionText": "", "filerName": "Rapaka (Mahesh)", "filerRelation": "UNREPORTED", "moneyText": "", "startDate": "2019-03-28", "ownership": "D"}, {"maxAge": 1, "shares": 650, "filerUrl": "", "transactionText": "", "filerName": "Rampalli (Shivshankar)", "filerRelation": "UNREPORTED", "moneyText": "", "startDate": "2019-03-28", "ownership": "D"}, {"maxAge": 1, "shares": 750, "filerUrl": "", "transactionText": "", "filerName": "Kumar (Srikanth B)", "filerRelation": "UNREPORTED", "moneyText": "", "startDate": "2019-03-28", "ownership": "D"}, {"maxAge": 1, "shares": 700, "filerUrl": "", "transactionText": "", "filerName": "Chiluveru (Bhagyalaxmi)", "filerRelation": "UNREPORTED", "moneyText": "", "startDate": "2019-03-07", "ownership": "D"}, {"maxAge": 1, "shares": 3663, "filerUrl": "", "transactionText": "", "filerName": "Apollo Employees Foundation", "filerRelation": "Institution- Corporation", "moneyText": "", "startDate": "2019-02-19", "ownership": "D"}, {"maxAge": 1, "shares": 155, "filerUrl": "", "transactionText": "", "filerName": "Apollo Employees Foundation", "filerRelation": "Institution- Corporation", "moneyText": "", "startDate": "2019-02-18", "ownership": "D"}, {"maxAge": 1, "shares": 1182, "filerUrl": "", "transactionText": "", "filerName": "Apollo Employees Foundation", "filerRelation": "Institution- Corporation", "moneyText": "", "startDate": "2019-02-15", "ownership": "D"}], "maxAge": 1}, "quoteType": {"exchange": "BSE", "quoteType": "EQUITY", "symbol": "APOLLO.BO", "underlyingSymbol": "APOLLO.BO", "shortName": "Apollo Micro Systems Limited", "longName": "Apollo Micro Systems Limited", "firstTradeDateEpochUtc": "2018-01-22 09:15:00", "timeZoneFullName": "Asia/Kolkata", "timeZoneShortName": "IST", "uuid": "3669829d-34b5-3e74-968b-fef8564a9c80", "messageBoardId": null, "gmtOffSetMilliseconds": 19800000, "maxAge": 1}, "incomeStatementHistory": {"incomeStatementHistory": [{"maxAge": 1, "endDate": "2020-03-31", "totalRevenue": 2459041260, "costOfRevenue": 1807517216, "grossProfit": 651524044, "researchDevelopment": {}, "sellingGeneralAdministrative": 89123209, "nonRecurring": {}, "otherOperatingExpenses": 75750370, "totalOperatingExpenses": 2071345259, "operatingIncome": 387696001, "totalOtherIncomeExpenseNet": -135086800, "ebit": 387696001, "interestExpense": -107511015, "incomeBeforeTax": 252609201, "incomeTaxExpense": 112496424, "minorityInterest": {}, "netIncomeFromContinuingOps": 140112777, "discontinuedOperations": {}, "extraordinaryItems": {}, "effectOfAccountingCharges": {}, "otherItems": {}, "netIncome": 140112777, "netIncomeApplicableToCommonShares": 140112777}, {"maxAge": 1, "endDate": "2019-03-31", "totalRevenue": 2629753244, "costOfRevenue": 1991317249, "grossProfit": 638435995, "researchDevelopment": {}, "sellingGeneralAdministrative": 87743853, "nonRecurring": {}, "otherOperatingExpenses": 66403003, "totalOperatingExpenses": 2207414943, "operatingIncome": 422338301, "totalOtherIncomeExpenseNet": -95340375, "ebit": 422338301, "interestExpense": -93831001, "incomeBeforeTax": 326997926, "incomeTaxExpense": 35812660, "minorityInterest": {}, "netIncomeFromContinuingOps": 291185266, "discontinuedOperations": {}, "extraordinaryItems": {}, "effectOfAccountingCharges": {}, "otherItems": {}, "netIncome": 291185266, "netIncomeApplicableToCommonShares": 291185266}, {"maxAge": 1, "endDate": "2018-03-31", "totalRevenue": 2204613913, "costOfRevenue": 1604112599, "grossProfit": 600501314, "researchDevelopment": {}, "sellingGeneralAdministrative": 75085768, "nonRecurring": {}, "otherOperatingExpenses": 33199265, "totalOperatingExpenses": 1777382214, "operatingIncome": 427231699, "totalOtherIncomeExpenseNet": -117650763, "ebit": 427231699, "interestExpense": -90086584, "incomeBeforeTax": 309580936, "incomeTaxExpense": 117915736, "minorityInterest": {}, "netIncomeFromContinuingOps": 191665200, "discontinuedOperations": {}, "extraordinaryItems": {}, "effectOfAccountingCharges": {}, "otherItems": {}, "netIncome": 191665200, "netIncomeApplicableToCommonShares": 191665200}, {"maxAge": 1, "endDate": "2017-03-31", "totalRevenue": 2008670952, "costOfRevenue": 1514156431, "grossProfit": 494514521, "researchDevelopment": {}, "sellingGeneralAdministrative": 66986795, "nonRecurring": {}, "otherOperatingExpenses": 21401430, "totalOperatingExpenses": 1641804317, "operatingIncome": 366866635, "totalOtherIncomeExpenseNet": -95634266, "ebit": 366866635, "interestExpense": -87447993, "incomeBeforeTax": 271232369, "incomeTaxExpense": 96697406, "minorityInterest": {}, "netIncomeFromContinuingOps": 174534963, "discontinuedOperations": {}, "extraordinaryItems": {}, "effectOfAccountingCharges": {}, "otherItems": {}, "netIncome": 174534963, "netIncomeApplicableToCommonShares": 174534963}], "maxAge": 86400}, "fundOwnership": {"maxAge": 1, "ownershipList": []}, "summaryDetail": {"maxAge": 1, "priceHint": 2, "previousClose": 110.45, "open": 107.0, "dayLow": 100.05, "dayHigh": 108.9, "regularMarketPreviousClose": 110.45, "regularMarketOpen": 107.0, "regularMarketDayLow": 100.05, "regularMarketDayHigh": 108.9, "trailingPE": 18.392345, "volume": 74212, "regularMarketVolume": 74212, "averageVolume": 26946, "averageVolume10days": 27769, "averageDailyVolume10Day": 27769, "bid": 102.85, "ask": 102.85, "bidSize": 0, "askSize": 0, "marketCap": 2135567104, "fiftyTwoWeekLow": 40.0, "fiftyTwoWeekHigh": 155.2, "fiftyDayAverage": 124.62572, "twoHundredDayAverage": 119.12846, "trailingAnnualDividendRate": 0.5, "trailingAnnualDividendYield": 0.0045269355, "currency": "INR", "fromCurrency": null, "toCurrency": null, "lastMarket": null, "algorithm": null, "tradeable": false}, "incomeStatementHistoryQuarterly": {"incomeStatementHistory": [{"maxAge": 1, "endDate": "2020-06-30", "totalRevenue": 237389849, "costOfRevenue": 149927256, "grossProfit": 87462593, "researchDevelopment": {}, "sellingGeneralAdministrative": 14724645, "nonRecurring": {}, "otherOperatingExpenses": 10645941, "totalOperatingExpenses": 195841469, "operatingIncome": 41548380, "totalOtherIncomeExpenseNet": -29550289, "ebit": 41548380, "interestExpense": -31225175, "incomeBeforeTax": 11998091, "incomeTaxExpense": 2374051, "minorityInterest": {}, "netIncomeFromContinuingOps": 9624040, "discontinuedOperations": {}, "extraordinaryItems": {}, "effectOfAccountingCharges": {}, "otherItems": {}, "netIncome": 9624040, "netIncomeApplicableToCommonShares": 9624040}, {"maxAge": 1, "endDate": "2020-03-31", "totalRevenue": 731288624, "costOfRevenue": 594147945, "grossProfit": 137140679, "researchDevelopment": {}, "sellingGeneralAdministrative": 31776349, "nonRecurring": {}, "otherOperatingExpenses": 2025118, "totalOperatingExpenses": 652706580, "operatingIncome": 78582044, "totalOtherIncomeExpenseNet": -38374564, "ebit": 78582044, "interestExpense": -1412987, "incomeBeforeTax": 40207480, "incomeTaxExpense": 25952699, "minorityInterest": {}, "netIncomeFromContinuingOps": 14254781, "discontinuedOperations": {}, "extraordinaryItems": {}, "effectOfAccountingCharges": {}, "otherItems": {}, "netIncome": 14254781, "netIncomeApplicableToCommonShares": 14254781}, {"maxAge": 1, "endDate": "2019-12-31", "totalRevenue": 717517908, "costOfRevenue": 516896071, "grossProfit": 200621837, "researchDevelopment": {}, "sellingGeneralAdministrative": 19323375, "nonRecurring": {}, "otherOperatingExpenses": 22000883, "totalOperatingExpenses": 583385126, "operatingIncome": 134132782, "totalOtherIncomeExpenseNet": -32839897, "ebit": 134132782, "interestExpense": -35301256, "incomeBeforeTax": 101292885, "incomeTaxExpense": 37891220, "minorityInterest": {}, "netIncomeFromContinuingOps": 63401665, "discontinuedOperations": {}, "extraordinaryItems": {}, "effectOfAccountingCharges": {}, "otherItems": {}, "netIncome": 63401665, "netIncomeApplicableToCommonShares": 63401665}, {"maxAge": 1, "endDate": "2019-09-30", "totalRevenue": 569081203, "costOfRevenue": 406034957, "grossProfit": 163046246, "researchDevelopment": {}, "sellingGeneralAdministrative": 19268702, "nonRecurring": {}, "otherOperatingExpenses": 30415848, "totalOperatingExpenses": 480577439, "operatingIncome": 88503764, "totalOtherIncomeExpenseNet": -36319031, "ebit": 88503764, "interestExpense": -38462332, "incomeBeforeTax": 52184733, "incomeTaxExpense": 23252371, "minorityInterest": {}, "netIncomeFromContinuingOps": 28932362, "discontinuedOperations": {}, "extraordinaryItems": {}, "effectOfAccountingCharges": {}, "otherItems": {}, "netIncome": 28932362, "netIncomeApplicableToCommonShares": 28932362}], "maxAge": 86400}, "cashflowStatementHistoryQuarterly": {"cashflowStatements": [{"maxAge": 1, "endDate": "2020-06-30", "netIncome": 9624040, "changeToLiabilities": 0}, {"maxAge": 1, "endDate": "2020-03-31", "netIncome": 14254781, "changeToLiabilities": 0}, {"maxAge": 1, "endDate": "2019-12-31", "netIncome": 63401665, "changeToLiabilities": 0}, {"maxAge": 1, "endDate": "2019-09-30", "netIncome": 28932362, "changeToLiabilities": 0}], "maxAge": 86400}, "insiderHolders": {"holders": [{"maxAge": 1, "name": "Apollo Employees Foundation", "relation": "Institution- Corporation", "url": "", "transactionDescription": "Acquisition", "latestTransDate": "2019-02-19", "positionDirect": 5000, "positionDirectDate": "2019-02-19"}, {"maxAge": 1, "name": "Apurva", "relation": "UNREPORTED", "url": "", "transactionDescription": "Acquisition", "latestTransDate": "2019-03-29", "positionDirect": 50, "positionDirectDate": "2019-03-29"}, {"maxAge": 1, "name": "Chiluveru (Bhagyalaxmi)", "relation": "UNREPORTED", "url": "", "transactionDescription": "Acquisition", "latestTransDate": "2020-02-18", "positionDirect": 5000, "positionDirectDate": "2020-02-18"}, {"maxAge": 1, "name": "Kumar (Srikanth B)", "relation": "UNREPORTED", "url": "", "transactionDescription": "Sale", "latestTransDate": "2019-03-28", "positionDirect": 0, "positionDirectDate": "2019-03-28"}, {"maxAge": 1, "name": "Rampalli (Shivshankar)", "relation": "UNREPORTED", "url": "", "transactionDescription": "Sale", "latestTransDate": "2019-03-28", "positionDirect": 100, "positionDirectDate": "2019-03-28"}, {"maxAge": 1, "name": "Rapaka (Mahesh)", "relation": "UNREPORTED", "url": "", "transactionDescription": "Sale", "latestTransDate": "2019-03-28", "positionDirect": 100, "positionDirectDate": "2019-03-28"}, {"maxAge": 1, "name": "Reddy (Ramidi Narsimha)", "relation": "Chief Operating Officer", "url": "", "transactionDescription": "Acquisition", "latestTransDate": "2019-06-13", "positionDirect": 1058, "positionDirectDate": "2019-06-13"}, {"maxAge": 1, "name": "Sathaiah (Aerpula)", "relation": "UNREPORTED", "url": "", "transactionDescription": "Sale", "latestTransDate": "2019-03-28", "positionDirect": 100, "positionDirectDate": "2019-03-28"}, {"maxAge": 1, "name": "Siva Prasad (Chandrapati Venkata)", "relation": "Wholetime Director", "url": "", "transactionDescription": "Sale", "latestTransDate": "2019-03-28", "positionDirect": 50000, "positionDirectDate": "2019-03-28"}], "maxAge": 1}, "calendarEvents": {"maxAge": 1, "earnings": {"earningsDate": ["2020-08-29 05:30:S"]}}, "price": {"maxAge": 1, "regularMarketChangePercent": -0.068809405, "regularMarketChange": -7.5999985, "regularMarketTime": "2021-04-30 15:49:20", "priceHint": 2, "regularMarketPrice": 102.85, "regularMarketDayHigh": 108.9, "regularMarketDayLow": 100.05, "regularMarketVolume": 74212, "averageDailyVolume10Day": 27769, "averageDailyVolume3Month": 26946, "regularMarketPreviousClose": 110.45, "regularMarketSource": "FREE_REALTIME", "regularMarketOpen": 107.0, "exchange": "BSE", "exchangeName": "BSE", "exchangeDataDelayedBy": 0, "marketState": "CLOSED", "quoteType": "EQUITY", "symbol": "APOLLO.BO", "underlyingSymbol": null, "shortName": "Apollo Micro Systems Limited", "longName": "Apollo Micro Systems Limited", "currency": "INR", "quoteSourceName": "Delayed Quote", "currencySymbol": "\u20b9", "fromCurrency": null, "toCurrency": null, "lastMarket": null, "marketCap": 2135567104}, "balanceSheetHistory": {"balanceSheetStatements": [{"maxAge": 1, "endDate": "2020-03-31", "cash": 880071, "netReceivables": 1356739547, "inventory": 2248266220, "otherCurrentAssets": 172712404, "totalCurrentAssets": 3782518844, "propertyPlantEquipment": 867846225, "intangibleAssets": 802780, "otherAssets": -1, "totalAssets": 4651167848, "accountsPayable": 569362672, "shortLongTermDebt": 4716610, "otherCurrentLiab": 78221597, "longTermDebt": 88591, "otherLiab": 139337261, "totalCurrentLiabilities": 1552589915, "totalLiab": 1692015767, "commonStock": 207588860, "retainedEarnings": 1097806558, "capitalSurplus": 1653756663, "totalStockholderEquity": 2959152081, "netTangibleAssets": 2958349301}, {"maxAge": 1, "endDate": "2019-03-31", "cash": 78942976, "netReceivables": 1702413730, "inventory": 1821352261, "otherCurrentAssets": 200350094, "totalCurrentAssets": 3804938581, "propertyPlantEquipment": 701531978, "totalAssets": 4506470559, "accountsPayable": 370308025, "shortLongTermDebt": 43210264, "otherCurrentLiab": 69090013, "longTermDebt": 3551595, "otherLiab": 100334191, "totalCurrentLiabilities": 1583317150, "totalLiab": 1687202936, "commonStock": 207588860, "retainedEarnings": 957922100, "treasuryStock": 2611678763, "capitalSurplus": 1653756663, "otherStockholderEquity": 2611678763, "totalStockholderEquity": 2819267623, "netTangibleAssets": 2819267623}, {"maxAge": 1, "endDate": "2018-03-31", "cash": 72540501, "netReceivables": 1155380117, "inventory": 1780847797, "otherCurrentAssets": 1021790087, "totalCurrentAssets": 4031269265, "propertyPlantEquipment": 577363171, "otherAssets": 25915382, "totalAssets": 4634547818, "accountsPayable": 932299220, "shortLongTermDebt": 89360020, "otherCurrentLiab": 125672880, "longTermDebt": 42538198, "otherLiab": 126238596, "totalCurrentLiabilities": 1909890031, "totalLiab": 2078666825, "commonStock": 207638860, "retainedEarnings": 690860842, "capitalSurplus": 1657381291, "totalStockholderEquity": 2555880993, "netTangibleAssets": 2555880993}, {"maxAge": 1, "endDate": "2017-03-31", "cash": 256130, "netReceivables": 715458477, "inventory": 1171198577, "otherCurrentAssets": 99002902, "totalCurrentAssets": 1986527165, "propertyPlantEquipment": 428465836, "otherAssets": 43590382, "totalAssets": 2458583383, "accountsPayable": 678718081, "shortLongTermDebt": 87056203, "otherCurrentLiab": 176322393, "longTermDebt": 135301739, "otherLiab": 71958310, "totalCurrentLiabilities": 1615059144, "totalLiab": 1822319193, "commonStock": 137117000, "retainedEarnings": 499147190, "totalStockholderEquity": 636264190, "netTangibleAssets": 636264190}], "maxAge": 86400}, "financialData": {"maxAge": 86400, "currentPrice": 102.85, "recommendationKey": "none", "grossProfits": 651524044, "financialCurrency": "INR"}}}