{"APOLLOFI.BO": {"cashflowStatementHistory": {"cashflowStatements": [{"maxAge": 1, "endDate": "2020-03-31", "netIncome": 66437000, "depreciation": 1532000, "changeToNetincome": 26099000, "changeToLiabilities": 6983000, "changeToOperatingActivities": 160116000, "totalCashFromOperatingActivities": 261167000, "capitalExpenditures": -1978000, "investments": -232083000, "otherCashflowsFromInvestingActivities": 240000, "totalCashflowsFromInvestingActivities": -234686000, "netBorrowings": -13207000, "otherCashflowsFromFinancingActivities": -7600000, "totalCashFromFinancingActivities": -20807000, "changeInCash": 5674000}, {"maxAge": 1, "endDate": "2019-03-31", "netIncome": 15387340, "depreciation": 744171, "changeToNetincome": -15224027, "changeToLiabilities": 0, "changeToOperatingActivities": -32596056, "totalCashFromOperatingActivities": -31659558, "capitalExpenditures": -180466, "investments": -38963144, "otherCashflowsFromInvestingActivities": 2106328, "totalCashflowsFromInvestingActivities": -37037282, "netBorrowings": 54010356, "otherCashflowsFromFinancingActivities": -7600000, "totalCashFromFinancingActivities": 54010356, "changeInCash": -14686483}, {"maxAge": 1, "endDate": "2018-03-31", "netIncome": 10856305, "depreciation": 888569, "changeToNetincome": -18847239, "changeToLiabilities": 0, "changeToOperatingActivities": -10275632, "totalCashFromOperatingActivities": -17377997, "capitalExpenditures": -16000, "investments": 34878937, "otherCashflowsFromInvestingActivities": 5054466, "totalCashflowsFromInvestingActivities": 39917403, "netBorrowings": 54010356, "otherCashflowsFromFinancingActivities": -7600000, "totalCashFromFinancingActivities": 54010356, "changeInCash": 22539406}, {"maxAge": 1, "endDate": "2017-03-31", "netIncome": 1135151, "depreciation": 731086, "changeToNetincome": -7765728, "changeToLiabilities": 0, "changeToOperatingActivities": 11088308, "totalCashFromOperatingActivities": 5188817, "capitalExpenditures": -30845, "investments": -7498696, "otherCashflowsFromInvestingActivities": 1702983, "totalCashflowsFromInvestingActivities": -5826558, "netBorrowings": 54010356, "otherCashflowsFromFinancingActivities": -7600000, "totalCashFromFinancingActivities": 54010356, "changeInCash": -637741}], "maxAge": 86400}, "institutionOwnership": {"maxAge": 1, "ownershipList": []}, "balanceSheetHistoryQuarterly": {"balanceSheetStatements": [{"maxAge": 1, "endDate": "2020-06-30", "totalStockholderEquity": 250369000, "netTangibleAssets": 250278000}, {"maxAge": 1, "endDate": "2020-03-31", "cash": 14922000, "netReceivables": 290422000, "totalCurrentAssets": 305344000, "longTermInvestments": 268611000, "propertyPlantEquipment": 11207000, "intangibleAssets": 91000, "otherAssets": 73581000, "deferredLongTermAssetCharges": 7780000, "totalAssets": 658834000, "accountsPayable": 8445000, "otherCurrentLiab": 315462000, "otherLiab": 43755000, "totalCurrentLiabilities": 364710000, "totalLiab": 408465000, "commonStock": 37312000, "treasuryStock": 213057000, "otherStockholderEquity": 213057000, "totalStockholderEquity": 250369000, "netTangibleAssets": 250278000}, {"maxAge": 1, "endDate": "2019-12-31", "totalStockholderEquity": 223794000, "netTangibleAssets": 223688000}, {"maxAge": 1, "endDate": "2019-09-30", "cash": 10070000, "netReceivables": 325319000, "totalCurrentAssets": 335389000, "longTermInvestments": 124185000, "propertyPlantEquipment": 9673000, "intangibleAssets": 106000, "otherAssets": 88134000, "deferredLongTermAssetCharges": 15611000, "totalAssets": 557487000, "accountsPayable": 219582000, "otherCurrentLiab": 14152000, "longTermDebt": 70846000, "otherLiab": 29113000, "totalCurrentLiabilities": 233734000, "totalLiab": 333693000, "commonStock": 37312000, "treasuryStock": 186482000, "otherStockholderEquity": 186482000, "totalStockholderEquity": 223794000, "netTangibleAssets": 223688000}], "maxAge": 86400}, "indexTrend": {"maxAge": 1, "symbol": "SP5", "peRatio": 19.7411, "pegRatio": 1.34172, "estimates": [{"period": "0q", "growth": 0.549}, {"period": "+1q", "growth": 0.431}, {"period": "0y", "growth": 0.305}, {"period": "+1y", "growth": 0.109}, {"period": "+5y", "growth": 0.120859005}, {"period": "-5y"}]}, "insiderTransactions": {"transactions": [{"maxAge": 1, "shares": 185, "filerUrl": "", "transactionText": "", "filerName": "Innani (Dinesh)", "filerRelation": "Promoter", "moneyText": "", "startDate": "2019-01-24", "ownership": "D"}], "maxAge": 1}, "quoteType": {"exchange": "BSE", "quoteType": "EQUITY", "symbol": "APOLLOFI.BO", "underlyingSymbol": "APOLLOFI.BO", "shortName": "APOLLO FINVEST (INDIA) LTD.", "longName": "Apollo Finvest (India) Limited", "firstTradeDateEpochUtc": "2002-02-11 09:15:00", "timeZoneFullName": "Asia/Kolkata", "timeZoneShortName": "IST", "uuid": "7c06cf68-8787-3fed-9da9-d310df4e8b1f", "messageBoardId": null, "gmtOffSetMilliseconds": 19800000, "maxAge": 1}, "incomeStatementHistory": {"incomeStatementHistory": [{"maxAge": 1, "endDate": "2020-03-31", "totalRevenue": 269685000, "costOfRevenue": 149331000, "grossProfit": 120354000, "researchDevelopment": {}, "sellingGeneralAdministrative": 8670000, "nonRecurring": {}, "otherOperatingExpenses": 18675000, "totalOperatingExpenses": 178208000, "operatingIncome": 91477000, "totalOtherIncomeExpenseNet": 41000, "ebit": 0, "interestExpense": {}, "incomeBeforeTax": 91518000, "incomeTaxExpense": 25081000, "minorityInterest": {}, "netIncomeFromContinuingOps": 66437000, "discontinuedOperations": {}, "extraordinaryItems": {}, "effectOfAccountingCharges": {}, "otherItems": {}, "netIncome": 66437000, "netIncomeApplicableToCommonShares": 66437000}, {"maxAge": 1, "endDate": "2019-03-31", "totalRevenue": 25110962, "costOfRevenue": 499327, "grossProfit": 24611635, "researchDevelopment": {}, "sellingGeneralAdministrative": 5820201, "nonRecurring": {}, "otherOperatingExpenses": 2128411, "totalOperatingExpenses": 9221124, "operatingIncome": 15889838, "totalOtherIncomeExpenseNet": 166500, "ebit": 0, "interestExpense": {}, "incomeBeforeTax": 16056338, "incomeTaxExpense": 668998, "minorityInterest": {}, "netIncomeFromContinuingOps": 15387340, "discontinuedOperations": {}, "extraordinaryItems": {}, "effectOfAccountingCharges": {}, "otherItems": {}, "netIncome": 15387340, "netIncomeApplicableToCommonShares": 15387340}, {"maxAge": 1, "endDate": "2018-03-31", "totalRevenue": 17683317, "costOfRevenue": 470834, "grossProfit": 17212483, "researchDevelopment": {}, "sellingGeneralAdministrative": 5147953, "nonRecurring": {}, "otherOperatingExpenses": 504689, "totalOperatingExpenses": 7012045, "operatingIncome": 10671272, "totalOtherIncomeExpenseNet": 473414, "ebit": 0, "interestExpense": {}, "incomeBeforeTax": 11144686, "incomeTaxExpense": 288381, "minorityInterest": {}, "netIncomeFromContinuingOps": 10856305, "discontinuedOperations": {}, "extraordinaryItems": {}, "effectOfAccountingCharges": {}, "otherItems": {}, "netIncome": 10856305, "netIncomeApplicableToCommonShares": 10856305}, {"maxAge": 1, "endDate": "2017-03-31", "totalRevenue": 6318098, "costOfRevenue": 344427, "grossProfit": 5973671, "researchDevelopment": {}, "sellingGeneralAdministrative": 5142529, "nonRecurring": {}, "otherOperatingExpenses": 1617413, "totalOperatingExpenses": 7835455, "operatingIncome": -1517357, "totalOtherIncomeExpenseNet": 542800, "ebit": 0, "interestExpense": {}, "incomeBeforeTax": -974557, "incomeTaxExpense": -2109708, "minorityInterest": {}, "netIncomeFromContinuingOps": 1135151, "discontinuedOperations": {}, "extraordinaryItems": {}, "effectOfAccountingCharges": {}, "otherItems": {}, "netIncome": 1135151, "netIncomeApplicableToCommonShares": 1135151}], "maxAge": 86400}, "fundOwnership": {"maxAge": 1, "ownershipList": []}, "summaryDetail": {"maxAge": 1, "priceHint": 2, "previousClose": 278.75, "open": 288.0, "dayLow": 275.0, "dayHigh": 288.0, "regularMarketPreviousClose": 278.75, "regularMarketOpen": 288.0, "regularMarketDayLow": 275.0, "regularMarketDayHigh": 288.0, "trailingPE": 17.054548, "volume": 1470, "regularMarketVolume": 1470, "averageVolume": 2107, "averageVolume10days": 2598, "averageDailyVolume10Day": 2598, "bid": 279.0, "ask": 279.95, "bidSize": 0, "askSize": 0, "marketCap": 1041753856, "fiftyTwoWeekLow": 158.9, "fiftyTwoWeekHigh": 555.0, "fiftyDayAverage": 335.19427, "twoHundredDayAverage": 404.45877, "currency": "INR", "fromCurrency": null, "toCurrency": null, "lastMarket": null, "algorithm": null, "tradeable": false}, "incomeStatementHistoryQuarterly": {"incomeStatementHistory": [{"maxAge": 1, "endDate": "2020-06-30", "totalRevenue": 31364000, "costOfRevenue": 16390000, "grossProfit": 14974000, "researchDevelopment": {}, "sellingGeneralAdministrative": 2382000, "nonRecurring": {}, "otherOperatingExpenses": -1172000, "totalOperatingExpenses": 18108000, "operatingIncome": 13256000, "totalOtherIncomeExpenseNet": 0, "ebit": 0, "interestExpense": {}, "incomeBeforeTax": 13256000, "incomeTaxExpense": 3030000, "minorityInterest": {}, "netIncomeFromContinuingOps": 10226000, "discontinuedOperations": {}, "extraordinaryItems": {}, "effectOfAccountingCharges": {}, "otherItems": {}, "netIncome": 10226000, "netIncomeApplicableToCommonShares": 10226000}, {"maxAge": 1, "endDate": "2020-03-31", "totalRevenue": 97501000, "costOfRevenue": 64293000, "grossProfit": 33208000, "researchDevelopment": {}, "sellingGeneralAdministrative": 2849000, "nonRecurring": {}, "otherOperatingExpenses": 14987000, "totalOperatingExpenses": 82557000, "operatingIncome": 14944000, "totalOtherIncomeExpenseNet": 43000, "ebit": 0, "interestExpense": {}, "incomeBeforeTax": 14987000, "incomeTaxExpense": 6722000, "minorityInterest": {}, "netIncomeFromContinuingOps": 8265000, "discontinuedOperations": {}, "extraordinaryItems": {}, "effectOfAccountingCharges": {}, "otherItems": {}, "netIncome": 8265000, "netIncomeApplicableToCommonShares": 8265000}, {"maxAge": 1, "endDate": "2019-12-31", "totalRevenue": 76799000, "costOfRevenue": 42262000, "grossProfit": 34537000, "researchDevelopment": {}, "sellingGeneralAdministrative": 3210000, "nonRecurring": {}, "otherOperatingExpenses": 4902000, "totalOperatingExpenses": 50753000, "operatingIncome": 26046000, "totalOtherIncomeExpenseNet": 0, "ebit": 0, "interestExpense": {}, "incomeBeforeTax": 26046000, "incomeTaxExpense": 7700000, "minorityInterest": {}, "netIncomeFromContinuingOps": 18346000, "discontinuedOperations": {}, "extraordinaryItems": {}, "effectOfAccountingCharges": {}, "otherItems": {}, "netIncome": 18346000, "netIncomeApplicableToCommonShares": 18346000}, {"maxAge": 1, "endDate": "2019-09-30", "totalRevenue": 65380000, "costOfRevenue": 33698000, "grossProfit": 31682000, "researchDevelopment": {}, "sellingGeneralAdministrative": 1374000, "nonRecurring": {}, "otherOperatingExpenses": -6139000, "totalOperatingExpenses": 29297000, "operatingIncome": 36083000, "totalOtherIncomeExpenseNet": 41000, "ebit": 0, "interestExpense": {}, "incomeBeforeTax": 36124000, "incomeTaxExpense": 11832000, "minorityInterest": {}, "netIncomeFromContinuingOps": 24292000, "discontinuedOperations": {}, "extraordinaryItems": {}, "effectOfAccountingCharges": {}, "otherItems": {}, "netIncome": 24292000, "netIncomeApplicableToCommonShares": 24292000}], "maxAge": 86400}, "cashflowStatementHistoryQuarterly": {"cashflowStatements": [{"maxAge": 1, "endDate": "2020-06-30", "netIncome": 10226000, "changeToLiabilities": 0}, {"maxAge": 1, "endDate": "2020-03-31", "netIncome": 8265000, "changeToLiabilities": 0}, {"maxAge": 1, "endDate": "2019-12-31", "netIncome": 18346000, "changeToLiabilities": 0}, {"maxAge": 1, "endDate": "2019-09-30", "netIncome": 24292000, "changeToLiabilities": 0}], "maxAge": 86400}, "insiderHolders": {"holders": [{"maxAge": 1, "name": "Innani (Dinesh)", "relation": "Promoter", "url": "", "transactionDescription": "Other", "latestTransDate": "2019-01-24", "positionDirect": 636, "positionDirectDate": "2019-01-24"}], "maxAge": 1}, "calendarEvents": {"maxAge": 1, "earnings": {"earningsDate": []}}, "price": {"maxAge": 1, "regularMarketChangePercent": 0.0016143935, "regularMarketChange": 0.4500122, "regularMarketTime": "2021-04-30 15:24:54", "priceHint": 2, "regularMarketPrice": 279.2, "regularMarketDayHigh": 288.0, "regularMarketDayLow": 275.0, "regularMarketVolume": 1470, "averageDailyVolume10Day": 2598, "averageDailyVolume3Month": 2107, "regularMarketPreviousClose": 278.75, "regularMarketSource": "FREE_REALTIME", "regularMarketOpen": 288.0, "exchange": "BSE", "exchangeName": "BSE", "exchangeDataDelayedBy": 0, "marketState": "CLOSED", "quoteType": "EQUITY", "symbol": "APOLLOFI.BO", "underlyingSymbol": null, "shortName": "APOLLO FINVEST (INDIA) LTD.", "longName": "Apollo Finvest (India) Limited", "currency": "INR", "quoteSourceName": "Delayed Quote", "currencySymbol": "\u20b9", "fromCurrency": null, "toCurrency": null, "lastMarket": null, "marketCap": 1041753856}, "balanceSheetHistory": {"balanceSheetStatements": [{"maxAge": 1, "endDate": "2020-03-31", "cash": 14922000, "netReceivables": 290422000, "totalCurrentAssets": 305344000, "longTermInvestments": 268611000, "propertyPlantEquipment": 11207000, "intangibleAssets": 91000, "otherAssets": 73581000, "deferredLongTermAssetCharges": 7780000, "totalAssets": 658834000, "accountsPayable": 318696000, "otherCurrentLiab": 5211000, "longTermDebt": 40803000, "otherLiab": 43755000, "totalCurrentLiabilities": 323907000, "totalLiab": 408465000, "commonStock": 37312000, "treasuryStock": 213057000, "otherStockholderEquity": 213057000, "totalStockholderEquity": 250369000, "netTangibleAssets": 250278000}, {"maxAge": 1, "endDate": "2019-03-31", "cash": 9247796, "netReceivables": 170990042, "otherCurrentAssets": 840146, "totalCurrentAssets": 181110678, "longTermInvestments": 87817179, "propertyPlantEquipment": 10153028, "intangibleAssets": 120986, "otherAssets": 14470951, "totalAssets": 293672822, "accountsPayable": 1462071, "otherCurrentLiab": 52991815, "otherLiab": 335047, "totalCurrentLiabilities": 111819677, "totalLiab": 112154724, "commonStock": 37312080, "retainedEarnings": 102126325, "treasuryStock": 196000, "capitalSurplus": 41883693, "otherStockholderEquity": 196000, "totalStockholderEquity": 181518098, "netTangibleAssets": 181397112}, {"maxAge": 1, "endDate": "2018-03-31", "cash": 23934279, "netReceivables": 69936195, "otherCurrentAssets": 1370132, "totalCurrentAssets": 95273300, "longTermInvestments": 41938519, "propertyPlantEquipment": 10866733, "otherAssets": 21617892, "totalAssets": 169696444, "accountsPayable": 383480, "otherCurrentLiab": 2467030, "otherLiab": 665515, "totalCurrentLiabilities": 2900171, "totalLiab": 3565686, "commonStock": 37312080, "retainedEarnings": 86738985, "treasuryStock": 196000, "capitalSurplus": 41883693, "otherStockholderEquity": 196000, "totalStockholderEquity": 166130758, "netTangibleAssets": 166130758}, {"maxAge": 1, "endDate": "2017-03-31", "cash": 1394873, "netReceivables": 59402989, "otherCurrentAssets": 813538, "totalCurrentAssets": 61654254, "longTermInvestments": 62567316, "propertyPlantEquipment": 11739303, "otherAssets": 20722087, "totalAssets": 156682960, "accountsPayable": 275938, "otherCurrentLiab": 443447, "otherLiab": 567977, "totalCurrentLiabilities": 840529, "totalLiab": 1408506, "commonStock": 37312080, "retainedEarnings": 75882681, "treasuryStock": 196000, "capitalSurplus": 41883693, "otherStockholderEquity": 196000, "totalStockholderEquity": 155274454, "netTangibleAssets": 155274454}], "maxAge": 86400}, "financialData": {"maxAge": 86400, "currentPrice": 279.2, "recommendationKey": "none", "grossProfits": 120354000, "financialCurrency": "INR"}}}