{"APOLLOHOSP.NS": {"assetProfile": {"address1": "Sunny Side Building", "address2": "3rd Floor East Block No. 8/17 Shafee Mohammed Road", "city": "Chennai", "zip": "600006", "country": "India", "website": "http://www.apollohospitals.com", "industry": "Medical Care Facilities", "sector": "Healthcare", "longBusinessSummary": "Apollo Hospitals Enterprise Limited, together with its subsidiaries, provides healthcare services in India and internationally. The company's healthcare facilities comprise primary, secondary, and tertiary care facilities. Its tertiary care hospitals provide care in approximately 55 specialties, including cardiac sciences, oncology, critical care, neurosciences, orthopedics, gastroenterology, and transplants. The company also provides other services, such as project consultancy, health insurance, and research services. In addition, it operates pharmacies, primary care clinics, birthing centers, specialized birthing centers, single specialty clinics, primary health centers and diagnostic chains, dental clinics, and daycare and home healthcare centers. The company's footprint includes 10,167 beds, 3,428 pharmacies, and 765 retail healthcare centers. Apollo Hospitals Enterprise Limited was founded in 1979 and is based in Chennai, India.", "fullTimeEmployees": 62939, "companyOfficers": [{"maxAge": 1, "name": "Dr. Prathap Chandra Reddy", "age": 88, "title": "Founder & Exec. Chairman", "yearBorn": 1932, "fiscalYear": 2020, "totalPay": 121340000, "exercisedValue": 0, "unexercisedValue": 0}, {"maxAge": 1, "name": "Ms. Suneeta  Reddy", "age": 61, "title": "MD & Exec. Director", "yearBorn": 1959, "fiscalYear": 2020, "totalPay": 47440000, "exercisedValue": 0, "unexercisedValue": 0}, {"maxAge": 1, "name": "Dr. Sangita  Reddy", "age": 58, "title": "Joint MD & Exec. Director", "yearBorn": 1962, "fiscalYear": 2020, "totalPay": 47440000, "exercisedValue": 0, "unexercisedValue": 0}, {"maxAge": 1, "name": "Dr. P. Preetha Reddy", "age": 63, "title": "Exec. Vice-Chairperson", "yearBorn": 1957, "fiscalYear": 2020, "totalPay": 47440000, "exercisedValue": 0, "unexercisedValue": 0}, {"maxAge": 1, "name": "Ms. Shobana  Kamineni", "age": 60, "title": "Exec. Vice Chairperson", "yearBorn": 1960, "fiscalYear": 2020, "totalPay": 47440000, "exercisedValue": 0, "unexercisedValue": 0}, {"maxAge": 1, "name": "Mr. Krishnan  Akhileswaran", "age": 45, "title": "Chief Financial Officer", "yearBorn": 1975, "exercisedValue": 0, "unexercisedValue": 0}, {"maxAge": 1, "name": "Mr. S. M. Krishnan", "age": 51, "title": "VP of Fin., Compliance Officer & Company Sec.", "yearBorn": 1969, "exercisedValue": 0, "unexercisedValue": 0}, {"maxAge": 1, "name": "Mr. Krishnaswami  Padmanabhan", "age": 68, "title": "Group Pres", "yearBorn": 1952, "fiscalYear": 2009, "exercisedValue": 0, "unexercisedValue": 0}, {"maxAge": 1, "name": "Ms. Sindoori  Reddy", "age": 38, "title": "VP of Operations", "yearBorn": 1982, "exercisedValue": 0, "unexercisedValue": 0}, {"maxAge": 1, "name": "Mr. G. Dasaratha Rama Reddy", "age": 65, "title": "Sr. Gen. Mang. of Fin. & Accounts", "yearBorn": 1955, "exercisedValue": 0, "unexercisedValue": 0}], "auditRisk": 6, "boardRisk": 2, "compensationRisk": 1, "shareHolderRightsRisk": 1, "overallRisk": 1, "governanceEpochDate": "2021-04-01 05:30:00", "compensationAsOfEpochDate": "2020-12-31 05:30:00", "maxAge": 86400}, "recommendationTrend": {"trend": [{"period": "0m", "strongBuy": 0, "buy": 0, "hold": 0, "sell": 0, "strongSell": 0}, {"period": "-1m", "strongBuy": 0, "buy": 0, "hold": 0, "sell": 0, "strongSell": 0}, {"period": "-2m", "strongBuy": 0, "buy": 0, "hold": 0, "sell": 0, "strongSell": 0}, {"period": "-3m", "strongBuy": 0, "buy": 0, "hold": 0, "sell": 0, "strongSell": 0}], "maxAge": 86400}, "cashflowStatementHistory": {"cashflowStatements": [{"maxAge": 1, "endDate": "2020-03-31", "netIncome": 4548000000, "depreciation": 5944000000, "changeToNetincome": 2887000000, "changeToAccountReceivables": -773000000, "changeToLiabilities": 1905000000, "changeToInventory": -1531000000, "changeToOperatingActivities": -305000000, "totalCashFromOperatingActivities": 12928000000, "capitalExpenditures": -5130000000, "investments": 2043000000, "otherCashflowsFromInvestingActivities": 155000000, "totalCashflowsFromInvestingActivities": -2888000000, "dividendsPaid": -1551000000, "netBorrowings": -1860000000, "otherCashflowsFromFinancingActivities": -5684000000, "totalCashFromFinancingActivities": -9095000000, "changeInCash": 945000000}, {"maxAge": 1, "endDate": "2019-03-31", "netIncome": 2360000000, "depreciation": 3766000000, "changeToNetincome": 3197000000, "changeToAccountReceivables": -2725000000, "changeToLiabilities": 1076000000, "changeToInventory": -189000000, "changeToOperatingActivities": 1378000000, "totalCashFromOperatingActivities": 9052000000, "capitalExpenditures": -6789000000, "investments": -534000000, "otherCashflowsFromInvestingActivities": 148000000, "totalCashflowsFromInvestingActivities": -7106000000, "dividendsPaid": -837000000, "netBorrowings": 2348000000, "otherCashflowsFromFinancingActivities": -3658000000, "totalCashFromFinancingActivities": -2147000000, "changeInCash": -201000000}, {"maxAge": 1, "endDate": "2018-03-31", "netIncome": 1174180000, "depreciation": 3433020000, "changeToNetincome": 2658580000, "changeToAccountReceivables": -2366510000, "changeToLiabilities": 1104170000, "changeToInventory": -989750000, "changeToOperatingActivities": 198630000, "totalCashFromOperatingActivities": 5369600000, "capitalExpenditures": -6213880000, "investments": 1946470000, "otherCashflowsFromInvestingActivities": 209370000, "totalCashflowsFromInvestingActivities": -4049110000, "dividendsPaid": -1008370000, "netBorrowings": 3018290000, "otherCashflowsFromFinancingActivities": -3178150000, "totalCashFromFinancingActivities": -1084980000, "changeInCash": 235510000, "issuanceOfStock": 83250000}, {"maxAge": 1, "endDate": "2017-03-31", "netIncome": 2209900000, "depreciation": 3060040000, "changeToNetincome": 1660030000, "changeToAccountReceivables": -1618170000, "changeToLiabilities": -1157890000, "changeToInventory": -607340000, "changeToOperatingActivities": 2598590000, "totalCashFromOperatingActivities": 6225510000, "capitalExpenditures": -6734530000, "investments": -4959160000, "otherCashflowsFromInvestingActivities": 127800000, "totalCashflowsFromInvestingActivities": -11518790000, "dividendsPaid": -1008370000, "netBorrowings": 2056660000, "otherCashflowsFromFinancingActivities": -3343000000, "totalCashFromFinancingActivities": 4769550000, "changeInCash": -523730000, "issuanceOfStock": 6055890000}], "maxAge": 86400}, "indexTrend": {"maxAge": 1, "symbol": "SP5", "peRatio": 19.7411, "pegRatio": 1.34172, "estimates": [{"period": "0q", "growth": 0.549}, {"period": "+1q", "growth": 0.431}, {"period": "0y", "growth": 0.305}, {"period": "+1y", "growth": 0.109}, {"period": "+5y", "growth": 0.120865}, {"period": "-5y"}]}, "defaultKeyStatistics": {"maxAge": 1, "priceHint": 2, "enterpriseValue": 491986976768, "profitMargins": 0.01901, "floatShares": 96894298, "sharesOutstanding": 143784992, "heldPercentInsiders": 0.29965, "heldPercentInstitutions": 0.46685, "beta": 0.624486, "category": null, "bookValue": 225.396, "priceToBook": 14.186144, "fundFamily": null, "legalType": null, "lastFiscalYearEnd": "2020-03-31 05:30:00", "nextFiscalYearEnd": "2022-03-31 05:30:00", "mostRecentQuarter": "2020-12-31 05:30:00", "earningsQuarterlyGrowth": 0.416, "netIncomeToCommon": 2018300032, "trailingEps": 14.534, "forwardEps": 29.32, "lastSplitFactor": "2:1", "lastSplitDate": "2010-09-02 05:30:00", "enterpriseToRevenue": 4.635, "enterpriseToEbitda": 53.773, "52WeekChange": 1.3309641, "SandP52WeekChange": 0.48148263, "lastDividendValue": 2.75, "lastDividendDate": 1600300800}, "industryTrend": {"maxAge": 1, "symbol": null, "estimates": []}, "quoteType": {"exchange": "NSI", "quoteType": "EQUITY", "symbol": "APOLLOHOSP.NS", "underlyingSymbol": "APOLLOHOSP.NS", "shortName": "APOLLO HOSPITALS.", "longName": "Apollo Hospitals Enterprise Limited", "firstTradeDateEpochUtc": "2002-07-01 09:15:00", "timeZoneFullName": "Asia/Kolkata", "timeZoneShortName": "IST", "uuid": "1ccfd304-281d-3333-baf0-12539cb971f7", "messageBoardId": "finmb_8888162", "gmtOffSetMilliseconds": 19800000, "maxAge": 1}, "incomeStatementHistory": {"incomeStatementHistory": [{"maxAge": 1, "endDate": "2020-03-31", "totalRevenue": 112468000000, "costOfRevenue": 74796000000, "grossProfit": 37672000000, "researchDevelopment": {}, "sellingGeneralAdministrative": 3348000000, "nonRecurring": {}, "otherOperatingExpenses": 18414000000, "totalOperatingExpenses": 102755000000, "operatingIncome": 9713000000, "totalOtherIncomeExpenseNet": -3144000000, "ebit": 9713000000, "interestExpense": -4633000000, "incomeBeforeTax": 6569000000, "incomeTaxExpense": 2252000000, "minorityInterest": 1307000000, "netIncomeFromContinuingOps": 4317000000, "discontinuedOperations": {}, "extraordinaryItems": {}, "effectOfAccountingCharges": {}, "otherItems": {}, "netIncome": 4548000000, "netIncomeApplicableToCommonShares": 4549000000}, {"maxAge": 1, "endDate": "2019-03-31", "totalRevenue": 96175000000, "costOfRevenue": 63598000000, "grossProfit": 32577000000, "researchDevelopment": {}, "sellingGeneralAdministrative": 5476000000, "nonRecurring": {}, "otherOperatingExpenses": 16404000000, "totalOperatingExpenses": 89433000000, "operatingIncome": 6742000000, "totalOtherIncomeExpenseNet": -3007000000, "ebit": 6742000000, "interestExpense": -2837000000, "incomeBeforeTax": 3735000000, "incomeTaxExpense": 1734000000, "minorityInterest": 1355000000, "netIncomeFromContinuingOps": 2001000000, "discontinuedOperations": {}, "extraordinaryItems": {}, "effectOfAccountingCharges": {}, "otherItems": {}, "netIncome": 2360000000, "netIncomeApplicableToCommonShares": 2360000000}, {"maxAge": 1, "endDate": "2018-03-31", "totalRevenue": 82434680000, "costOfRevenue": 55273910000, "grossProfit": 27160770000, "researchDevelopment": {}, "sellingGeneralAdministrative": 5063860000, "nonRecurring": {}, "otherOperatingExpenses": 13973750000, "totalOperatingExpenses": 78012710000, "operatingIncome": 4421970000, "totalOtherIncomeExpenseNet": -2707350000, "ebit": 4421970000, "interestExpense": -2592070000, "incomeBeforeTax": 1714620000, "incomeTaxExpense": 1119050000, "minorityInterest": 1324370000, "netIncomeFromContinuingOps": 595570000, "discontinuedOperations": {}, "extraordinaryItems": {}, "effectOfAccountingCharges": {}, "otherItems": {}, "netIncome": 1174180000, "netIncomeApplicableToCommonShares": 1174180000}, {"maxAge": 1, "endDate": "2017-03-31", "totalRevenue": 72557030000, "costOfRevenue": 48840180000, "grossProfit": 23716850000, "researchDevelopment": {}, "sellingGeneralAdministrative": 4555680000, "nonRecurring": {}, "otherOperatingExpenses": 11638780000, "totalOperatingExpenses": 68359510000, "operatingIncome": 4197520000, "totalOtherIncomeExpenseNet": -1976730000, "ebit": 4197520000, "interestExpense": -2284330000, "incomeBeforeTax": 2220790000, "incomeTaxExpense": 909590000, "minorityInterest": 1245750000, "netIncomeFromContinuingOps": 1311200000, "discontinuedOperations": {}, "extraordinaryItems": {}, "effectOfAccountingCharges": {}, "otherItems": {}, "netIncome": 2209900000, "netIncomeApplicableToCommonShares": 2209900000}], "maxAge": 86400}, "fundOwnership": {"maxAge": 1, "ownershipList": [{"maxAge": 1, "reportDate": "2020-12-31", "organization": "Touchstone Strategic Tr-Touchstone Sands Cap Emerging Markets Grw Fd", "pctHeld": 0.022, "position": 3161487, "value": 7628035833}, {"maxAge": 1, "reportDate": "2021-01-31", "organization": "Vanguard International Stock Index-Total Intl Stock Indx", "pctHeld": 0.0092, "position": 1319308, "value": 3379077615}, {"maxAge": 1, "reportDate": "2021-01-31", "organization": "Vanguard International Stock Index-Emerging Markets Stk", "pctHeld": 0.0092, "position": 1317247, "value": 3373798878}, {"maxAge": 1, "reportDate": "2021-01-31", "organization": "AB Sustainable Global Thematic Fund", "pctHeld": 0.008, "position": 1154481, "value": 2956914461}, {"maxAge": 1, "reportDate": "2021-01-31", "organization": "Old Westbury Large Cap Strategies Fund", "pctHeld": 0.0078, "position": 1128399, "value": 2890111938}, {"maxAge": 1, "reportDate": "2021-03-31", "organization": "iShares Core MSCI Emerging Markets ETF", "pctHeld": 0.0056, "position": 803873, "value": 2333361963}, {"maxAge": 1, "reportDate": "2020-12-31", "organization": "Driehaus Emerging Markets Growth Fund", "pctHeld": 0.005, "position": 718510, "value": 1733620928}, {"maxAge": 1, "reportDate": "2021-03-31", "organization": "iShares MSCI India ETF", "pctHeld": 0.0044, "position": 633410, "value": 1838567536}, {"maxAge": 1, "reportDate": "2021-01-31", "organization": "Mirae Asset Discovery Fds-Emerging Markets Great Consumer Fd", "pctHeld": 0.003, "position": 438174, "value": 1122273157}, {"maxAge": 1, "reportDate": "2021-02-28", "organization": "AB Sustainable International Thematic Fund", "pctHeld": 0.0028, "position": 408134, "value": 1248339059}]}, "summaryDetail": {"maxAge": 1, "priceHint": 2, "previousClose": 3238.9, "open": 3256.0, "dayLow": 3182.8, "dayHigh": 3310.0, "regularMarketPreviousClose": 3238.9, "regularMarketOpen": 3256.0, "regularMarketDayLow": 3182.8, "regularMarketDayHigh": 3310.0, "dividendRate": 6.0, "dividendYield": 0.0019, "exDividendDate": "2020-09-17 05:30:00", "payoutRatio": 0.41349998, "beta": 0.624486, "trailingPE": 220.00137, "forwardPE": 109.05525, "volume": 906434, "regularMarketVolume": 906434, "averageVolume": 1152270, "averageVolume10days": 781779, "averageDailyVolume10Day": 781779, "bid": 0.0, "ask": 0.0, "bidSize": 0, "askSize": 0, "marketCap": 459752505344, "fiftyTwoWeekLow": 1252.65, "fiftyTwoWeekHigh": 3334.1, "priceToSalesTrailing12Months": 4.331367, "fiftyDayAverage": 3028.8955, "twoHundredDayAverage": 2627.8406, "trailingAnnualDividendRate": 2.75, "trailingAnnualDividendYield": 0.00084905373, "currency": "INR", "fromCurrency": null, "toCurrency": null, "lastMarket": null, "algorithm": null, "tradeable": false}, "insiderHolders": {"holders": [{"maxAge": 1, "name": "Indian Hospitals Corporation Ltd.", "relation": "Promoter", "url": "", "transactionDescription": "Acquisition", "latestTransDate": "2018-05-10", "positionDirect": 61704, "positionDirectDate": "2018-05-10"}, {"maxAge": 1, "name": "Life Insurance Corporation of India", "relation": "Institution- Corporation", "url": "", "transactionDescription": "Sale", "latestTransDate": "2020-11-04", "positionDirect": 4157461, "positionDirectDate": "2020-11-04"}, {"maxAge": 1, "name": "Reddy (Aditya)", "relation": "Promoter", "url": "", "transactionDescription": "Other", "latestTransDate": "2020-03-31", "positionDirect": 10200, "positionDirectDate": "2020-03-31"}, {"maxAge": 1, "name": "Reddy (Harshad)", "relation": "Promoter", "url": "", "transactionDescription": "Acquisition", "latestTransDate": "2020-03-20", "positionDirect": 327900, "positionDirectDate": "2020-03-20"}, {"maxAge": 1, "name": "Reddy (Karthik Anand)", "relation": "Promoter", "url": "", "transactionDescription": "Acquisition", "latestTransDate": "2020-03-25", "positionDirect": 345238, "positionDirectDate": "2020-03-25"}, {"maxAge": 1, "name": "Reddy (Prathap C)", "relation": "Executive Chairman", "url": "", "transactionDescription": "Sale", "latestTransDate": "2019-09-11", "positionDirect": 245464, "positionDirectDate": "2019-09-11"}, {"maxAge": 1, "name": "Reddy (Sindoori)", "relation": "Promoter", "url": "", "transactionDescription": "Other", "latestTransDate": "2020-03-31", "positionDirect": 318600, "positionDirectDate": "2020-03-31"}, {"maxAge": 1, "name": "Reddy (Sucharitha P)", "relation": "UNREPORTED", "url": "", "transactionDescription": "Sale", "latestTransDate": "2019-09-11", "positionDirect": 169800, "positionDirectDate": "2019-09-11"}, {"maxAge": 1, "name": "Reddy (Suneeta)", "relation": "Director (Executive)", "url": "", "transactionDescription": "Other", "latestTransDate": "2020-03-31", "positionDirect": 4381695, "positionDirectDate": "2020-03-31"}, {"maxAge": 1, "name": "Reddy (Vijayakumar P)", "relation": "Promoter", "url": "", "transactionDescription": "Acquisition", "latestTransDate": "2016-02-29", "positionDirect": 8957, "positionDirectDate": "2016-02-29"}], "maxAge": 1}, "calendarEvents": {"maxAge": 1, "earnings": {"earningsDate": [], "revenueAverage": 21946300000, "revenueLow": 21946300000, "revenueHigh": 21946300000}, "exDividendDate": "2020-09-17 05:30:00"}, "price": {"maxAge": 1, "regularMarketChangePercent": -0.012782088, "regularMarketChange": -41.399902, "regularMarketTime": "2021-04-30 15:29:58", "priceHint": 2, "regularMarketPrice": 3197.5, "regularMarketDayHigh": 3310.0, "regularMarketDayLow": 3182.8, "regularMarketVolume": 906434, "averageDailyVolume10Day": 781779, "averageDailyVolume3Month": 1152270, "regularMarketPreviousClose": 3238.9, "regularMarketSource": "FREE_REALTIME", "regularMarketOpen": 3256.0, "exchange": "NSI", "exchangeName": "NSE", "exchangeDataDelayedBy": 15, "marketState": "CLOSED", "quoteType": "EQUITY", "symbol": "APOLLOHOSP.NS", "underlyingSymbol": null, "shortName": "APOLLO HOSPITALS.", "longName": "Apollo Hospitals Enterprise Limited", "currency": "INR", "quoteSourceName": "Delayed Quote", "currencySymbol": "\u20b9", "fromCurrency": null, "toCurrency": null, "lastMarket": null, "marketCap": 459752505344}, "balanceSheetHistory": {"balanceSheetStatements": [{"maxAge": 1, "endDate": "2020-03-31", "cash": 3807000000, "netReceivables": 11928000000, "inventory": 7378000000, "otherCurrentAssets": 2036000000, "totalCurrentAssets": 26469000000, "longTermInvestments": 3592000000, "propertyPlantEquipment": 72609000000, "goodWill": 3462000000, "intangibleAssets": 547000000, "otherAssets": 6705000000, "deferredLongTermAssetCharges": 496000000, "totalAssets": 113384000000, "accountsPayable": 9088000000, "shortLongTermDebt": 2461000000, "otherCurrentLiab": 2916000000, "longTermDebt": 28520000000, "otherLiab": 8117000000, "minorityInterest": 1307000000, "totalCurrentLiabilities": 23373000000, "totalLiab": 78686000000, "commonStock": 696000000, "retainedEarnings": 15513000000, "treasuryStock": 43000000, "capitalSurplus": 17139000000, "otherStockholderEquity": 43000000, "totalStockholderEquity": 33391000000, "netTangibleAssets": 29382000000}, {"maxAge": 1, "endDate": "2019-03-31", "cash": 2862000000, "shortTermInvestments": 1973500000, "netReceivables": 11458000000, "inventory": 5848000000, "otherCurrentAssets": 1467000000, "totalCurrentAssets": 22817000000, "longTermInvestments": 3928000000, "propertyPlantEquipment": 54156000000, "goodWill": 3462000000, "intangibleAssets": 351000000, "otherAssets": 7117000000, "deferredLongTermAssetCharges": 174000000, "totalAssets": 91831000000, "accountsPayable": 7131000000, "shortLongTermDebt": 2210000000, "otherCurrentLiab": 3267000000, "longTermDebt": 29514000000, "otherLiab": 8066000000, "minorityInterest": 1355000000, "totalCurrentLiabilities": 19554000000, "totalLiab": 57141000000, "commonStock": 696000000, "retainedEarnings": 14954000000, "treasuryStock": 546000000, "capitalSurplus": 17139000000, "otherStockholderEquity": 546000000, "totalStockholderEquity": 33335000000, "netTangibleAssets": 29522000000}, {"maxAge": 1, "endDate": "2018-03-31", "cash": 3063330000, "netReceivables": 10091380000, "inventory": 5658420000, "otherCurrentAssets": 2353450000, "totalCurrentAssets": 22201250000, "longTermInvestments": 2941160000, "propertyPlantEquipment": 50907610000, "goodWill": 3461990000, "intangibleAssets": 409490000, "otherAssets": 6206390000, "deferredLongTermAssetCharges": 171680000, "totalAssets": 86127890000, "accountsPayable": 6060240000, "shortLongTermDebt": 1220820000, "otherCurrentLiab": 3298340000, "longTermDebt": 29256960000, "otherLiab": 7334490000, "minorityInterest": 1324370000, "totalCurrentLiabilities": 15672290000, "totalLiab": 52288470000, "commonStock": 695630000, "retainedEarnings": 13851220000, "treasuryStock": 829680000, "capitalSurplus": 17138520000, "otherStockholderEquity": 829680000, "totalStockholderEquity": 32515050000, "netTangibleAssets": 28643570000}, {"maxAge": 1, "endDate": "2017-03-31", "cash": 2827820000, "netReceivables": 7591640000, "inventory": 4668670000, "otherCurrentAssets": 4647450000, "totalCurrentAssets": 21292160000, "longTermInvestments": 3002000000, "propertyPlantEquipment": 45561690000, "goodWill": 3462520000, "intangibleAssets": 277290000, "otherAssets": 7597200000, "deferredLongTermAssetCharges": 162700000, "totalAssets": 81192860000, "accountsPayable": 5011930000, "shortLongTermDebt": 998230000, "otherCurrentLiab": 1515710000, "longTermDebt": 29493160000, "otherLiab": 7647780000, "minorityInterest": 1245750000, "totalCurrentLiabilities": 9633560000, "totalLiab": 46815090000, "commonStock": 695630000, "retainedEarnings": 14721660000, "treasuryStock": 541710000, "capitalSurplus": 17138520000, "otherStockholderEquity": 541710000, "totalStockholderEquity": 33097520000, "netTangibleAssets": 29357710000}], "maxAge": 86400}, "earningsTrend": {"trend": [{"maxAge": 1, "period": "0q", "endDate": "2018-12-31", "growth": {}, "earningsEstimate": {"avg": 0.0, "low": 0.0, "high": 0.0, "yearAgoEps": 4.85, "numberOfAnalysts": 0, "growth": {}}, "revenueEstimate": {"avg": 21946300000, "low": 21946300000, "high": 21946300000, "numberOfAnalysts": 1, "yearAgoRevenue": 18961400000, "growth": 0.157}, "epsTrend": {"current": 0.0, "7daysAgo": 5.46, "30daysAgo": 5.46, "60daysAgo": 5.46, "90daysAgo": 5.46}, "epsRevisions": {"upLast7days": 0, "upLast30days": 0, "downLast30days": 0, "downLast90days": {}}}, {"maxAge": 1, "period": "+1q", "endDate": "2019-03-31", "growth": {}, "earningsEstimate": {"avg": 0.0, "low": 0.0, "high": 0.0, "yearAgoEps": 4.29, "numberOfAnalysts": 0, "growth": {}}, "revenueEstimate": {"avg": 24978300000, "low": 24978300000, "high": 24978300000, "numberOfAnalysts": 1, "yearAgoRevenue": 18629200000, "growth": 0.341}, "epsTrend": {"current": 0.0, "7daysAgo": 6.44, "30daysAgo": 6.44, "60daysAgo": 6.44, "90daysAgo": 6.44}, "epsRevisions": {"upLast7days": 0, "upLast30days": 0, "downLast30days": 0, "downLast90days": {}}}, {"maxAge": 1, "period": "0y", "endDate": "2019-03-31", "growth": {}, "earningsEstimate": {"avg": 0.0, "low": 0.0, "high": 0.0, "yearAgoEps": {}, "numberOfAnalysts": 0, "growth": {}}, "revenueEstimate": {"avg": 87237800000, "low": 82604600000, "high": 91871000000, "numberOfAnalysts": 2, "yearAgoRevenue": 71830100000, "growth": 0.215}, "epsTrend": {"current": 0.0, "7daysAgo": 20.8, "30daysAgo": 20.8, "60daysAgo": 20.8, "90daysAgo": 20.8}, "epsRevisions": {"upLast7days": 0, "upLast30days": 0, "downLast30days": 0, "downLast90days": {}}}, {"maxAge": 1, "period": "+1y", "endDate": "2020-03-31", "growth": {}, "earningsEstimate": {"avg": 0.0, "low": 0.0, "high": 0.0, "yearAgoEps": {}, "numberOfAnalysts": 0, "growth": {}}, "revenueEstimate": {"avg": 100085000000, "low": 92517200000, "high": 107653000000, "numberOfAnalysts": 2, "yearAgoRevenue": 87237800000, "growth": 0.147}, "epsTrend": {"current": 0.0, "7daysAgo": 29.32, "30daysAgo": 29.32, "60daysAgo": 29.32, "90daysAgo": 29.32}, "epsRevisions": {"upLast7days": 0, "upLast30days": 0, "downLast30days": 0, "downLast90days": {}}}, {"maxAge": 1, "period": "+5y", "endDate": null, "growth": 0.025999999, "earningsEstimate": {"avg": {}, "low": {}, "high": {}, "yearAgoEps": {}, "numberOfAnalysts": {}, "growth": {}}, "revenueEstimate": {"avg": {}, "low": {}, "high": {}, "numberOfAnalysts": {}, "yearAgoRevenue": {}, "growth": {}}, "epsTrend": {"current": {}, "7daysAgo": {}, "30daysAgo": {}, "60daysAgo": {}, "90daysAgo": {}}, "epsRevisions": {"upLast7days": {}, "upLast30days": {}, "downLast30days": {}, "downLast90days": {}}}, {"maxAge": 1, "period": "-5y", "endDate": null, "growth": {}, "earningsEstimate": {"avg": {}, "low": {}, "high": {}, "yearAgoEps": {}, "numberOfAnalysts": {}, "growth": {}}, "revenueEstimate": {"avg": {}, "low": {}, "high": {}, "numberOfAnalysts": {}, "yearAgoRevenue": {}, "growth": {}}, "epsTrend": {"current": {}, "7daysAgo": {}, "30daysAgo": {}, "60daysAgo": {}, "90daysAgo": {}}, "epsRevisions": {"upLast7days": {}, "upLast30days": {}, "downLast30days": {}, "downLast90days": {}}}], "maxAge": 1}, "institutionOwnership": {"maxAge": 1, "ownershipList": [{"maxAge": 1, "reportDate": "2021-03-31", "organization": "Legato Capital Management LLC", "pctHeld": 0.0002, "position": 28123, "value": 81631225}]}, "majorHoldersBreakdown": {"maxAge": 1, "insidersPercentHeld": 0.29965, "institutionsPercentHeld": 0.46685, "institutionsFloatPercentHeld": 0.66660005, "institutionsCount": 177}, "balanceSheetHistoryQuarterly": {"balanceSheetStatements": [{"maxAge": 1, "endDate": "2020-12-31", "totalStockholderEquity": 31357100000, "netTangibleAssets": 27106400000}, {"maxAge": 1, "endDate": "2020-09-30", "cash": 6865100000, "shortTermInvestments": 2684900000, "netReceivables": 12435200000, "inventory": 2509900000, "otherCurrentAssets": 2059400000, "totalCurrentAssets": 26554500000, "longTermInvestments": 4993200000, "propertyPlantEquipment": 62704100000, "goodWill": 3354900000, "intangibleAssets": 895800000, "otherAssets": 4591000000, "deferredLongTermAssetCharges": 552400000, "totalAssets": 103093500000, "accountsPayable": 9704000000, "otherCurrentLiab": 7197500000, "longTermDebt": 31372300000, "otherLiab": 2885200000, "minorityInterest": 1248600000, "totalCurrentLiabilities": 19242400000, "totalLiab": 70487800000, "commonStock": 695600000, "treasuryStock": 30661500000, "otherStockholderEquity": 30661500000, "totalStockholderEquity": 31357100000, "netTangibleAssets": 27106400000}, {"maxAge": 1, "endDate": "2020-06-30", "totalStockholderEquity": 33391000000, "netTangibleAssets": 29382000000}, {"maxAge": 1, "endDate": "2020-03-31", "cash": 3807000000, "netReceivables": 11928000000, "inventory": 7378000000, "otherCurrentAssets": 2036000000, "totalCurrentAssets": 26469000000, "longTermInvestments": 3592000000, "propertyPlantEquipment": 72609000000, "goodWill": 3462000000, "intangibleAssets": 547000000, "otherAssets": 6705000000, "deferredLongTermAssetCharges": 496000000, "totalAssets": 113384000000, "accountsPayable": 9088000000, "shortLongTermDebt": 2461000000, "otherCurrentLiab": 2916000000, "longTermDebt": 28520000000, "otherLiab": 8117000000, "minorityInterest": 1307000000, "totalCurrentLiabilities": 23373000000, "totalLiab": 78686000000, "commonStock": 696000000, "retainedEarnings": 15513000000, "treasuryStock": 43000000, "capitalSurplus": 17139000000, "otherStockholderEquity": 43000000, "totalStockholderEquity": 33391000000, "netTangibleAssets": 29382000000}], "maxAge": 86400}, "earningsHistory": {"history": [{"maxAge": 1, "epsActual": 4.85, "epsEstimate": 5.6, "epsDifference": -0.75, "surprisePercent": -0.134, "quarter": "2017-12-31", "period": "-4q"}, {"maxAge": 1, "epsActual": 4.29, "epsEstimate": 5.0, "epsDifference": -0.71, "surprisePercent": -0.142, "quarter": "2018-03-31", "period": "-3q"}, {"maxAge": 1, "epsActual": 4.32, "epsEstimate": 4.7, "epsDifference": -0.38, "surprisePercent": -0.081, "quarter": "2018-06-30", "period": "-2q"}, {"maxAge": 1, "epsActual": 5.68, "epsEstimate": 6.05, "epsDifference": -0.37, "surprisePercent": -0.061, "quarter": "2018-09-30", "period": "-1q"}], "maxAge": 86400}, "summaryProfile": {"address1": "Sunny Side Building", "address2": "3rd Floor East Block No. 8/17 Shafee Mohammed Road", "city": "Chennai", "zip": "600006", "country": "India", "website": "http://www.apollohospitals.com", "industry": "Medical Care Facilities", "sector": "Healthcare", "longBusinessSummary": "Apollo Hospitals Enterprise Limited, together with its subsidiaries, provides healthcare services in India and internationally. The company's healthcare facilities comprise primary, secondary, and tertiary care facilities. Its tertiary care hospitals provide care in approximately 55 specialties, including cardiac sciences, oncology, critical care, neurosciences, orthopedics, gastroenterology, and transplants. The company also provides other services, such as project consultancy, health insurance, and research services. In addition, it operates pharmacies, primary care clinics, birthing centers, specialized birthing centers, single specialty clinics, primary health centers and diagnostic chains, dental clinics, and daycare and home healthcare centers. The company's footprint includes 10,167 beds, 3,428 pharmacies, and 765 retail healthcare centers. Apollo Hospitals Enterprise Limited was founded in 1979 and is based in Chennai, India.", "fullTimeEmployees": 62939, "companyOfficers": [], "maxAge": 86400}, "netSharePurchaseActivity": {"maxAge": 1, "period": "6m", "buyInfoCount": 0, "buyInfoShares": 0, "sellInfoCount": 0, "netInfoCount": 0, "netInfoShares": 0, "netPercentInsiderShares": 0.0, "totalInsiderShares": 41687308}, "insiderTransactions": {"transactions": [{"maxAge": 1, "shares": 2805793, "filerUrl": "", "transactionText": "", "filerName": "Life Insurance Corporation of India", "filerRelation": "Institution- Corporation", "moneyText": "", "startDate": "2020-11-04", "ownership": "D"}, {"maxAge": 1, "shares": 200000, "filerUrl": "", "transactionText": "", "filerName": "Reddy (Aditya)", "filerRelation": "Promoter", "moneyText": "", "startDate": "2020-03-31", "ownership": "D"}, {"maxAge": 1, "shares": 200000, "filerUrl": "", "transactionText": "", "filerName": "Reddy (Sindoori)", "filerRelation": "Promoter", "moneyText": "", "startDate": "2020-03-31", "ownership": "D"}, {"maxAge": 1, "shares": 910339, "filerUrl": "", "transactionText": "", "filerName": "Reddy (Suneeta)", "filerRelation": "Director (Executive)", "moneyText": "", "startDate": "2020-03-31", "ownership": "D"}, {"maxAge": 1, "shares": 6188, "filerUrl": "", "transactionText": "", "filerName": "Reddy (Karthik Anand)", "filerRelation": "Promoter", "moneyText": "", "startDate": "2020-03-25", "ownership": "D"}, {"maxAge": 1, "shares": 7700, "filerUrl": "", "transactionText": "", "filerName": "Reddy (Harshad)", "filerRelation": "Promoter", "moneyText": "", "startDate": "2020-03-20", "ownership": "D"}, {"maxAge": 1, "shares": 8450, "filerUrl": "", "transactionText": "", "filerName": "Reddy (Karthik Anand)", "filerRelation": "Promoter", "moneyText": "", "startDate": "2020-03-20", "ownership": "D"}, {"maxAge": 1, "shares": 5000000, "filerUrl": "", "transactionText": "", "filerName": "Reddy (Suneeta)", "filerRelation": "Promoter", "moneyText": "", "startDate": "2019-09-12", "ownership": "D"}, {"maxAge": 1, "shares": 5200000, "filerUrl": "", "transactionText": "", "filerName": "Reddy (Prathap C)", "filerRelation": "Executive Chairman", "moneyText": "", "startDate": "2019-09-11", "ownership": "D"}, {"maxAge": 1, "shares": 400000, "filerUrl": "", "transactionText": "", "filerName": "Reddy (Sucharitha P)", "filerRelation": "UNREPORTED", "moneyText": "", "startDate": "2019-09-11", "ownership": "D"}, {"maxAge": 1, "shares": 5732837, "filerUrl": "", "transactionText": "", "filerName": "Reddy (Suneeta)", "filerRelation": "Promoter", "moneyText": "", "startDate": "2019-09-11", "ownership": "D"}, {"maxAge": 1, "shares": 10184, "filerUrl": "", "transactionText": "", "filerName": "Indian Hospitals Corporation Ltd.", "filerRelation": "Promoter", "moneyText": "", "startDate": "2018-05-10", "ownership": "D"}, {"maxAge": 1, "shares": 2623480, "filerUrl": "", "transactionText": "", "filerName": "Indian Hospitals Corporation Ltd.", "filerRelation": "Promoter", "moneyText": "", "startDate": "2018-03-26", "ownership": "D"}, {"maxAge": 1, "shares": 1000, "filerUrl": "", "transactionText": "", "filerName": "Reddy (Sindoori)", "filerRelation": "Promoter", "moneyText": "", "startDate": "2017-10-17", "ownership": "D"}, {"maxAge": 1, "shares": 8100, "filerUrl": "", "transactionText": "", "filerName": "Indian Hospitals Corporation Ltd.", "filerRelation": "Promoter", "moneyText": "", "startDate": "2017-09-28", "ownership": "D"}, {"maxAge": 1, "shares": 15000, "filerUrl": "", "transactionText": "", "filerName": "Indian Hospitals Corporation Ltd.", "filerRelation": "Promoter", "moneyText": "", "startDate": "2017-08-30", "ownership": "D"}, {"maxAge": 1, "shares": 6000, "filerUrl": "", "transactionText": "", "filerName": "Indian Hospitals Corporation Ltd.", "filerRelation": "Promoter", "moneyText": "", "startDate": "2017-08-28", "ownership": "D"}, {"maxAge": 1, "shares": 3200, "filerUrl": "", "transactionText": "", "filerName": "Indian Hospitals Corporation Ltd.", "filerRelation": "Promoter", "moneyText": "", "startDate": "2017-08-24", "ownership": "D"}, {"maxAge": 1, "shares": 5000, "filerUrl": "", "transactionText": "", "filerName": "Reddy (Vijayakumar P)", "filerRelation": "Promoter", "moneyText": "", "startDate": "2016-02-29", "ownership": "D"}, {"maxAge": 1, "shares": 22164, "filerUrl": "", "transactionText": "", "filerName": "Oppenheimer Developing Markets Fund", "filerRelation": "Institution- Corporation", "moneyText": "", "startDate": "2015-11-20", "ownership": "D"}, {"maxAge": 1, "shares": 1000000, "filerUrl": "", "transactionText": "", "filerName": "Reddy (Prathap C)", "filerRelation": "Executive Chairman", "moneyText": "", "startDate": "2014-12-29", "ownership": "D"}, {"maxAge": 1, "shares": 1000000, "filerUrl": "", "transactionText": "", "filerName": "Reddy (Suneeta)", "filerRelation": "Managing Director", "moneyText": "", "startDate": "2014-12-29", "ownership": "D"}, {"maxAge": 1, "shares": 50000, "filerUrl": "", "transactionText": "", "filerName": "Kamineni (Upasana)", "filerRelation": "Promoter", "moneyText": "", "startDate": "2014-12-01", "ownership": "D"}, {"maxAge": 1, "shares": 50000, "filerUrl": "", "transactionText": "", "filerName": "Khamineni (Shobana)", "filerRelation": "Executive Vice Chairman", "moneyText": "", "startDate": "2014-12-01", "ownership": "D"}, {"maxAge": 1, "shares": 110000, "filerUrl": "", "transactionText": "", "filerName": "Reddy (Harshad)", "filerRelation": "Promoter", "moneyText": "", "startDate": "2014-11-19", "ownership": "D"}, {"maxAge": 1, "shares": 110000, "filerUrl": "", "transactionText": "", "filerName": "Reddy (Karthik Anand)", "filerRelation": "Promoter", "moneyText": "", "startDate": "2014-11-19", "ownership": "D"}, {"maxAge": 1, "shares": 220000, "filerUrl": "", "transactionText": "", "filerName": "Reddy (Vijayakumar P)", "filerRelation": "Promoter", "moneyText": "", "startDate": "2014-11-19", "ownership": "D"}, {"maxAge": 1, "shares": 18000, "filerUrl": "", "transactionText": "", "filerName": "Reddy (Dwarakanath P)", "filerRelation": "UNREPORTED", "moneyText": "", "startDate": "2014-07-15", "ownership": "D"}, {"maxAge": 1, "shares": 18000, "filerUrl": "", "transactionText": "", "filerName": "Reddy (Meenakshi)", "filerRelation": "UNREPORTED", "moneyText": "", "startDate": "2014-07-15", "ownership": "D"}, {"maxAge": 1, "shares": 18000, "filerUrl": "", "transactionText": "", "filerName": "Reddy (Meenakshi)", "filerRelation": "UNREPORTED", "moneyText": "", "startDate": "2014-07-14", "ownership": "D"}, {"maxAge": 1, "shares": 650000, "filerUrl": "", "transactionText": "", "filerName": "Reddy (Sangita)", "filerRelation": "Director (Executive)", "moneyText": "", "startDate": "2014-02-26", "ownership": "D"}, {"maxAge": 1, "shares": 650000, "filerUrl": "", "transactionText": "", "filerName": "Reddy (Suneeta)", "filerRelation": "Joint Managing director", "moneyText": "", "startDate": "2014-02-26", "ownership": "D"}, {"maxAge": 1, "shares": 600000, "filerUrl": "", "transactionText": "", "filerName": "PCR Investments Ltd.", "filerRelation": "Promoter", "moneyText": "", "startDate": "2013-12-31", "ownership": "D"}, {"maxAge": 1, "shares": 600000, "filerUrl": "", "transactionText": "", "filerName": "Reddy (Prathap C)", "filerRelation": "Executive Chairman", "moneyText": "", "startDate": "2013-12-31", "ownership": "D"}, {"maxAge": 1, "shares": 680000, "filerUrl": "", "transactionText": "", "filerName": "Reddy (Sangita)", "filerRelation": "Director (Executive)", "moneyText": "", "startDate": "2013-12-31", "ownership": "D"}, {"maxAge": 1, "shares": 680000, "filerUrl": "", "transactionText": "", "filerName": "Reddy (Suneeta)", "filerRelation": "Joint Managing director", "moneyText": "", "startDate": "2013-12-31", "ownership": "D"}, {"maxAge": 1, "shares": 1000000, "filerUrl": "", "transactionText": "", "filerName": "PCR Investments Ltd.", "filerRelation": "Promoter", "moneyText": "", "startDate": "2013-12-24", "ownership": "D"}, {"maxAge": 1, "shares": 350000, "filerUrl": "", "transactionText": "", "filerName": "Reddy (Sucharitha P)", "filerRelation": "Promoter", "moneyText": "", "startDate": "2013-12-24", "ownership": "D"}, {"maxAge": 1, "shares": 650000, "filerUrl": "", "transactionText": "", "filerName": "Reddy (Suneeta)", "filerRelation": "Joint Managing director", "moneyText": "", "startDate": "2013-12-24", "ownership": "D"}, {"maxAge": 1, "shares": 920000, "filerUrl": "", "transactionText": "", "filerName": "PCR Investments Ltd.", "filerRelation": "Promoter", "moneyText": "", "startDate": "2013-07-26", "ownership": "D"}, {"maxAge": 1, "shares": 920000, "filerUrl": "", "transactionText": "", "filerName": "Reddy (Sangita)", "filerRelation": "Director (Executive)", "moneyText": "", "startDate": "2013-07-26", "ownership": "D"}, {"maxAge": 1, "shares": 5919514, "filerUrl": "", "transactionText": "", "filerName": "HSTN Acquisition (FII) Ltd", "filerRelation": "Private Equity", "moneyText": "", "startDate": "2013-02-28", "ownership": "D"}, {"maxAge": 1, "shares": 6385542, "filerUrl": "", "transactionText": "", "filerName": "Apax Partners Europe Managers Ltd A/C Apax Mauritius FII", "filerRelation": "Private Equity", "moneyText": "", "startDate": "2013-02-11", "ownership": "D"}, {"maxAge": 1, "shares": 82000, "filerUrl": "", "transactionText": "", "filerName": "Reddy (Vijayakumar P)", "filerRelation": "Promoter", "moneyText": "", "startDate": "2012-11-30", "ownership": "D"}, {"maxAge": 1, "shares": 8550000, "filerUrl": "", "transactionText": "", "filerName": "CLSA Mauritius Ltd", "filerRelation": "Institution- Corporation", "moneyText": "", "startDate": "2012-11-29", "ownership": "D"}, {"maxAge": 1, "shares": 3276922, "filerUrl": "", "transactionText": "", "filerName": "Reddy (Prathap C)", "filerRelation": "Executive Chairman", "moneyText": "", "startDate": "2012-07-25", "ownership": "D"}, {"maxAge": 1, "shares": 1940000, "filerUrl": "", "transactionText": "", "filerName": "PCR Investments Ltd.", "filerRelation": "Promoter", "moneyText": "", "startDate": "2012-07-24", "ownership": "D"}, {"maxAge": 1, "shares": 990000, "filerUrl": "", "transactionText": "", "filerName": "Reddy (Sangita)", "filerRelation": "Director (Executive)", "moneyText": "", "startDate": "2012-07-24", "ownership": "D"}, {"maxAge": 1, "shares": 140625, "filerUrl": "", "transactionText": "", "filerName": "Reddy (Vijayakumar P)", "filerRelation": "Promoter", "moneyText": "", "startDate": "2012-07-06", "ownership": "D"}, {"maxAge": 1, "shares": 1450000, "filerUrl": "", "transactionText": "", "filerName": "PCR Investments Ltd.", "filerRelation": "Promoter", "moneyText": "", "startDate": "2012-05-09", "ownership": "D"}, {"maxAge": 1, "shares": 1450000, "filerUrl": "", "transactionText": "", "filerName": "Reddy (Prathap C)", "filerRelation": "Executive Chairman", "moneyText": "", "startDate": "2012-05-09", "ownership": "D"}, {"maxAge": 1, "shares": 1238000, "filerUrl": "", "transactionText": "", "filerName": "PCR Investments Ltd.", "filerRelation": "Promoter", "moneyText": "", "startDate": "2012-03-28", "ownership": "D"}, {"maxAge": 1, "shares": 1238000, "filerUrl": "", "transactionText": "", "filerName": "Reddy (Sucharitha P)", "filerRelation": "Promoter", "moneyText": "", "startDate": "2012-03-28", "ownership": "D"}, {"maxAge": 1, "shares": 386000, "filerUrl": "", "transactionText": "", "filerName": "PCR Investments Ltd.", "filerRelation": "Promoter", "moneyText": "", "startDate": "2012-03-26", "ownership": "D"}, {"maxAge": 1, "shares": 383878, "filerUrl": "", "transactionText": "", "filerName": "Reddy (Sucharitha P)", "filerRelation": "Promoter", "moneyText": "", "startDate": "2012-03-26", "ownership": "D"}, {"maxAge": 1, "shares": 4093860, "filerUrl": "", "transactionText": "", "filerName": "Integrated Mauritius Healthcare Holdings Ltd", "filerRelation": "Institution- Corporation", "moneyText": "", "startDate": "2011-12-22", "ownership": "D"}, {"maxAge": 1, "shares": 3089242, "filerUrl": "", "transactionText": "", "filerName": "Reddy (Prathap C)", "filerRelation": "Executive Chairman", "moneyText": "", "startDate": "2011-12-10", "ownership": "D"}, {"maxAge": 1, "shares": 1030000, "filerUrl": "", "transactionText": "", "filerName": "PCR Investments Ltd.", "filerRelation": "Promoter", "moneyText": "", "startDate": "2011-12-08", "ownership": "D"}, {"maxAge": 1, "shares": 1030000, "filerUrl": "", "transactionText": "", "filerName": "Reddy (Prathap C)", "filerRelation": "Executive Chairman", "moneyText": "", "startDate": "2011-12-08", "ownership": "D"}, {"maxAge": 1, "shares": 200000, "filerUrl": "", "transactionText": "", "filerName": "PCR Investments Ltd.", "filerRelation": "Promoter", "moneyText": "", "startDate": "2011-10-03", "ownership": "D"}, {"maxAge": 1, "shares": 200000, "filerUrl": "", "transactionText": "", "filerName": "Reddy (Sucharitha P)", "filerRelation": "Promoter", "moneyText": "", "startDate": "2011-10-03", "ownership": "D"}, {"maxAge": 1, "shares": 500000, "filerUrl": "", "transactionText": "", "filerName": "Reddy (Sangita)", "filerRelation": "Director (Executive)", "moneyText": "", "startDate": "2011-07-21", "ownership": "D"}, {"maxAge": 1, "shares": 100000, "filerUrl": "", "transactionText": "", "filerName": "Reddy (Sangita)", "filerRelation": "Director (Executive)", "moneyText": "", "startDate": "2011-07-19", "ownership": "D"}, {"maxAge": 1, "shares": 4962957, "filerUrl": "", "transactionText": "", "filerName": "BNY Mellon Investment Funds Newton Oriental Fund", "filerRelation": "UNREPORTED", "moneyText": "", "startDate": "2011-02-03", "ownership": "D"}], "maxAge": 1}, "sectorTrend": {"maxAge": 1, "symbol": null, "estimates": []}, "incomeStatementHistoryQuarterly": {"incomeStatementHistory": [{"maxAge": 1, "endDate": "2020-12-31", "totalRevenue": 27598400000, "costOfRevenue": 18388900000, "grossProfit": 9209500000, "researchDevelopment": {}, "sellingGeneralAdministrative": {}, "nonRecurring": {}, "otherOperatingExpenses": 5306600000, "totalOperatingExpenses": 24945700000, "operatingIncome": 2652700000, "totalOtherIncomeExpenseNet": -799500000, "ebit": 2652700000, "interestExpense": -1009700000, "incomeBeforeTax": 1853200000, "incomeTaxExpense": 511800000, "minorityInterest": {}, "netIncomeFromContinuingOps": 1341400000, "discontinuedOperations": {}, "extraordinaryItems": {}, "effectOfAccountingCharges": {}, "otherItems": {}, "netIncome": 1304300000, "netIncomeApplicableToCommonShares": 1304300000}, {"maxAge": 1, "endDate": "2020-09-30", "totalRevenue": 27607200000, "costOfRevenue": 19166700000, "grossProfit": 8440500000, "researchDevelopment": {}, "sellingGeneralAdministrative": {}, "nonRecurring": {}, "otherOperatingExpenses": 5442200000, "totalOperatingExpenses": 26103400000, "operatingIncome": 1503800000, "totalOtherIncomeExpenseNet": -848000000, "ebit": 1503800000, "interestExpense": -1223000000, "incomeBeforeTax": 655800000, "incomeTaxExpense": 66000000, "minorityInterest": 1248600000, "netIncomeFromContinuingOps": 589800000, "discontinuedOperations": {}, "extraordinaryItems": {}, "effectOfAccountingCharges": {}, "otherItems": {}, "netIncome": 602700000, "netIncomeApplicableToCommonShares": 602700000}, {"maxAge": 1, "endDate": "2020-06-30", "totalRevenue": 21715000000, "costOfRevenue": 16661700000, "grossProfit": 5053300000, "researchDevelopment": {}, "sellingGeneralAdministrative": {}, "nonRecurring": {}, "otherOperatingExpenses": 4698500000, "totalOperatingExpenses": 22962000000, "operatingIncome": -1247000000, "totalOtherIncomeExpenseNet": -1423000000, "ebit": -1247000000, "interestExpense": -1273900000, "incomeBeforeTax": -2670000000, "incomeTaxExpense": -407600000, "minorityInterest": 1248600000, "netIncomeFromContinuingOps": -2262400000, "discontinuedOperations": {}, "extraordinaryItems": {}, "effectOfAccountingCharges": {}, "otherItems": {}, "netIncome": -2081900000, "netIncomeApplicableToCommonShares": -2081900000}, {"maxAge": 1, "endDate": "2020-03-31", "totalRevenue": 29224300000, "costOfRevenue": 20743900000, "grossProfit": 8480400000, "researchDevelopment": {}, "sellingGeneralAdministrative": 3348000000, "nonRecurring": {}, "otherOperatingExpenses": 1294600000, "totalOperatingExpenses": 27025200000, "operatingIncome": 2199100000, "totalOtherIncomeExpenseNet": 636400000, "ebit": 2199100000, "interestExpense": -657600000, "incomeBeforeTax": 2835500000, "incomeTaxExpense": 740500000, "minorityInterest": 1307000000, "netIncomeFromContinuingOps": 2095000000, "discontinuedOperations": {}, "extraordinaryItems": {}, "effectOfAccountingCharges": {}, "otherItems": {}, "netIncome": 2192200000, "netIncomeApplicableToCommonShares": 2193200000}], "maxAge": 86400}, "cashflowStatementHistoryQuarterly": {"cashflowStatements": [{"maxAge": 1, "endDate": "2020-12-31", "netIncome": 1304300000, "changeToLiabilities": 0}, {"maxAge": 1, "endDate": "2020-09-30", "netIncome": 602700000, "changeToLiabilities": 0}, {"maxAge": 1, "endDate": "2020-06-30", "netIncome": -2081900000, "changeToLiabilities": 0}, {"maxAge": 1, "endDate": "2020-03-31", "netIncome": 2192200000, "changeToLiabilities": 0}], "maxAge": 86400}, "earnings": {"maxAge": 86400, "earningsChart": {"quarterly": [{"date": "4Q2017", "actual": 4.85, "estimate": 5.6}, {"date": "1Q2018", "actual": 4.29, "estimate": 5.0}, {"date": "2Q2018", "actual": 4.32, "estimate": 4.7}, {"date": "3Q2018", "actual": 5.68, "estimate": 6.05}], "currentQuarterEstimateDate": "4Q", "currentQuarterEstimateYear": 2018, "earningsDate": []}, "financialsChart": {"yearly": [{"date": 2017, "revenue": 72557030000, "earnings": 2209900000}, {"date": 2018, "revenue": 82434680000, "earnings": 1174180000}, {"date": 2019, "revenue": 96175000000, "earnings": 2360000000}, {"date": 2020, "revenue": 112468000000, "earnings": 4548000000}], "quarterly": [{"date": "1Q2020", "revenue": 29224300000, "earnings": 2192200000}, {"date": "2Q2020", "revenue": 21715000000, "earnings": -2081900000}, {"date": "3Q2020", "revenue": 27607200000, "earnings": 602700000}, {"date": "4Q2020", "revenue": 27598400000, "earnings": 1304300000}]}, "financialCurrency": "INR"}, "financialData": {"maxAge": 86400, "currentPrice": 3197.5, "targetHighPrice": 1700.0, "targetLowPrice": 1180.0, "targetMeanPrice": 1386.74, "targetMedianPrice": 1345.0, "recommendationKey": "none", "numberOfAnalystOpinions": 19, "totalCash": 9550000128, "totalCashPerShare": 68.646, "ebitda": 9149249536, "totalDebt": 49692598272, "totalRevenue": 106144899072, "debtToEquity": 152.405, "revenuePerShare": 764.346, "grossProfits": 37672000000, "earningsGrowth": 0.417, "revenueGrowth": -0.052, "grossMargins": 0.29378, "ebitdaMargins": 0.0862, "operatingMargins": 0.048130002, "profitMargins": 0.01901, "financialCurrency": "INR"}}}