{"APOLLOHOSP.BO": {"cashflowStatementHistory": {"cashflowStatements": [{"maxAge": 1, "endDate": "2020-03-31", "netIncome": 4548000000, "depreciation": 5944000000, "changeToNetincome": 2887000000, "changeToAccountReceivables": -773000000, "changeToLiabilities": 1905000000, "changeToInventory": -1531000000, "changeToOperatingActivities": -305000000, "totalCashFromOperatingActivities": 12928000000, "capitalExpenditures": -5130000000, "investments": 2043000000, "otherCashflowsFromInvestingActivities": 155000000, "totalCashflowsFromInvestingActivities": -2888000000, "dividendsPaid": -1551000000, "netBorrowings": -1860000000, "otherCashflowsFromFinancingActivities": -5684000000, "totalCashFromFinancingActivities": -9095000000, "changeInCash": 945000000}, {"maxAge": 1, "endDate": "2019-03-31", "netIncome": 2360000000, "depreciation": 3766000000, "changeToNetincome": 3197000000, "changeToAccountReceivables": -2725000000, "changeToLiabilities": 1076000000, "changeToInventory": -189000000, "changeToOperatingActivities": 1378000000, "totalCashFromOperatingActivities": 9052000000, "capitalExpenditures": -6789000000, "investments": -534000000, "otherCashflowsFromInvestingActivities": 148000000, "totalCashflowsFromInvestingActivities": -7106000000, "dividendsPaid": -837000000, "netBorrowings": 2348000000, "otherCashflowsFromFinancingActivities": -3658000000, "totalCashFromFinancingActivities": -2147000000, "changeInCash": -201000000}, {"maxAge": 1, "endDate": "2018-03-31", "netIncome": 1174180000, "depreciation": 3433020000, "changeToNetincome": 2658580000, "changeToAccountReceivables": -2366510000, "changeToLiabilities": 1104170000, "changeToInventory": -989750000, "changeToOperatingActivities": 198630000, "totalCashFromOperatingActivities": 5369600000, "capitalExpenditures": -6213880000, "investments": 1946470000, "otherCashflowsFromInvestingActivities": 209370000, "totalCashflowsFromInvestingActivities": -4049110000, "dividendsPaid": -1008370000, "netBorrowings": 3018290000, "otherCashflowsFromFinancingActivities": -3178150000, "totalCashFromFinancingActivities": -1084980000, "changeInCash": 235510000, "issuanceOfStock": 83250000}, {"maxAge": 1, "endDate": "2017-03-31", "netIncome": 2209900000, "depreciation": 3060040000, "changeToNetincome": 1660030000, "changeToAccountReceivables": -1618170000, "changeToLiabilities": -1157890000, "changeToInventory": -607340000, "changeToOperatingActivities": 2598590000, "totalCashFromOperatingActivities": 6225510000, "capitalExpenditures": -6734530000, "investments": -4959160000, "otherCashflowsFromInvestingActivities": 127800000, "totalCashflowsFromInvestingActivities": -11518790000, "dividendsPaid": -1008370000, "netBorrowings": 2056660000, "otherCashflowsFromFinancingActivities": -3343000000, "totalCashFromFinancingActivities": 4769550000, "changeInCash": -523730000, "issuanceOfStock": 6055890000}], "maxAge": 86400}, "institutionOwnership": {"maxAge": 1, "ownershipList": []}, "balanceSheetHistoryQuarterly": {"balanceSheetStatements": [{"maxAge": 1, "endDate": "2020-06-30", "totalStockholderEquity": 33391000000, "netTangibleAssets": 29382000000}, {"maxAge": 1, "endDate": "2020-03-31", "cash": 3807000000, "netReceivables": 11928000000, "inventory": 7378000000, "otherCurrentAssets": 2036000000, "totalCurrentAssets": 26469000000, "longTermInvestments": 3592000000, "propertyPlantEquipment": 72609000000, "goodWill": 3462000000, "intangibleAssets": 547000000, "otherAssets": 6705000000, "deferredLongTermAssetCharges": 496000000, "totalAssets": 113384000000, "accountsPayable": 9088000000, "shortLongTermDebt": 2461000000, "otherCurrentLiab": 2916000000, "longTermDebt": 28520000000, "otherLiab": 8117000000, "minorityInterest": 1307000000, "totalCurrentLiabilities": 23373000000, "totalLiab": 78686000000, "commonStock": 696000000, "retainedEarnings": 15513000000, "treasuryStock": 43000000, "capitalSurplus": 17139000000, "otherStockholderEquity": 43000000, "totalStockholderEquity": 33391000000, "netTangibleAssets": 29382000000}, {"maxAge": 1, "endDate": "2019-12-31", "totalStockholderEquity": 30572900000, "netTangibleAssets": 26728700000}, {"maxAge": 1, "endDate": "2019-09-30", "cash": 4918100000, "shortTermInvestments": 2564700000, "netReceivables": 11325000000, "inventory": 6502900000, "otherCurrentAssets": 2180600000, "totalCurrentAssets": 27491300000, "longTermInvestments": 5710400000, "propertyPlantEquipment": 70391600000, "goodWill": 3462100000, "intangibleAssets": 382100000, "otherAssets": 4547200000, "deferredLongTermAssetCharges": 532300000, "totalAssets": 111984700000, "accountsPayable": 7896700000, "otherCurrentLiab": 10080700000, "longTermDebt": 28553300000, "otherLiab": 26170200000, "minorityInterest": 1304200000, "totalCurrentLiabilities": 25384100000, "totalLiab": 80107600000, "commonStock": 695600000, "treasuryStock": 29877300000, "otherStockholderEquity": 29877300000, "totalStockholderEquity": 30572900000, "netTangibleAssets": 26728700000}], "maxAge": 86400}, "indexTrend": {"maxAge": 1, "symbol": "SP5", "peRatio": 19.7411, "pegRatio": 1.34172, "estimates": [{"period": "0q", "growth": 0.549}, {"period": "+1q", "growth": 0.431}, {"period": "0y", "growth": 0.305}, {"period": "+1y", "growth": 0.109}, {"period": "+5y", "growth": 0.120865}, {"period": "-5y"}]}, "insiderTransactions": {"transactions": [{"maxAge": 1, "shares": 200000, "filerUrl": "", "transactionText": "", "filerName": "Reddy (Aditya)", "filerRelation": "Promoter", "moneyText": "", "startDate": "2020-03-31", "ownership": "D"}, {"maxAge": 1, "shares": 200000, "filerUrl": "", "transactionText": "", "filerName": "Reddy (Sindoori)", "filerRelation": "Promoter", "moneyText": "", "startDate": "2020-03-31", "ownership": "D"}, {"maxAge": 1, "shares": 400000, "filerUrl": "", "transactionText": "", "filerName": "Reddy (Suneeta)", "filerRelation": "Director (Executive)", "moneyText": "", "startDate": "2020-03-31", "ownership": "D"}, {"maxAge": 1, "shares": 6188, "filerUrl": "", "transactionText": "", "filerName": "Anand (Karthik)", "filerRelation": "Promoter", "moneyText": "", "startDate": "2020-03-25", "ownership": "D"}, {"maxAge": 1, "shares": 6188, "filerUrl": "", "transactionText": "", "filerName": "Reddy (Karthik Anand)", "filerRelation": "Promoter", "moneyText": "", "startDate": "2020-03-25", "ownership": "D"}, {"maxAge": 1, "shares": 7700, "filerUrl": "", "transactionText": "", "filerName": "Reddy (Harshad)", "filerRelation": "Promoter", "moneyText": "", "startDate": "2020-03-20", "ownership": "D"}, {"maxAge": 1, "shares": 8450, "filerUrl": "", "transactionText": "", "filerName": "Reddy (Karthik Anand)", "filerRelation": "Promoter", "moneyText": "", "startDate": "2020-03-20", "ownership": "D"}, {"maxAge": 1, "shares": 5000000, "filerUrl": "", "transactionText": "", "filerName": "Reddy (Suneeta)", "filerRelation": "Promoter", "moneyText": "", "startDate": "2019-09-12", "ownership": "D"}, {"maxAge": 1, "shares": 5200000, "filerUrl": "", "transactionText": "", "filerName": "Reddy (Prathap C)", "filerRelation": "Executive Chairman", "moneyText": "", "startDate": "2019-09-11", "ownership": "D"}, {"maxAge": 1, "shares": 400000, "filerUrl": "", "transactionText": "", "filerName": "Reddy (Sucharitha P)", "filerRelation": "UNREPORTED", "moneyText": "", "startDate": "2019-09-11", "ownership": "D"}, {"maxAge": 1, "shares": 5732837, "filerUrl": "", "transactionText": "", "filerName": "Reddy (Suneeta)", "filerRelation": "Promoter", "moneyText": "", "startDate": "2019-09-11", "ownership": "D"}], "maxAge": 1}, "quoteType": {"exchange": "BSE", "quoteType": "EQUITY", "symbol": "APOLLOHOSP.BO", "underlyingSymbol": "APOLLOHOSP.BO", "shortName": "APOLLO HOSPITALS ENTERPRISE LT", "longName": "Apollo Hospitals Enterprise Limited", "firstTradeDateEpochUtc": "2000-07-18 09:15:00", "timeZoneFullName": "Asia/Kolkata", "timeZoneShortName": "IST", "uuid": "6c0b9415-ca0a-3279-b365-4e906293ba91", "messageBoardId": null, "gmtOffSetMilliseconds": 19800000, "maxAge": 1}, "incomeStatementHistory": {"incomeStatementHistory": [{"maxAge": 1, "endDate": "2020-03-31", "totalRevenue": 112468000000, "costOfRevenue": 74796000000, "grossProfit": 37672000000, "researchDevelopment": {}, "sellingGeneralAdministrative": 3348000000, "nonRecurring": {}, "otherOperatingExpenses": 18414000000, "totalOperatingExpenses": 102755000000, "operatingIncome": 9713000000, "totalOtherIncomeExpenseNet": -3144000000, "ebit": 9713000000, "interestExpense": -4633000000, "incomeBeforeTax": 6569000000, "incomeTaxExpense": 2252000000, "minorityInterest": 1307000000, "netIncomeFromContinuingOps": 4317000000, "discontinuedOperations": {}, "extraordinaryItems": {}, "effectOfAccountingCharges": {}, "otherItems": {}, "netIncome": 4548000000, "netIncomeApplicableToCommonShares": 4549000000}, {"maxAge": 1, "endDate": "2019-03-31", "totalRevenue": 96175000000, "costOfRevenue": 63598000000, "grossProfit": 32577000000, "researchDevelopment": {}, "sellingGeneralAdministrative": 5476000000, "nonRecurring": {}, "otherOperatingExpenses": 16404000000, "totalOperatingExpenses": 89433000000, "operatingIncome": 6742000000, "totalOtherIncomeExpenseNet": -3007000000, "ebit": 6742000000, "interestExpense": -2837000000, "incomeBeforeTax": 3735000000, "incomeTaxExpense": 1734000000, "minorityInterest": 1355000000, "netIncomeFromContinuingOps": 2001000000, "discontinuedOperations": {}, "extraordinaryItems": {}, "effectOfAccountingCharges": {}, "otherItems": {}, "netIncome": 2360000000, "netIncomeApplicableToCommonShares": 2360000000}, {"maxAge": 1, "endDate": "2018-03-31", "totalRevenue": 82434680000, "costOfRevenue": 55273910000, "grossProfit": 27160770000, "researchDevelopment": {}, "sellingGeneralAdministrative": 5063860000, "nonRecurring": {}, "otherOperatingExpenses": 13973750000, "totalOperatingExpenses": 78012710000, "operatingIncome": 4421970000, "totalOtherIncomeExpenseNet": -2707350000, "ebit": 4421970000, "interestExpense": -2592070000, "incomeBeforeTax": 1714620000, "incomeTaxExpense": 1119050000, "minorityInterest": 1324370000, "netIncomeFromContinuingOps": 595570000, "discontinuedOperations": {}, "extraordinaryItems": {}, "effectOfAccountingCharges": {}, "otherItems": {}, "netIncome": 1174180000, "netIncomeApplicableToCommonShares": 1174180000}, {"maxAge": 1, "endDate": "2017-03-31", "totalRevenue": 72557030000, "costOfRevenue": 48840180000, "grossProfit": 23716850000, "researchDevelopment": {}, "sellingGeneralAdministrative": 4555680000, "nonRecurring": {}, "otherOperatingExpenses": 11638780000, "totalOperatingExpenses": 68359510000, "operatingIncome": 4197520000, "totalOtherIncomeExpenseNet": -1976730000, "ebit": 4197520000, "interestExpense": -2284330000, "incomeBeforeTax": 2220790000, "incomeTaxExpense": 909590000, "minorityInterest": 1245750000, "netIncomeFromContinuingOps": 1311200000, "discontinuedOperations": {}, "extraordinaryItems": {}, "effectOfAccountingCharges": {}, "otherItems": {}, "netIncome": 2209900000, "netIncomeApplicableToCommonShares": 2209900000}], "maxAge": 86400}, "fundOwnership": {"maxAge": 1, "ownershipList": []}, "summaryDetail": {"maxAge": 1, "priceHint": 2, "previousClose": 3238.4, "open": 3270.0, "dayLow": 3184.0, "dayHigh": 3307.5, "regularMarketPreviousClose": 3238.4, "regularMarketOpen": 3270.0, "regularMarketDayLow": 3184.0, "regularMarketDayHigh": 3307.5, "trailingPE": 234.80623, "volume": 31648, "regularMarketVolume": 31648, "averageVolume": 48099, "averageVolume10days": 157833, "averageDailyVolume10Day": 157833, "bid": 3188.0, "ask": 3199.0, "bidSize": 0, "askSize": 0, "marketCap": 444638593024, "fiftyTwoWeekLow": 1047.45, "fiftyTwoWeekHigh": 3307.5, "fiftyDayAverage": 2700.9758, "twoHundredDayAverage": 2227.2786, "trailingAnnualDividendRate": 6.0, "trailingAnnualDividendYield": 0.0018527668, "currency": "INR", "fromCurrency": null, "toCurrency": null, "lastMarket": null, "algorithm": null, "tradeable": false}, "incomeStatementHistoryQuarterly": {"incomeStatementHistory": [{"maxAge": 1, "endDate": "2020-06-30", "totalRevenue": 21715000000, "costOfRevenue": 16661700000, "grossProfit": 5053300000, "researchDevelopment": {}, "sellingGeneralAdministrative": {}, "nonRecurring": {}, "otherOperatingExpenses": 4698500000, "totalOperatingExpenses": 22962000000, "operatingIncome": -1247000000, "totalOtherIncomeExpenseNet": -1423000000, "ebit": -1247000000, "interestExpense": -1273900000, "incomeBeforeTax": -2670000000, "incomeTaxExpense": -407600000, "minorityInterest": {}, "netIncomeFromContinuingOps": -2262400000, "discontinuedOperations": {}, "extraordinaryItems": {}, "effectOfAccountingCharges": {}, "otherItems": {}, "netIncome": -2081900000, "netIncomeApplicableToCommonShares": -2081900000}, {"maxAge": 1, "endDate": "2020-03-31", "totalRevenue": 29224300000, "costOfRevenue": 20743900000, "grossProfit": 8480400000, "researchDevelopment": {}, "sellingGeneralAdministrative": 3348000000, "nonRecurring": {}, "otherOperatingExpenses": 1294600000, "totalOperatingExpenses": 27025200000, "operatingIncome": 2199100000, "totalOtherIncomeExpenseNet": 636400000, "ebit": 2199100000, "interestExpense": -657600000, "incomeBeforeTax": 2835500000, "incomeTaxExpense": 740500000, "minorityInterest": 1307000000, "netIncomeFromContinuingOps": 2095000000, "discontinuedOperations": {}, "extraordinaryItems": {}, "effectOfAccountingCharges": {}, "otherItems": {}, "netIncome": 2192200000, "netIncomeApplicableToCommonShares": 2193200000}, {"maxAge": 1, "endDate": "2019-12-31", "totalRevenue": 29117400000, "costOfRevenue": 18925100000, "grossProfit": 10192300000, "researchDevelopment": {}, "sellingGeneralAdministrative": 3348000000, "nonRecurring": {}, "otherOperatingExpenses": 5892100000, "totalOperatingExpenses": 26390300000, "operatingIncome": 2727100000, "totalOtherIncomeExpenseNet": -1274100000, "ebit": 2727100000, "interestExpense": -1374300000, "incomeBeforeTax": 1453000000, "incomeTaxExpense": 553500000, "minorityInterest": 1307000000, "netIncomeFromContinuingOps": 899500000, "discontinuedOperations": {}, "extraordinaryItems": {}, "effectOfAccountingCharges": {}, "otherItems": {}, "netIncome": 921400000, "netIncomeApplicableToCommonShares": 921400000}, {"maxAge": 1, "endDate": "2019-09-30", "totalRevenue": 28407400000, "costOfRevenue": 18415200000, "grossProfit": 9992200000, "researchDevelopment": {}, "sellingGeneralAdministrative": 3348000000, "nonRecurring": {}, "otherOperatingExpenses": 5857400000, "totalOperatingExpenses": 25817700000, "operatingIncome": 2589700000, "totalOtherIncomeExpenseNet": -1253200000, "ebit": 2589700000, "interestExpense": -1343400000, "incomeBeforeTax": 1336500000, "incomeTaxExpense": 505500000, "minorityInterest": 1304200000, "netIncomeFromContinuingOps": 831000000, "discontinuedOperations": {}, "extraordinaryItems": {}, "effectOfAccountingCharges": {}, "otherItems": {}, "netIncome": 862400000, "netIncomeApplicableToCommonShares": 862400000}], "maxAge": 86400}, "cashflowStatementHistoryQuarterly": {"cashflowStatements": [{"maxAge": 1, "endDate": "2020-06-30", "netIncome": -2081900000, "changeToLiabilities": 0}, {"maxAge": 1, "endDate": "2020-03-31", "netIncome": 2192200000, "changeToLiabilities": 0}, {"maxAge": 1, "endDate": "2019-12-31", "netIncome": 921400000, "changeToLiabilities": 0}, {"maxAge": 1, "endDate": "2019-09-30", "netIncome": 862400000, "changeToLiabilities": 0}], "maxAge": 86400}, "insiderHolders": {"holders": [{"maxAge": 1, "name": "Anand (Karthik)", "relation": "Promoter", "url": "", "transactionDescription": "Other", "latestTransDate": "2020-03-25", "positionDirect": 345238, "positionDirectDate": "2020-03-25"}, {"maxAge": 1, "name": "Reddy (Aditya)", "relation": "Promoter", "url": "", "transactionDescription": "Other", "latestTransDate": "2020-03-31", "positionDirect": 10200, "positionDirectDate": "2020-03-31"}, {"maxAge": 1, "name": "Reddy (Harshad)", "relation": "Promoter", "url": "", "transactionDescription": "Acquisition", "latestTransDate": "2020-03-20", "positionDirect": 327900, "positionDirectDate": "2020-03-20"}, {"maxAge": 1, "name": "Reddy (Karthik Anand)", "relation": "Promoter", "url": "", "transactionDescription": "Acquisition", "latestTransDate": "2020-03-25", "positionDirect": 345238, "positionDirectDate": "2020-03-25"}, {"maxAge": 1, "name": "Reddy (Prathap C)", "relation": "Executive Chairman", "url": "", "transactionDescription": "Sale", "latestTransDate": "2019-09-11", "positionDirect": 245464, "positionDirectDate": "2019-09-11"}, {"maxAge": 1, "name": "Reddy (Sindoori)", "relation": "Promoter", "url": "", "transactionDescription": "Other", "latestTransDate": "2020-03-31", "positionDirect": 318600, "positionDirectDate": "2020-03-31"}, {"maxAge": 1, "name": "Reddy (Sucharitha P)", "relation": "UNREPORTED", "url": "", "transactionDescription": "Sale", "latestTransDate": "2019-09-11", "positionDirect": 169800, "positionDirectDate": "2019-09-11"}, {"maxAge": 1, "name": "Reddy (Suneeta)", "relation": "Director (Executive)", "url": "", "transactionDescription": "Other", "latestTransDate": "2020-03-31", "positionDirect": 4381695, "positionDirectDate": "2020-03-31"}], "maxAge": 1}, "calendarEvents": {"maxAge": 1, "earnings": {"earningsDate": []}}, "price": {"maxAge": 1, "regularMarketChangePercent": -0.012166473, "regularMarketChange": -39.399902, "regularMarketTime": "2021-04-30 15:29:49", "priceHint": 2, "regularMarketPrice": 3199.0, "regularMarketDayHigh": 3307.5, "regularMarketDayLow": 3184.0, "regularMarketVolume": 31648, "averageDailyVolume10Day": 157833, "averageDailyVolume3Month": 48099, "regularMarketPreviousClose": 3238.4, "regularMarketSource": "FREE_REALTIME", "regularMarketOpen": 3270.0, "exchange": "BSE", "exchangeName": "BSE", "exchangeDataDelayedBy": 0, "marketState": "CLOSED", "quoteType": "EQUITY", "symbol": "APOLLOHOSP.BO", "underlyingSymbol": null, "shortName": "APOLLO HOSPITALS ENTERPRISE LT", "longName": "Apollo Hospitals Enterprise Limited", "currency": "INR", "quoteSourceName": "Delayed Quote", "currencySymbol": "\u20b9", "fromCurrency": null, "toCurrency": null, "lastMarket": null, "marketCap": 444638593024}, "balanceSheetHistory": {"balanceSheetStatements": [{"maxAge": 1, "endDate": "2020-03-31", "cash": 3807000000, "netReceivables": 11928000000, "inventory": 7378000000, "otherCurrentAssets": 2036000000, "totalCurrentAssets": 26469000000, "longTermInvestments": 3592000000, "propertyPlantEquipment": 72609000000, "goodWill": 3462000000, "intangibleAssets": 547000000, "otherAssets": 6705000000, "deferredLongTermAssetCharges": 496000000, "totalAssets": 113384000000, "accountsPayable": 9088000000, "shortLongTermDebt": 2461000000, "otherCurrentLiab": 2916000000, "longTermDebt": 28520000000, "otherLiab": 8117000000, "minorityInterest": 1307000000, "totalCurrentLiabilities": 23373000000, "totalLiab": 78686000000, "commonStock": 696000000, "retainedEarnings": 15513000000, "treasuryStock": 43000000, "capitalSurplus": 17139000000, "otherStockholderEquity": 43000000, "totalStockholderEquity": 33391000000, "netTangibleAssets": 29382000000}, {"maxAge": 1, "endDate": "2019-03-31", "cash": 2862000000, "shortTermInvestments": 1973500000, "netReceivables": 11458000000, "inventory": 5848000000, "otherCurrentAssets": 1467000000, "totalCurrentAssets": 22817000000, "longTermInvestments": 3928000000, "propertyPlantEquipment": 54156000000, "goodWill": 3462000000, "intangibleAssets": 351000000, "otherAssets": 7117000000, "deferredLongTermAssetCharges": 174000000, "totalAssets": 91831000000, "accountsPayable": 7131000000, "shortLongTermDebt": 2210000000, "otherCurrentLiab": 3267000000, "longTermDebt": 29514000000, "otherLiab": 8066000000, "minorityInterest": 1355000000, "totalCurrentLiabilities": 19554000000, "totalLiab": 57141000000, "commonStock": 696000000, "retainedEarnings": 14954000000, "treasuryStock": 546000000, "capitalSurplus": 17139000000, "otherStockholderEquity": 546000000, "totalStockholderEquity": 33335000000, "netTangibleAssets": 29522000000}, {"maxAge": 1, "endDate": "2018-03-31", "cash": 3063330000, "netReceivables": 10091380000, "inventory": 5658420000, "otherCurrentAssets": 2353450000, "totalCurrentAssets": 22201250000, "longTermInvestments": 2941160000, "propertyPlantEquipment": 50907610000, "goodWill": 3461990000, "intangibleAssets": 409490000, "otherAssets": 6206390000, "deferredLongTermAssetCharges": 171680000, "totalAssets": 86127890000, "accountsPayable": 6060240000, "shortLongTermDebt": 1220820000, "otherCurrentLiab": 3298340000, "longTermDebt": 29256960000, "otherLiab": 7334490000, "minorityInterest": 1324370000, "totalCurrentLiabilities": 15672290000, "totalLiab": 52288470000, "commonStock": 695630000, "retainedEarnings": 13851220000, "treasuryStock": 829680000, "capitalSurplus": 17138520000, "otherStockholderEquity": 829680000, "totalStockholderEquity": 32515050000, "netTangibleAssets": 28643570000}, {"maxAge": 1, "endDate": "2017-03-31", "cash": 2827820000, "netReceivables": 7591640000, "inventory": 4668670000, "otherCurrentAssets": 4647450000, "totalCurrentAssets": 21292160000, "longTermInvestments": 3002000000, "propertyPlantEquipment": 45561690000, "goodWill": 3462520000, "intangibleAssets": 277290000, "otherAssets": 7597200000, "deferredLongTermAssetCharges": 162700000, "totalAssets": 81192860000, "accountsPayable": 5011930000, "shortLongTermDebt": 998230000, "otherCurrentLiab": 1515710000, "longTermDebt": 29493160000, "otherLiab": 7647780000, "minorityInterest": 1245750000, "totalCurrentLiabilities": 9633560000, "totalLiab": 46815090000, "commonStock": 695630000, "retainedEarnings": 14721660000, "treasuryStock": 541710000, "capitalSurplus": 17138520000, "otherStockholderEquity": 541710000, "totalStockholderEquity": 33097520000, "netTangibleAssets": 29357710000}], "maxAge": 86400}, "financialData": {"maxAge": 86400, "currentPrice": 3199.0, "recommendationKey": "none", "grossProfits": 37672000000, "financialCurrency": "INR"}}}