{"APOLLO.NS": {"assetProfile": {"address1": "Plot No 128/A", "address2": "Road No. 12, BEL Road IDA Mallapur, Uppal Mandal Rangareddy", "city": "Hyderabad", "zip": "500076", "country": "India", "phone": "91 40 2716 7000", "fax": "91 40 2715 0820", "website": "http://www.apollo-micro.com", "industry": "Aerospace & Defense", "sector": "Industrials", "longBusinessSummary": "Apollo Micro Systems Limited designs, develops, assembles, and tests electronic and electro-mechanical solutions in India. The company offers DSP products, missile hardware simulators, integrated avionics modules, generic PCM encoders and decoders, DSSS de-modulators, seeker electronics, RPF and signal processing systems, turret control and power units, missile interface units, launcher controllers, launcher interface units, tiger sharc DSP-signal processors, quad actuator controllers, fault tolerant and system relay boxes, and DSP controllers. It also provides ground defense products, including ESM-eagle kit, embedded arss, PSU, and auxiliary controllers; and integrated payload checkout systems, satellite data simulators, high speed frame synchronizers, time code readers/generators, bit synchronizers, monopulse tracking receivers, PCIE-HSDR systems, PCM-two channel decommutators, PCIe based two channel data acquisition cards, and PCI-X based two channel serial data acquisition cards. In addition, the company offers transportation products, such as GPA based integrated mine management systems, weight-in-motion systems, tire care products, passenger information systems, and station announcement systems; embedded solutions, including Ethernet, base band modules, converters, USB/Ethernet protocol converters, dual data bus couplers, and data bus solutions; and home land security products comprising solar street lighting, CCTV surveillance, vehicle tracking, boom barrier, RFID fleet management, UAV detecting and jamming, GSM interception, Wi-Fi interception, lawful interception, and portable x-ray inspection systems, as well as passenger information displays, wall radar, and reactive convoy and stationary, and portable and stationary bomb jammers. Further, it provides electronic manufacturing, hardware design, IT and software, and electronic design and mechanical engineering CAD services. Apollo Micro systems Limited was founded in 1985 and is based in Hyderabad, India.", "fullTimeEmployees": 285, "companyOfficers": [{"maxAge": 1, "name": "Mr. Karunakar Reddy Baddam", "age": 58, "title": "Founder, MD & Director", "yearBorn": 1962, "fiscalYear": 2020, "totalPay": 13360310, "exercisedValue": 0, "unexercisedValue": 0}, {"maxAge": 1, "name": "Mr. Sudarshan  Chiluveru", "age": 67, "title": "Chief Financial Officer", "yearBorn": 1953, "fiscalYear": 2020, "totalPay": 1398226, "exercisedValue": 0, "unexercisedValue": 0}, {"maxAge": 1, "name": "Mr. Venkata Siva Prasad Chandrapati", "age": 49, "title": "Whole Time Director of Technical & Exec. Director", "yearBorn": 1971, "fiscalYear": 2020, "totalPay": 2389342, "exercisedValue": 0, "unexercisedValue": 0}, {"maxAge": 1, "name": "Mr. Vitta Chaitanya Siva Shankar", "title": "Company Sec. & Compliance Officer", "fiscalYear": 2020, "totalPay": 404166, "exercisedValue": 0, "unexercisedValue": 0}, {"maxAge": 1, "name": "Mr. Krishna Sai Kumar Addepalli", "age": 41, "title": "Whole Time Director of Operations & Exec. Director", "yearBorn": 1979, "fiscalYear": 2020, "totalPay": 2389342, "exercisedValue": 0, "unexercisedValue": 0}, {"maxAge": 1, "name": "Mr. Aluri Venkateswara Rao", "age": 48, "title": "Associate VP and Sr. GM of Marketing & Sales", "yearBorn": 1972, "exercisedValue": 0, "unexercisedValue": 0}, {"maxAge": 1, "name": "Mr. K. C. Satyanarayana", "title": "Head of Special Products Group", "exercisedValue": 0, "unexercisedValue": 0}, {"maxAge": 1, "name": "Ms. T.  Ratnamani", "title": "VP of Technology", "fiscalYear": 2019, "exercisedValue": 0, "unexercisedValue": 0}], "compensationAsOfEpochDate": "2020-12-31 05:30:00", "maxAge": 86400}, "cashflowStatementHistory": {"cashflowStatements": [{"maxAge": 1, "endDate": "2020-03-31", "netIncome": 140112777, "depreciation": 98954464, "changeToNetincome": 189302721, "changeToAccountReceivables": 338361660, "changeToLiabilities": 199054647, "changeToInventory": -350654932, "changeToOperatingActivities": -146024699, "totalCashFromOperatingActivities": 469106638, "capitalExpenditures": -266071491, "otherCashflowsFromInvestingActivities": 79205616, "totalCashflowsFromInvestingActivities": -186865875, "netBorrowings": -209258934, "otherCashflowsFromFinancingActivities": -151044734, "totalCashFromFinancingActivities": -360303668, "changeInCash": -78062905}, {"maxAge": 1, "endDate": "2019-03-31", "netIncome": 291185266, "depreciation": 61950838, "changeToNetincome": 56715986, "changeToAccountReceivables": -546051357, "changeToLiabilities": -561991195, "changeToInventory": -10827920, "changeToOperatingActivities": -20293906, "totalCashFromOperatingActivities": -729312288, "capitalExpenditures": -186119644, "otherCashflowsFromInvestingActivities": 822232360, "totalCashflowsFromInvestingActivities": 636112716, "dividendsPaid": -25031968, "netBorrowings": 260431226, "otherCashflowsFromFinancingActivities": -135797212, "totalCashFromFinancingActivities": 99602046, "changeInCash": 6402475}, {"maxAge": 1, "endDate": "2018-03-31", "netIncome": 191665200, "depreciation": 64984582, "changeToNetincome": 170452734, "changeToAccountReceivables": -432461597, "changeToLiabilities": 253581139, "changeToInventory": -577201914, "changeToOperatingActivities": -95558274, "totalCashFromOperatingActivities": -424538130, "capitalExpenditures": -213881917, "otherCashflowsFromInvestingActivities": -882674421, "totalCashflowsFromInvestingActivities": -1096556338, "dividendsPaid": -25031968, "netBorrowings": -89519141, "otherCashflowsFromFinancingActivities": -210494921, "totalCashFromFinancingActivities": 1517646036, "changeInCash": -3448432, "issuanceOfStock": 1817660098}, {"maxAge": 1, "endDate": "2017-03-31", "netIncome": 174534963, "depreciation": 39259661, "changeToNetincome": 178463951, "changeToAccountReceivables": 148736889, "changeToLiabilities": -36947775, "changeToInventory": -414774477, "changeToOperatingActivities": 49160864, "totalCashFromOperatingActivities": 138434076, "capitalExpenditures": -155178838, "otherCashflowsFromInvestingActivities": -13636030, "totalCashflowsFromInvestingActivities": -168814868, "dividendsPaid": -25031968, "netBorrowings": 1677565, "otherCashflowsFromFinancingActivities": -114375551, "totalCashFromFinancingActivities": -112697986, "changeInCash": -143078778, "issuanceOfStock": 1817660098}], "maxAge": 86400}, "institutionOwnership": {"maxAge": 1, "ownershipList": []}, "majorHoldersBreakdown": {"maxAge": 1, "insidersPercentHeld": 0.63927, "institutionsPercentHeld": 0.080340005, "institutionsFloatPercentHeld": 0.22273001, "institutionsCount": 2}, "balanceSheetHistoryQuarterly": {"balanceSheetStatements": [{"maxAge": 1, "endDate": "2020-12-31", "totalStockholderEquity": 2994604928, "netTangibleAssets": 2994604928}, {"maxAge": 1, "endDate": "2020-09-30", "cash": 108221048, "netReceivables": 1597121505, "inventory": 2185196875, "otherCurrentAssets": 329799172, "totalCurrentAssets": 4220338600, "longTermInvestments": 189328, "propertyPlantEquipment": 909611681, "otherAssets": 1998432, "totalAssets": 5132138041, "accountsPayable": 693674006, "otherCurrentLiab": 190908521, "otherLiab": 147170061, "minorityInterest": 6880278, "totalCurrentLiabilities": 1983482774, "totalLiab": 2130652835, "commonStock": 207588860, "treasuryStock": 2787016068, "otherStockholderEquity": 2787016068, "totalStockholderEquity": 2994604928, "netTangibleAssets": 2994604928}, {"maxAge": 1, "endDate": "2020-06-30", "totalStockholderEquity": 2959152082, "netTangibleAssets": 2958349302}, {"maxAge": 1, "endDate": "2020-03-31", "cash": 880071, "netReceivables": 1356739547, "inventory": 2248266220, "otherCurrentAssets": 172712404, "totalCurrentAssets": 3782518844, "propertyPlantEquipment": 867846225, "intangibleAssets": 802780, "otherAssets": -1, "totalAssets": 4651167848, "accountsPayable": 569362672, "shortLongTermDebt": 4716610, "otherCurrentLiab": 78221597, "longTermDebt": 88591, "otherLiab": 139337261, "totalCurrentLiabilities": 1552589915, "totalLiab": 1692015767, "commonStock": 207588860, "retainedEarnings": 1097806558, "capitalSurplus": 1653756663, "totalStockholderEquity": 2959152081, "netTangibleAssets": 2958349301}], "maxAge": 86400}, "indexTrend": {"maxAge": 1, "symbol": "SP5", "peRatio": 19.7411, "pegRatio": 1.34172, "estimates": [{"period": "0q", "growth": 0.549}, {"period": "+1q", "growth": 0.431}, {"period": "0y", "growth": 0.305}, {"period": "+1y", "growth": 0.109}, {"period": "+5y", "growth": 0.120865}, {"period": "-5y"}]}, "defaultKeyStatistics": {"maxAge": 1, "priceHint": 2, "enterpriseValue": 3136357376, "profitMargins": 0.043080002, "floatShares": 6029574, "sharesOutstanding": 20763900, "heldPercentInsiders": 0.63927, "heldPercentInstitutions": 0.080340005, "beta": 1.840318, "category": null, "bookValue": 143.946, "priceToBook": 0.71415675, "fundFamily": null, "legalType": null, "lastFiscalYearEnd": "2020-03-31 05:30:00", "nextFiscalYearEnd": "2022-03-31 05:30:00", "mostRecentQuarter": "2020-12-31 05:30:00", "earningsQuarterlyGrowth": -0.599, "netIncomeToCommon": 85507080, "trailingEps": 4.117, "lastSplitFactor": null, "enterpriseToRevenue": 1.58, "enterpriseToEbitda": 7.732, "52WeekChange": 0.28499997, "SandP52WeekChange": 0.48148263, "lastDividendValue": 0.5, "lastDividendDate": 1600300800}, "summaryProfile": {"address1": "Plot No 128/A", "address2": "Road No. 12, BEL Road IDA Mallapur, Uppal Mandal Rangareddy", "city": "Hyderabad", "zip": "500076", "country": "India", "phone": "91 40 2716 7000", "fax": "91 40 2715 0820", "website": "http://www.apollo-micro.com", "industry": "Aerospace & Defense", "sector": "Industrials", "longBusinessSummary": "Apollo Micro Systems Limited designs, develops, assembles, and tests electronic and electro-mechanical solutions in India. The company offers DSP products, missile hardware simulators, integrated avionics modules, generic PCM encoders and decoders, DSSS de-modulators, seeker electronics, RPF and signal processing systems, turret control and power units, missile interface units, launcher controllers, launcher interface units, tiger sharc DSP-signal processors, quad actuator controllers, fault tolerant and system relay boxes, and DSP controllers. It also provides ground defense products, including ESM-eagle kit, embedded arss, PSU, and auxiliary controllers; and integrated payload checkout systems, satellite data simulators, high speed frame synchronizers, time code readers/generators, bit synchronizers, monopulse tracking receivers, PCIE-HSDR systems, PCM-two channel decommutators, PCIe based two channel data acquisition cards, and PCI-X based two channel serial data acquisition cards. In addition, the company offers transportation products, such as GPA based integrated mine management systems, weight-in-motion systems, tire care products, passenger information systems, and station announcement systems; embedded solutions, including Ethernet, base band modules, converters, USB/Ethernet protocol converters, dual data bus couplers, and data bus solutions; and home land security products comprising solar street lighting, CCTV surveillance, vehicle tracking, boom barrier, RFID fleet management, UAV detecting and jamming, GSM interception, Wi-Fi interception, lawful interception, and portable x-ray inspection systems, as well as passenger information displays, wall radar, and reactive convoy and stationary, and portable and stationary bomb jammers. Further, it provides electronic manufacturing, hardware design, IT and software, and electronic design and mechanical engineering CAD services. Apollo Micro systems Limited was founded in 1985 and is based in Hyderabad, India.", "fullTimeEmployees": 285, "companyOfficers": [], "maxAge": 86400}, "netSharePurchaseActivity": {"maxAge": 1, "period": "6m", "buyInfoCount": 0, "buyInfoShares": 0, "sellInfoCount": 0, "netInfoCount": 0, "netInfoShares": 0, "netPercentInsiderShares": 0.0, "totalInsiderShares": 13325011}, "insiderTransactions": {"transactions": [{"maxAge": 1, "shares": 1227, "value": 1570, "filerUrl": "", "transactionText": "Sale at price 1.28 per share.", "filerName": "Apollo Employees Foundation", "filerRelation": "UNREPORTED", "moneyText": "", "startDate": "2021-03-30", "ownership": "D"}, {"maxAge": 1, "shares": 1300, "value": 1720, "filerUrl": "", "transactionText": "Sale at price 1.32 per share.", "filerName": "Apollo Employees Foundation", "filerRelation": "Institution- Corporation", "moneyText": "", "startDate": "2021-03-26", "ownership": "D"}, {"maxAge": 1, "shares": 2473, "value": 3238, "filerUrl": "", "transactionText": "Sale at price 1.31 per share.", "filerName": "Apollo Employees Foundation", "filerRelation": "Institution- Corporation", "moneyText": "", "startDate": "2021-03-25", "ownership": "D"}, {"maxAge": 1, "shares": 1000, "value": 1446, "filerUrl": "", "transactionText": "Acquisition at price 1.45 per share.", "filerName": "Chiluveru (Sudarshan)", "filerRelation": "UNREPORTED", "moneyText": "", "startDate": "2021-02-26", "ownership": "D"}, {"maxAge": 1, "shares": 900, "value": 1339, "filerUrl": "", "transactionText": "Acquisition at price 1.49 per share.", "filerName": "Chiluveru (Bhagyalaxmi)", "filerRelation": "UNREPORTED", "moneyText": "", "startDate": "2021-02-26", "ownership": "D"}, {"maxAge": 1, "shares": 1900, "value": 3252, "filerUrl": "", "transactionText": "Sale at price 1.71 per share.", "filerName": "Chiluveru (Sudarshan)", "filerRelation": "UNREPORTED", "moneyText": "", "startDate": "2020-12-07", "ownership": "D"}, {"maxAge": 1, "shares": 4000, "value": 6335, "filerUrl": "", "transactionText": "Sale at price 1.58 per share.", "filerName": "Chiluveru (Bhagyalaxmi)", "filerRelation": "UNREPORTED", "moneyText": "", "startDate": "2020-11-27", "ownership": "D"}, {"maxAge": 1, "shares": 1000, "filerUrl": "", "transactionText": "", "filerName": "Chiluveru (Bhagyalaxmi)", "filerRelation": "UNREPORTED", "moneyText": "", "startDate": "2020-02-18", "ownership": "D"}, {"maxAge": 1, "shares": 500, "filerUrl": "", "transactionText": "", "filerName": "Chiluveru (Bhagyalaxmi)", "filerRelation": "UNREPORTED", "moneyText": "", "startDate": "2020-02-17", "ownership": "D"}, {"maxAge": 1, "shares": 1762, "filerUrl": "", "transactionText": "", "filerName": "Chiluveru (Bhagyalaxmi)", "filerRelation": "UNREPORTED", "moneyText": "", "startDate": "2020-02-14", "ownership": "D"}, {"maxAge": 1, "shares": 200, "filerUrl": "", "transactionText": "", "filerName": "Reddy (Ramidi Narsimha)", "filerRelation": "Chief Operating Officer", "moneyText": "", "startDate": "2019-06-13", "ownership": "D"}, {"maxAge": 1, "shares": 500, "filerUrl": "", "transactionText": "", "filerName": "Reddy (Ramidi Narsimha)", "filerRelation": "Chief Operating Officer", "moneyText": "", "startDate": "2019-05-24", "ownership": "D"}, {"maxAge": 1, "shares": 50, "filerUrl": "", "transactionText": "", "filerName": "Apurva", "filerRelation": "UNREPORTED", "moneyText": "", "startDate": "2019-03-29", "ownership": "D"}, {"maxAge": 1, "shares": 750, "filerUrl": "", "transactionText": "", "filerName": "Kumar (Srikanth B)", "filerRelation": "UNREPORTED", "moneyText": "", "startDate": "2019-03-28", "ownership": "D"}, {"maxAge": 1, "shares": 650, "filerUrl": "", "transactionText": "", "filerName": "Sathaiah (Aerpula)", "filerRelation": "UNREPORTED", "moneyText": "", "startDate": "2019-03-28", "ownership": "D"}, {"maxAge": 1, "shares": 1100, "filerUrl": "", "transactionText": "", "filerName": "Siva Prasad (Chandrapati Venkata)", "filerRelation": "Wholetime Director", "moneyText": "", "startDate": "2019-03-28", "ownership": "D"}, {"maxAge": 1, "shares": 400, "filerUrl": "", "transactionText": "", "filerName": "Rapaka (Mahesh)", "filerRelation": "UNREPORTED", "moneyText": "", "startDate": "2019-03-28", "ownership": "D"}, {"maxAge": 1, "shares": 650, "filerUrl": "", "transactionText": "", "filerName": "Rampalli (Shivshankar)", "filerRelation": "UNREPORTED", "moneyText": "", "startDate": "2019-03-28", "ownership": "D"}, {"maxAge": 1, "shares": 150, "filerUrl": "", "transactionText": "", "filerName": "Apurva", "filerRelation": "UNREPORTED", "moneyText": "", "startDate": "2019-03-28", "ownership": "D"}, {"maxAge": 1, "shares": 700, "filerUrl": "", "transactionText": "", "filerName": "Chiluveru (Bhagyalaxmi)", "filerRelation": "UNREPORTED", "moneyText": "", "startDate": "2019-03-07", "ownership": "D"}, {"maxAge": 1, "shares": 3663, "filerUrl": "", "transactionText": "", "filerName": "Apollo Employees Foundation", "filerRelation": "Institution- Corporation", "moneyText": "", "startDate": "2019-02-19", "ownership": "D"}, {"maxAge": 1, "shares": 155, "filerUrl": "", "transactionText": "", "filerName": "Apollo Employees Foundation", "filerRelation": "Institution- Corporation", "moneyText": "", "startDate": "2019-02-18", "ownership": "D"}, {"maxAge": 1, "shares": 1182, "filerUrl": "", "transactionText": "", "filerName": "Apollo Employees Foundation", "filerRelation": "Institution- Corporation", "moneyText": "", "startDate": "2019-02-15", "ownership": "D"}], "maxAge": 1}, "quoteType": {"exchange": "NSI", "quoteType": "EQUITY", "symbol": "APOLLO.NS", "underlyingSymbol": "APOLLO.NS", "shortName": "APOLLO MICRO SYSTE", "longName": "Apollo Micro Systems Limited", "firstTradeDateEpochUtc": "2018-01-22 09:15:00", "timeZoneFullName": "Asia/Kolkata", "timeZoneShortName": "IST", "uuid": "dae65a56-e18f-3868-80be-177b638f76e5", "messageBoardId": "finmb_291946353", "gmtOffSetMilliseconds": 19800000, "maxAge": 1}, "incomeStatementHistory": {"incomeStatementHistory": [{"maxAge": 1, "endDate": "2020-03-31", "totalRevenue": 2459041260, "costOfRevenue": 1807517216, "grossProfit": 651524044, "researchDevelopment": {}, "sellingGeneralAdministrative": 89123209, "nonRecurring": {}, "otherOperatingExpenses": 75750370, "totalOperatingExpenses": 2071345259, "operatingIncome": 387696001, "totalOtherIncomeExpenseNet": -135086800, "ebit": 387696001, "interestExpense": -107511015, "incomeBeforeTax": 252609201, "incomeTaxExpense": 112496424, "minorityInterest": {}, "netIncomeFromContinuingOps": 140112777, "discontinuedOperations": {}, "extraordinaryItems": {}, "effectOfAccountingCharges": {}, "otherItems": {}, "netIncome": 140112777, "netIncomeApplicableToCommonShares": 140112777}, {"maxAge": 1, "endDate": "2019-03-31", "totalRevenue": 2629753244, "costOfRevenue": 1991317249, "grossProfit": 638435995, "researchDevelopment": {}, "sellingGeneralAdministrative": 87743853, "nonRecurring": {}, "otherOperatingExpenses": 66403003, "totalOperatingExpenses": 2207414943, "operatingIncome": 422338301, "totalOtherIncomeExpenseNet": -95340375, "ebit": 422338301, "interestExpense": -93831001, "incomeBeforeTax": 326997926, "incomeTaxExpense": 35812660, "minorityInterest": {}, "netIncomeFromContinuingOps": 291185266, "discontinuedOperations": {}, "extraordinaryItems": {}, "effectOfAccountingCharges": {}, "otherItems": {}, "netIncome": 291185266, "netIncomeApplicableToCommonShares": 291185266}, {"maxAge": 1, "endDate": "2018-03-31", "totalRevenue": 2204613913, "costOfRevenue": 1604112599, "grossProfit": 600501314, "researchDevelopment": {}, "sellingGeneralAdministrative": 75085768, "nonRecurring": {}, "otherOperatingExpenses": 33199265, "totalOperatingExpenses": 1777382214, "operatingIncome": 427231699, "totalOtherIncomeExpenseNet": -117650763, "ebit": 427231699, "interestExpense": -90086584, "incomeBeforeTax": 309580936, "incomeTaxExpense": 117915736, "minorityInterest": {}, "netIncomeFromContinuingOps": 191665200, "discontinuedOperations": {}, "extraordinaryItems": {}, "effectOfAccountingCharges": {}, "otherItems": {}, "netIncome": 191665200, "netIncomeApplicableToCommonShares": 191665200}, {"maxAge": 1, "endDate": "2017-03-31", "totalRevenue": 2008670952, "costOfRevenue": 1514156431, "grossProfit": 494514521, "researchDevelopment": {}, "sellingGeneralAdministrative": 66986795, "nonRecurring": {}, "otherOperatingExpenses": 21401430, "totalOperatingExpenses": 1641804317, "operatingIncome": 366866635, "totalOtherIncomeExpenseNet": -95634266, "ebit": 366866635, "interestExpense": -87447993, "incomeBeforeTax": 271232369, "incomeTaxExpense": 96697406, "minorityInterest": {}, "netIncomeFromContinuingOps": 174534963, "discontinuedOperations": {}, "extraordinaryItems": {}, "effectOfAccountingCharges": {}, "otherItems": {}, "netIncome": 174534963, "netIncomeApplicableToCommonShares": 174534963}], "maxAge": 86400}, "fundOwnership": {"maxAge": 1, "ownershipList": []}, "summaryDetail": {"maxAge": 1, "priceHint": 2, "previousClose": 110.45, "open": 106.55, "dayLow": 102.2, "dayHigh": 108.9, "regularMarketPreviousClose": 110.45, "regularMarketOpen": 106.55, "regularMarketDayLow": 102.2, "regularMarketDayHigh": 108.9, "dividendRate": 0.5, "dividendYield": 0.0045, "exDividendDate": "2020-09-17 05:30:00", "payoutRatio": 0.121400006, "beta": 1.840318, "trailingPE": 24.969639, "volume": 886416, "regularMarketVolume": 886416, "averageVolume": 229653, "averageVolume10days": 801191, "averageDailyVolume10Day": 801191, "bid": 0.0, "ask": 0.0, "bidSize": 0, "askSize": 0, "marketCap": 2134529024, "fiftyTwoWeekLow": 66.85, "fiftyTwoWeekHigh": 155.9, "priceToSalesTrailing12Months": 1.0754862, "fiftyDayAverage": 96.08143, "twoHundredDayAverage": 112.65312, "trailingAnnualDividendRate": 0.5, "trailingAnnualDividendYield": 0.0045269355, "currency": "INR", "fromCurrency": null, "toCurrency": null, "lastMarket": null, "algorithm": null, "tradeable": false}, "incomeStatementHistoryQuarterly": {"incomeStatementHistory": [{"maxAge": 1, "endDate": "2020-12-31", "totalRevenue": 352916323, "costOfRevenue": 224371205, "grossProfit": 128545118, "researchDevelopment": {}, "sellingGeneralAdministrative": 19084555, "nonRecurring": {}, "otherOperatingExpenses": 14647429, "totalOperatingExpenses": 279584360, "operatingIncome": 73331963, "totalOtherIncomeExpenseNet": -39347150, "ebit": 73331963, "interestExpense": -41193286, "incomeBeforeTax": 33984813, "incomeTaxExpense": 8555007, "minorityInterest": {}, "netIncomeFromContinuingOps": 25429806, "discontinuedOperations": {}, "extraordinaryItems": {}, "effectOfAccountingCharges": {}, "otherItems": {}, "netIncome": 25429806, "netIncomeApplicableToCommonShares": 25429806}, {"maxAge": 1, "endDate": "2020-09-30", "totalRevenue": 663115935, "costOfRevenue": 524676107, "grossProfit": 138439828, "researchDevelopment": {}, "sellingGeneralAdministrative": 17396199, "nonRecurring": {}, "otherOperatingExpenses": 14273202, "totalOperatingExpenses": 577627363, "operatingIncome": 85488572, "totalOtherIncomeExpenseNet": -36551368, "ebit": 85488572, "interestExpense": -38588892, "incomeBeforeTax": 48937204, "incomeTaxExpense": 12738752, "minorityInterest": 6880278, "netIncomeFromContinuingOps": 36198452, "discontinuedOperations": {}, "extraordinaryItems": {}, "effectOfAccountingCharges": {}, "otherItems": {}, "netIncome": 36198452, "netIncomeApplicableToCommonShares": 36198452}, {"maxAge": 1, "endDate": "2020-06-30", "totalRevenue": 237389849, "costOfRevenue": 149927256, "grossProfit": 87462593, "researchDevelopment": {}, "sellingGeneralAdministrative": 14724645, "nonRecurring": {}, "otherOperatingExpenses": 10645941, "totalOperatingExpenses": 195841469, "operatingIncome": 41548380, "totalOtherIncomeExpenseNet": -29550289, "ebit": 41548380, "interestExpense": -31225175, "incomeBeforeTax": 11998091, "incomeTaxExpense": 2374051, "minorityInterest": 6880278, "netIncomeFromContinuingOps": 9624040, "discontinuedOperations": {}, "extraordinaryItems": {}, "effectOfAccountingCharges": {}, "otherItems": {}, "netIncome": 9624040, "netIncomeApplicableToCommonShares": 9624040}, {"maxAge": 1, "endDate": "2020-03-31", "totalRevenue": 731288624, "costOfRevenue": 594147945, "grossProfit": 137140679, "researchDevelopment": {}, "sellingGeneralAdministrative": 31776349, "nonRecurring": {}, "otherOperatingExpenses": 2025118, "totalOperatingExpenses": 652706580, "operatingIncome": 78582044, "totalOtherIncomeExpenseNet": -38374564, "ebit": 78582044, "interestExpense": -1412987, "incomeBeforeTax": 40207480, "incomeTaxExpense": 25952699, "minorityInterest": 6880278, "netIncomeFromContinuingOps": 14254781, "discontinuedOperations": {}, "extraordinaryItems": {}, "effectOfAccountingCharges": {}, "otherItems": {}, "netIncome": 14254781, "netIncomeApplicableToCommonShares": 14254781}], "maxAge": 86400}, "cashflowStatementHistoryQuarterly": {"cashflowStatements": [{"maxAge": 1, "endDate": "2020-12-31", "netIncome": 25429806, "changeToLiabilities": 0}, {"maxAge": 1, "endDate": "2020-09-30", "netIncome": 36198452, "changeToLiabilities": 0}, {"maxAge": 1, "endDate": "2020-06-30", "netIncome": 9624040, "changeToLiabilities": 0}, {"maxAge": 1, "endDate": "2020-03-31", "netIncome": 14254781, "changeToLiabilities": 0}], "maxAge": 86400}, "insiderHolders": {"holders": [{"maxAge": 1, "name": "Apollo Employees Foundation", "relation": "UNREPORTED", "url": "", "transactionDescription": "Sale", "latestTransDate": "2021-03-30", "positionDirect": 0, "positionDirectDate": "2021-03-30"}, {"maxAge": 1, "name": "Apurva", "relation": "UNREPORTED", "url": "", "transactionDescription": "Acquisition", "latestTransDate": "2019-03-29", "positionDirect": 50, "positionDirectDate": "2019-03-29"}, {"maxAge": 1, "name": "Chiluveru (Bhagyalaxmi)", "relation": "UNREPORTED", "url": "", "transactionDescription": "Acquisition", "latestTransDate": "2021-02-26", "positionDirect": 1000, "positionDirectDate": "2021-02-26"}, {"maxAge": 1, "name": "Chiluveru (Sudarshan)", "relation": "UNREPORTED", "url": "", "transactionDescription": "Acquisition", "latestTransDate": "2021-02-26", "positionDirect": 1000, "positionDirectDate": "2021-02-26"}, {"maxAge": 1, "name": "Kumar (Srikanth B)", "relation": "UNREPORTED", "url": "", "transactionDescription": "Sale", "latestTransDate": "2019-03-28", "positionDirect": 0, "positionDirectDate": "2019-03-28"}, {"maxAge": 1, "name": "Rampalli (Shivshankar)", "relation": "UNREPORTED", "url": "", "transactionDescription": "Sale", "latestTransDate": "2019-03-28", "positionDirect": 100, "positionDirectDate": "2019-03-28"}, {"maxAge": 1, "name": "Rapaka (Mahesh)", "relation": "UNREPORTED", "url": "", "transactionDescription": "Sale", "latestTransDate": "2019-03-28", "positionDirect": 100, "positionDirectDate": "2019-03-28"}, {"maxAge": 1, "name": "Reddy (Ramidi Narsimha)", "relation": "Chief Operating Officer", "url": "", "transactionDescription": "Acquisition", "latestTransDate": "2019-06-13", "positionDirect": 1058, "positionDirectDate": "2019-06-13"}, {"maxAge": 1, "name": "Sathaiah (Aerpula)", "relation": "UNREPORTED", "url": "", "transactionDescription": "Sale", "latestTransDate": "2019-03-28", "positionDirect": 100, "positionDirectDate": "2019-03-28"}, {"maxAge": 1, "name": "Siva Prasad (Chandrapati Venkata)", "relation": "Wholetime Director", "url": "", "transactionDescription": "Sale", "latestTransDate": "2019-03-28", "positionDirect": 50000, "positionDirectDate": "2019-03-28"}], "maxAge": 1}, "calendarEvents": {"maxAge": 1, "earnings": {"earningsDate": []}, "exDividendDate": "2020-09-17 05:30:00"}, "price": {"maxAge": 1, "regularMarketChangePercent": -0.06926206, "regularMarketChange": -7.649994, "regularMarketTime": "2021-04-30 15:29:57", "priceHint": 2, "regularMarketPrice": 102.8, "regularMarketDayHigh": 108.9, "regularMarketDayLow": 102.2, "regularMarketVolume": 886416, "averageDailyVolume10Day": 801191, "averageDailyVolume3Month": 229653, "regularMarketPreviousClose": 110.45, "regularMarketSource": "FREE_REALTIME", "regularMarketOpen": 106.55, "exchange": "NSI", "exchangeName": "NSE", "exchangeDataDelayedBy": 15, "marketState": "CLOSED", "quoteType": "EQUITY", "symbol": "APOLLO.NS", "underlyingSymbol": null, "shortName": "APOLLO MICRO SYSTE", "longName": "Apollo Micro Systems Limited", "currency": "INR", "quoteSourceName": "Delayed Quote", "currencySymbol": "\u20b9", "fromCurrency": null, "toCurrency": null, "lastMarket": null, "marketCap": 2134529024}, "balanceSheetHistory": {"balanceSheetStatements": [{"maxAge": 1, "endDate": "2020-03-31", "cash": 880071, "netReceivables": 1356739547, "inventory": 2248266220, "otherCurrentAssets": 172712404, "totalCurrentAssets": 3782518844, "propertyPlantEquipment": 867846225, "intangibleAssets": 802780, "otherAssets": -1, "totalAssets": 4651167848, "accountsPayable": 569362672, "shortLongTermDebt": 4716610, "otherCurrentLiab": 78221597, "longTermDebt": 88591, "otherLiab": 139337261, "totalCurrentLiabilities": 1552589915, "totalLiab": 1692015767, "commonStock": 207588860, "retainedEarnings": 1097806558, "capitalSurplus": 1653756663, "totalStockholderEquity": 2959152081, "netTangibleAssets": 2958349301}, {"maxAge": 1, "endDate": "2019-03-31", "cash": 78942976, "netReceivables": 1702413730, "inventory": 1821352261, "otherCurrentAssets": 200350094, "totalCurrentAssets": 3804938581, "propertyPlantEquipment": 701531978, "totalAssets": 4506470559, "accountsPayable": 370308025, "shortLongTermDebt": 43210264, "otherCurrentLiab": 69090013, "longTermDebt": 3551595, "otherLiab": 100334191, "totalCurrentLiabilities": 1583317150, "totalLiab": 1687202936, "commonStock": 207588860, "retainedEarnings": 957922100, "treasuryStock": 2611678763, "capitalSurplus": 1653756663, "otherStockholderEquity": 2611678763, "totalStockholderEquity": 2819267623, "netTangibleAssets": 2819267623}, {"maxAge": 1, "endDate": "2018-03-31", "cash": 72540501, "netReceivables": 1155380117, "inventory": 1780847797, "otherCurrentAssets": 1021790087, "totalCurrentAssets": 4031269265, "propertyPlantEquipment": 577363171, "otherAssets": 25915382, "totalAssets": 4634547818, "accountsPayable": 932299220, "shortLongTermDebt": 89360020, "otherCurrentLiab": 125672880, "longTermDebt": 42538198, "otherLiab": 126238596, "totalCurrentLiabilities": 1909890031, "totalLiab": 2078666825, "commonStock": 207638860, "retainedEarnings": 690860842, "capitalSurplus": 1657381291, "totalStockholderEquity": 2555880993, "netTangibleAssets": 2555880993}, {"maxAge": 1, "endDate": "2017-03-31", "cash": 256130, "netReceivables": 715458477, "inventory": 1171198577, "otherCurrentAssets": 99002902, "totalCurrentAssets": 1986527165, "propertyPlantEquipment": 428465836, "otherAssets": 43590382, "totalAssets": 2458583383, "accountsPayable": 678718081, "shortLongTermDebt": 87056203, "otherCurrentLiab": 176322393, "longTermDebt": 135301739, "otherLiab": 71958310, "totalCurrentLiabilities": 1615059144, "totalLiab": 1822319193, "commonStock": 137117000, "retainedEarnings": 499147190, "totalStockholderEquity": 636264190, "netTangibleAssets": 636264190}], "maxAge": 86400}, "financialData": {"maxAge": 86400, "currentPrice": 102.8, "recommendationKey": "none", "totalCash": 108221048, "totalCashPerShare": 5.192, "ebitda": 405658144, "totalDebt": 1094924288, "totalRevenue": 1984710784, "debtToEquity": 36.479, "revenuePerShare": 95.569, "grossProfits": 651524044, "earningsGrowth": -0.6, "revenueGrowth": -0.508, "grossMargins": 0.24768999, "ebitdaMargins": 0.20438999, "operatingMargins": 0.14055, "profitMargins": 0.043080002, "financialCurrency": "INR"}}}