{"APOLSINHOT.NS": {"assetProfile": {"address1": "No.43/5, Hussain Mansion", "address2": "Ground Floor Greams Road Thousand Lights", "city": "Chennai", "zip": "600006", "country": "India", "phone": "91 44 4904 5005", "website": "http://www.apollosindoori.com", "industry": "Lodging", "sector": "Consumer Cyclical", "longBusinessSummary": "Apollo Sindoori Hotels Limited operates as a hospitality service management and support services company in India. It provides catering services to corporates, institutions, hospitals, and industries; and kitchen planning and management services. The company also operates hotels in Chennai and Bengaluru. Apollo Sindoori Hotels Limited was incorporated in 1998 and is based in Chennai, India.", "fullTimeEmployees": 4390, "companyOfficers": [{"maxAge": 1, "name": "Mr. Chithambaranathan  Natarajan", "age": 59, "title": "Whole-Time Director & CEO", "yearBorn": 1961, "exercisedValue": 0, "unexercisedValue": 0}, {"maxAge": 1, "name": "Ms. Sucharitha P. Reddy", "age": 82, "title": "MD & Director", "yearBorn": 1938, "exercisedValue": 0, "unexercisedValue": 0}, {"maxAge": 1, "name": "Mr. M. SP. Meyyappan", "age": 51, "title": "Chief Financial Officer", "yearBorn": 1969, "fiscalYear": 2020, "totalPay": 3527055, "exercisedValue": 0, "unexercisedValue": 0}, {"maxAge": 1, "name": "Ms. Rupali  Sharma", "title": "Company Sec. & Compliance Officer", "fiscalYear": 2020, "totalPay": 795711, "exercisedValue": 0, "unexercisedValue": 0}, {"maxAge": 1, "name": "Mr. S. T. Nithyanandam", "title": "Chief Operating Officer", "exercisedValue": 0, "unexercisedValue": 0}, {"maxAge": 1, "name": "Mr. N.  Suresh", "age": 52, "title": "VP of Admin.", "yearBorn": 1968, "fiscalYear": 2019, "exercisedValue": 0, "unexercisedValue": 0}, {"maxAge": 1, "name": "Sangeeta  Bhuwalka", "title": "VP of Marketing", "fiscalYear": 2018, "exercisedValue": 0, "unexercisedValue": 0}, {"maxAge": 1, "name": "Mr. Feroz  Khan", "age": 45, "title": "VP of Operations", "yearBorn": 1975, "fiscalYear": 2019, "exercisedValue": 0, "unexercisedValue": 0}], "compensationAsOfEpochDate": "2020-12-31 05:30:00", "maxAge": 86400}, "cashflowStatementHistory": {"cashflowStatements": [{"maxAge": 1, "endDate": "2020-03-31", "netIncome": 153157000, "depreciation": 29330000, "changeToNetincome": 88000, "changeToAccountReceivables": -10343000, "changeToLiabilities": 37890000, "changeToInventory": -14949000, "changeToOperatingActivities": 28147000, "totalCashFromOperatingActivities": 224194000, "capitalExpenditures": -112501000, "investments": -84291000, "otherCashflowsFromInvestingActivities": -9274000, "totalCashflowsFromInvestingActivities": -206066000, "dividendsPaid": -7801000, "netBorrowings": 47148000, "otherCashflowsFromFinancingActivities": -15737000, "totalCashFromFinancingActivities": 23610000, "changeInCash": 41738000}, {"maxAge": 1, "endDate": "2019-03-31", "netIncome": 205605000, "depreciation": 8431000, "changeToNetincome": -7062000, "changeToAccountReceivables": -41294000, "changeToLiabilities": 34893000, "changeToInventory": -3356000, "changeToOperatingActivities": 14437000, "totalCashFromOperatingActivities": 212881000, "capitalExpenditures": -22299000, "investments": -108501000, "otherCashflowsFromInvestingActivities": 669000, "totalCashflowsFromInvestingActivities": -129741000, "dividendsPaid": -6501000, "netBorrowings": -3099000, "otherCashflowsFromFinancingActivities": -2295000, "totalCashFromFinancingActivities": -11895000, "changeInCash": 71246000}, {"maxAge": 1, "endDate": "2018-03-31", "netIncome": 152130000, "depreciation": 8349000, "changeToNetincome": 6796000, "changeToAccountReceivables": -1373000, "changeToLiabilities": 24927000, "changeToInventory": 1640000, "changeToOperatingActivities": -14982000, "totalCashFromOperatingActivities": 178497000, "capitalExpenditures": -8847000, "investments": -83254000, "otherCashflowsFromInvestingActivities": -9966000, "totalCashflowsFromInvestingActivities": -101509000, "dividendsPaid": -2600000, "netBorrowings": -3445000, "otherCashflowsFromFinancingActivities": -4193000, "totalCashFromFinancingActivities": -10238000, "changeInCash": 66750000}, {"maxAge": 1, "endDate": "2017-03-31", "netIncome": 121068000, "depreciation": 8108000, "changeToNetincome": -4540000, "changeToAccountReceivables": -77981000, "changeToLiabilities": -15034000, "changeToInventory": 1988000, "changeToOperatingActivities": 47616000, "totalCashFromOperatingActivities": 82205000, "capitalExpenditures": -10617000, "investments": -64373000, "otherCashflowsFromInvestingActivities": -11839000, "totalCashflowsFromInvestingActivities": -86355000, "dividendsPaid": -1300000, "netBorrowings": 1719000, "otherCashflowsFromFinancingActivities": -2927000, "totalCashFromFinancingActivities": -2508000, "changeInCash": -6658000}], "maxAge": 86400}, "institutionOwnership": {"maxAge": 1, "ownershipList": []}, "majorHoldersBreakdown": {"maxAge": 1}, "balanceSheetHistoryQuarterly": {"balanceSheetStatements": [{"maxAge": 1, "endDate": "2020-12-31", "totalStockholderEquity": 822102000, "netTangibleAssets": 820652000}, {"maxAge": 1, "endDate": "2020-09-30", "cash": 168744000, "shortTermInvestments": 14044000, "netReceivables": 438546000, "inventory": 16974000, "otherCurrentAssets": 17537000, "totalCurrentAssets": 655845000, "longTermInvestments": 455275000, "propertyPlantEquipment": 318319000, "intangibleAssets": 1450000, "otherAssets": 57826000, "deferredLongTermAssetCharges": 30785000, "totalAssets": 1488715000, "accountsPayable": 167134000, "otherCurrentLiab": 109921000, "longTermDebt": 39814000, "otherLiab": 110197000, "totalCurrentLiabilities": 337252000, "totalLiab": 666613000, "commonStock": 13002000, "treasuryStock": 809100000, "otherStockholderEquity": 809100000, "totalStockholderEquity": 822102000, "netTangibleAssets": 820652000}, {"maxAge": 1, "endDate": "2020-06-30", "totalStockholderEquity": 794465000, "netTangibleAssets": 792902000}, {"maxAge": 1, "endDate": "2020-03-31", "cash": 195333000, "netReceivables": 425741000, "inventory": 26126000, "otherCurrentAssets": 33089000, "totalCurrentAssets": 685769000, "longTermInvestments": 410217000, "propertyPlantEquipment": 302305000, "intangibleAssets": 1563000, "otherAssets": 71691000, "deferredLongTermAssetCharges": 33063000, "totalAssets": 1471545000, "accountsPayable": 165840000, "shortLongTermDebt": 7824000, "otherCurrentLiab": 6064000, "longTermDebt": 41999000, "otherLiab": 79981000, "totalCurrentLiabilities": 381084000, "totalLiab": 677080000, "commonStock": 13002000, "retainedEarnings": 774110000, "treasuryStock": 7353000, "otherStockholderEquity": 7353000, "totalStockholderEquity": 794465000, "netTangibleAssets": 792902000}], "maxAge": 86400}, "indexTrend": {"maxAge": 1, "symbol": "SP5", "peRatio": 19.7411, "pegRatio": 1.34172, "estimates": [{"period": "0q", "growth": 0.549}, {"period": "+1q", "growth": 0.431}, {"period": "0y", "growth": 0.305}, {"period": "+1y", "growth": 0.109}, {"period": "+5y", "growth": 0.120865}, {"period": "-5y"}]}, "defaultKeyStatistics": {"maxAge": 1, "priceHint": 2, "enterpriseValue": 1537330816, "profitMargins": 0.051469997, "floatShares": 533379, "sharesOutstanding": 2600400, "beta": 0.543627, "category": null, "bookValue": 316.123, "priceToBook": 1.7793708, "fundFamily": null, "legalType": null, "lastFiscalYearEnd": "2020-03-31 05:30:00", "nextFiscalYearEnd": "2022-03-31 05:30:00", "mostRecentQuarter": "2020-12-31 05:30:00", "earningsQuarterlyGrowth": -0.152, "netIncomeToCommon": 89503000, "trailingEps": 34.418, "lastSplitFactor": "2:1", "lastSplitDate": "2018-10-12 05:30:00", "enterpriseToRevenue": 0.884, "enterpriseToEbitda": 42.227, "52WeekChange": 0.16664934, "SandP52WeekChange": 0.48148263, "lastDividendValue": 2.0, "lastDividendDate": 1599696000}, "summaryProfile": {"address1": "No.43/5, Hussain Mansion", "address2": "Ground Floor Greams Road Thousand Lights", "city": "Chennai", "zip": "600006", "country": "India", "phone": "91 44 4904 5005", "website": "http://www.apollosindoori.com", "industry": "Lodging", "sector": "Consumer Cyclical", "longBusinessSummary": "Apollo Sindoori Hotels Limited operates as a hospitality service management and support services company in India. It provides catering services to corporates, institutions, hospitals, and industries; and kitchen planning and management services. The company also operates hotels in Chennai and Bengaluru. Apollo Sindoori Hotels Limited was incorporated in 1998 and is based in Chennai, India.", "fullTimeEmployees": 4390, "companyOfficers": [], "maxAge": 86400}, "netSharePurchaseActivity": {"maxAge": 1, "period": "6m", "buyInfoCount": 0, "buyInfoShares": 0, "sellInfoCount": 0, "netInfoCount": 0, "netInfoShares": 0, "totalInsiderShares": 0}, "quoteType": {"exchange": "NSI", "quoteType": "EQUITY", "symbol": "APOLSINHOT.NS", "underlyingSymbol": "APOLSINHOT.NS", "shortName": "APOLLO SINDOORI HO", "longName": "Apollo Sindoori Hotels Limited", "firstTradeDateEpochUtc": "2015-02-16 09:15:00", "timeZoneFullName": "Asia/Kolkata", "timeZoneShortName": "IST", "uuid": "4fc7418d-3ca5-3d31-a452-f8180285ceaf", "messageBoardId": "finmb_60419588", "gmtOffSetMilliseconds": 19800000, "maxAge": 1}, "incomeStatementHistory": {"incomeStatementHistory": [{"maxAge": 1, "endDate": "2020-03-31", "totalRevenue": 1945293000, "costOfRevenue": 1716808000, "grossProfit": 228485000, "researchDevelopment": {}, "sellingGeneralAdministrative": 21568000, "nonRecurring": {}, "otherOperatingExpenses": 99539000, "totalOperatingExpenses": 1868119000, "operatingIncome": 77174000, "totalOtherIncomeExpenseNet": 108383000, "ebit": 77174000, "interestExpense": -13650000, "incomeBeforeTax": 185557000, "incomeTaxExpense": 32400000, "minorityInterest": {}, "netIncomeFromContinuingOps": 153157000, "discontinuedOperations": {}, "extraordinaryItems": {}, "effectOfAccountingCharges": {}, "otherItems": {}, "netIncome": 153157000, "netIncomeApplicableToCommonShares": 153157000}, {"maxAge": 1, "endDate": "2019-03-31", "totalRevenue": 1654290000, "costOfRevenue": 1418916000, "grossProfit": 235374000, "researchDevelopment": {}, "sellingGeneralAdministrative": 30200000, "nonRecurring": {}, "otherOperatingExpenses": 80734000, "totalOperatingExpenses": 1539508000, "operatingIncome": 114782000, "totalOtherIncomeExpenseNet": 127008000, "ebit": 114782000, "interestExpense": -1006000, "incomeBeforeTax": 241790000, "incomeTaxExpense": 36185000, "minorityInterest": {}, "netIncomeFromContinuingOps": 205605000, "discontinuedOperations": {}, "extraordinaryItems": {}, "effectOfAccountingCharges": {}, "otherItems": {}, "netIncome": 205605000, "netIncomeApplicableToCommonShares": 205605000}, {"maxAge": 1, "endDate": "2018-03-31", "totalRevenue": 1399260000, "costOfRevenue": 1196822000, "grossProfit": 202438000, "researchDevelopment": {}, "sellingGeneralAdministrative": 27791000, "nonRecurring": {}, "otherOperatingExpenses": 71512000, "totalOperatingExpenses": 1306538000, "operatingIncome": 92722000, "totalOtherIncomeExpenseNet": 91652000, "ebit": 92722000, "interestExpense": -4667000, "incomeBeforeTax": 184374000, "incomeTaxExpense": 32244000, "minorityInterest": {}, "netIncomeFromContinuingOps": 152130000, "discontinuedOperations": {}, "extraordinaryItems": {}, "effectOfAccountingCharges": {}, "otherItems": {}, "netIncome": 152130000, "netIncomeApplicableToCommonShares": 152130000}, {"maxAge": 1, "endDate": "2017-03-31", "totalRevenue": 1328546000, "costOfRevenue": 1071961000, "grossProfit": 256585000, "researchDevelopment": {}, "sellingGeneralAdministrative": 30028000, "nonRecurring": {}, "otherOperatingExpenses": 110385000, "totalOperatingExpenses": 1221462000, "operatingIncome": 107084000, "totalOtherIncomeExpenseNet": 50778000, "ebit": 107084000, "interestExpense": -5031000, "incomeBeforeTax": 157862000, "incomeTaxExpense": 36794000, "minorityInterest": {}, "netIncomeFromContinuingOps": 121068000, "discontinuedOperations": {}, "extraordinaryItems": {}, "effectOfAccountingCharges": {}, "otherItems": {}, "netIncome": 121068000, "netIncomeApplicableToCommonShares": 121068000}], "maxAge": 86400}, "fundOwnership": {"maxAge": 1, "ownershipList": []}, "summaryDetail": {"maxAge": 1, "priceHint": 2, "previousClose": 555.65, "open": 570.15, "dayLow": 550.0, "dayHigh": 570.15, "regularMarketPreviousClose": 555.65, "regularMarketOpen": 570.15, "regularMarketDayLow": 550.0, "regularMarketDayHigh": 570.15, "dividendRate": 2.0, "dividendYield": 0.0036000002, "exDividendDate": "2020-09-10 05:30:00", "payoutRatio": 0.0581, "beta": 0.543627, "trailingPE": 16.343193, "volume": 616, "regularMarketVolume": 616, "averageVolume": 1819, "averageVolume10days": 984, "averageDailyVolume10Day": 984, "bid": 0.0, "ask": 0.0, "bidSize": 0, "askSize": 0, "marketCap": 1462724992, "fiftyTwoWeekLow": 390.25, "fiftyTwoWeekHigh": 704.65, "priceToSalesTrailing12Months": 0.8411063, "fiftyDayAverage": 552.59546, "twoHundredDayAverage": 571.7018, "trailingAnnualDividendRate": 2.0, "trailingAnnualDividendYield": 0.003599388, "currency": "INR", "fromCurrency": null, "toCurrency": null, "lastMarket": null, "algorithm": null, "tradeable": false}, "incomeStatementHistoryQuarterly": {"incomeStatementHistory": [{"maxAge": 1, "endDate": "2020-12-31", "totalRevenue": 446488000, "costOfRevenue": 407746000, "grossProfit": 38742000, "researchDevelopment": {}, "sellingGeneralAdministrative": {}, "nonRecurring": {}, "otherOperatingExpenses": 33535000, "totalOperatingExpenses": 451497000, "operatingIncome": -5009000, "totalOtherIncomeExpenseNet": 33365000, "ebit": -5009000, "interestExpense": -6115000, "incomeBeforeTax": 28356000, "incomeTaxExpense": 4362000, "minorityInterest": {}, "netIncomeFromContinuingOps": 23994000, "discontinuedOperations": {}, "extraordinaryItems": {}, "effectOfAccountingCharges": {}, "otherItems": {}, "netIncome": 23994000, "netIncomeApplicableToCommonShares": 23994000}, {"maxAge": 1, "endDate": "2020-09-30", "totalRevenue": 420837000, "costOfRevenue": 367286000, "grossProfit": 53551000, "researchDevelopment": {}, "sellingGeneralAdministrative": {}, "nonRecurring": {}, "otherOperatingExpenses": 31985000, "totalOperatingExpenses": 410962000, "operatingIncome": 9875000, "totalOtherIncomeExpenseNet": 27374000, "ebit": 9875000, "interestExpense": -5983000, "incomeBeforeTax": 37249000, "incomeTaxExpense": 10203000, "minorityInterest": {}, "netIncomeFromContinuingOps": 27046000, "discontinuedOperations": {}, "extraordinaryItems": {}, "effectOfAccountingCharges": {}, "otherItems": {}, "netIncome": 27046000, "netIncomeApplicableToCommonShares": 27046000}, {"maxAge": 1, "endDate": "2020-06-30", "totalRevenue": 349627000, "costOfRevenue": 322571000, "grossProfit": 27056000, "researchDevelopment": {}, "sellingGeneralAdministrative": {}, "nonRecurring": {}, "otherOperatingExpenses": 28595000, "totalOperatingExpenses": 363171000, "operatingIncome": -13544000, "totalOtherIncomeExpenseNet": 25944000, "ebit": -13544000, "interestExpense": -6029000, "incomeBeforeTax": 12400000, "incomeTaxExpense": 2092000, "minorityInterest": {}, "netIncomeFromContinuingOps": 10308000, "discontinuedOperations": {}, "extraordinaryItems": {}, "effectOfAccountingCharges": {}, "otherItems": {}, "netIncome": 10308000, "netIncomeApplicableToCommonShares": 10308000}, {"maxAge": 1, "endDate": "2020-03-31", "totalRevenue": 522097000, "costOfRevenue": 471228000, "grossProfit": 50869000, "researchDevelopment": {}, "sellingGeneralAdministrative": 21568000, "nonRecurring": {}, "otherOperatingExpenses": -12033000, "totalOperatingExpenses": 500310000, "operatingIncome": 21787000, "totalOtherIncomeExpenseNet": 3606000, "ebit": 21787000, "interestExpense": -10129000, "incomeBeforeTax": 25393000, "incomeTaxExpense": -2765000, "minorityInterest": {}, "netIncomeFromContinuingOps": 28158000, "discontinuedOperations": {}, "extraordinaryItems": {}, "effectOfAccountingCharges": {}, "otherItems": {}, "netIncome": 28158000, "netIncomeApplicableToCommonShares": 28158000}], "maxAge": 86400}, "cashflowStatementHistoryQuarterly": {"cashflowStatements": [{"maxAge": 1, "endDate": "2020-12-31", "netIncome": 23994000, "changeToLiabilities": 0}, {"maxAge": 1, "endDate": "2020-09-30", "netIncome": 27046000, "changeToLiabilities": 0}, {"maxAge": 1, "endDate": "2020-06-30", "netIncome": 10308000, "changeToLiabilities": 0}, {"maxAge": 1, "endDate": "2020-03-31", "netIncome": 28158000, "changeToLiabilities": 0}], "maxAge": 86400}, "insiderHolders": {"holders": [], "maxAge": 1}, "calendarEvents": {"maxAge": 1, "earnings": {"earningsDate": []}, "exDividendDate": "2020-09-10 05:30:00"}, "price": {"maxAge": 1, "regularMarketChangePercent": 0.012327861, "regularMarketChange": 6.8499756, "regularMarketTime": "2021-04-30 15:29:48", "priceHint": 2, "regularMarketPrice": 562.5, "regularMarketDayHigh": 570.15, "regularMarketDayLow": 550.0, "regularMarketVolume": 616, "averageDailyVolume10Day": 984, "averageDailyVolume3Month": 1819, "regularMarketPreviousClose": 555.65, "regularMarketSource": "FREE_REALTIME", "regularMarketOpen": 570.15, "exchange": "NSI", "exchangeName": "NSE", "exchangeDataDelayedBy": 15, "marketState": "CLOSED", "quoteType": "EQUITY", "symbol": "APOLSINHOT.NS", "underlyingSymbol": null, "shortName": "APOLLO SINDOORI HO", "longName": "Apollo Sindoori Hotels Limited", "currency": "INR", "quoteSourceName": "Delayed Quote", "currencySymbol": "\u20b9", "fromCurrency": null, "toCurrency": null, "lastMarket": null, "marketCap": 1462724992}, "balanceSheetHistory": {"balanceSheetStatements": [{"maxAge": 1, "endDate": "2020-03-31", "cash": 195333000, "netReceivables": 425741000, "inventory": 26126000, "otherCurrentAssets": 33089000, "totalCurrentAssets": 685769000, "longTermInvestments": 410217000, "propertyPlantEquipment": 302305000, "intangibleAssets": 1563000, "otherAssets": 71691000, "deferredLongTermAssetCharges": 33063000, "totalAssets": 1471545000, "accountsPayable": 165840000, "shortLongTermDebt": 7824000, "otherCurrentLiab": 6064000, "longTermDebt": 41999000, "otherLiab": 79981000, "totalCurrentLiabilities": 381084000, "totalLiab": 677080000, "commonStock": 13002000, "retainedEarnings": 774110000, "treasuryStock": 7353000, "otherStockholderEquity": 7353000, "totalStockholderEquity": 794465000, "netTangibleAssets": 792902000}, {"maxAge": 1, "endDate": "2019-03-31", "cash": 153595000, "netReceivables": 403959000, "inventory": 11177000, "otherCurrentAssets": 14772000, "totalCurrentAssets": 589168000, "longTermInvestments": 325926000, "propertyPlantEquipment": 49607000, "intangibleAssets": 1221000, "otherAssets": 51919000, "deferredLongTermAssetCharges": 30476000, "totalAssets": 1017841000, "accountsPayable": 127850000, "shortLongTermDebt": 1763000, "otherCurrentLiab": 4664000, "longTermDebt": 911000, "otherLiab": 66239000, "totalCurrentLiabilities": 275480000, "totalLiab": 342630000, "commonStock": 13002000, "retainedEarnings": 654856000, "treasuryStock": 7353000, "otherStockholderEquity": 7353000, "totalStockholderEquity": 675211000, "netTangibleAssets": 673990000}, {"maxAge": 1, "endDate": "2018-03-31", "cash": 82349000, "netReceivables": 350656000, "inventory": 7821000, "otherCurrentAssets": 15306000, "totalCurrentAssets": 457398000, "longTermInvestments": 217426000, "propertyPlantEquipment": 37476000, "intangibleAssets": 738000, "otherAssets": 59630000, "deferredLongTermAssetCharges": 27901000, "totalAssets": 772668000, "accountsPayable": 103191000, "shortLongTermDebt": 3099000, "otherCurrentLiab": 11416000, "longTermDebt": 2674000, "otherLiab": 57129000, "totalCurrentLiabilities": 236128000, "totalLiab": 295931000, "commonStock": 13002000, "retainedEarnings": 456382000, "treasuryStock": 7353000, "otherStockholderEquity": 7353000, "totalStockholderEquity": 476737000, "netTangibleAssets": 475999000}, {"maxAge": 1, "endDate": "2017-03-31", "cash": 15599000, "netReceivables": 359689000, "inventory": 9461000, "otherCurrentAssets": 12454000, "totalCurrentAssets": 397562000, "longTermInvestments": 134172000, "propertyPlantEquipment": 38101000, "intangibleAssets": 1660000, "otherAssets": 68151000, "deferredLongTermAssetCharges": 20754000, "totalAssets": 639646000, "accountsPayable": 92053000, "shortLongTermDebt": 5083000, "otherCurrentLiab": 14749000, "longTermDebt": 4136000, "otherLiab": 51154000, "totalCurrentLiabilities": 260546000, "totalLiab": 315836000, "commonStock": 13002000, "retainedEarnings": 303455000, "treasuryStock": 7353000, "otherStockholderEquity": 7353000, "totalStockholderEquity": 323810000, "netTangibleAssets": 322150000}], "maxAge": 86400}, "financialData": {"maxAge": 86400, "currentPrice": 562.5, "recommendationKey": "none", "totalCash": 182788000, "totalCashPerShare": 70.315, "ebitda": 36406000, "totalDebt": 257863008, "totalRevenue": 1739048960, "debtToEquity": 31.366, "revenuePerShare": 668.74, "grossProfits": 228485000, "earningsGrowth": -0.152, "revenueGrowth": -0.1, "grossMargins": 0.09788, "ebitdaMargins": 0.02093, "operatingMargins": 0.00754, "profitMargins": 0.051469997, "financialCurrency": "INR"}}}