{"APOLLOTYRE.BO": {"recommendationTrend": {"trend": [{"period": "0m", "strongBuy": 0, "buy": 0, "hold": 0, "sell": 0, "strongSell": 0}, {"period": "-1m", "strongBuy": 0, "buy": 0, "hold": 0, "sell": 0, "strongSell": 0}, {"period": "-2m", "strongBuy": 0, "buy": 0, "hold": 0, "sell": 0, "strongSell": 0}, {"period": "-3m", "strongBuy": 0, "buy": 0, "hold": 0, "sell": 0, "strongSell": 0}], "maxAge": 86400}, "cashflowStatementHistory": {"cashflowStatements": [{"maxAge": 1, "endDate": "2020-03-31", "netIncome": 4763950000, "depreciation": 10492890000, "changeToNetincome": 1032570000, "changeToAccountReceivables": 3984240000, "changeToLiabilities": 1383460000, "changeToInventory": 3799980000, "changeToOperatingActivities": -1171780000, "totalCashFromOperatingActivities": 25173600000, "capitalExpenditures": -28361190000, "investments": -134010000, "otherCashflowsFromInvestingActivities": 230430000, "totalCashflowsFromInvestingActivities": -27958660000, "dividendsPaid": -3575310000, "netBorrowings": 11267350000, "otherCashflowsFromFinancingActivities": -2967360000, "totalCashFromFinancingActivities": 4724680000, "effectOfExchangeRate": -214510000, "changeInCash": 1725110000}, {"maxAge": 1, "endDate": "2019-03-31", "netIncome": 6798400000, "depreciation": 7281560000, "changeToNetincome": 1218550000, "changeToAccountReceivables": 2292330000, "changeToLiabilities": -1489750000, "changeToInventory": -5793490000, "changeToOperatingActivities": -441590000, "totalCashFromOperatingActivities": 10711160000, "capitalExpenditures": -22931690000, "investments": 3616020000, "otherCashflowsFromInvestingActivities": 9164270000, "totalCashflowsFromInvestingActivities": -9959250000, "dividendsPaid": -1716150000, "netBorrowings": 3265420000, "otherCashflowsFromFinancingActivities": -2171360000, "totalCashFromFinancingActivities": -622090000, "effectOfExchangeRate": -313930000, "changeInCash": -184110000}, {"maxAge": 1, "endDate": "2018-03-31", "netIncome": 7238820000, "depreciation": 5414340000, "changeToNetincome": 878560000, "changeToAccountReceivables": -1834730000, "changeToLiabilities": 5606150000, "changeToInventory": -1496050000, "changeToOperatingActivities": 878440000, "totalCashFromOperatingActivities": 17196730000, "capitalExpenditures": -31017190000, "investments": -64610000, "otherCashflowsFromInvestingActivities": -7891660000, "totalCashflowsFromInvestingActivities": -38628140000, "dividendsPaid": -1527070000, "netBorrowings": 11608300000, "otherCashflowsFromFinancingActivities": -1633910000, "totalCashFromFinancingActivities": 23208810000, "effectOfExchangeRate": 2836970000, "changeInCash": 4614370000, "issuanceOfStock": 14761490000}, {"maxAge": 1, "endDate": "2017-03-31", "netIncome": 10989990000, "depreciation": 4217830000, "changeToNetincome": 644480000, "changeToAccountReceivables": -1114080000, "changeToLiabilities": 2743180000, "changeToInventory": -7827860000, "changeToOperatingActivities": -1031190000, "totalCashFromOperatingActivities": 9022650000, "capitalExpenditures": -33189890000, "investments": -2220860000, "otherCashflowsFromInvestingActivities": 5335980000, "totalCashflowsFromInvestingActivities": -29521310000, "dividendsPaid": -1018050000, "netBorrowings": 20841380000, "otherCashflowsFromFinancingActivities": -877030000, "totalCashFromFinancingActivities": 18946300000, "effectOfExchangeRate": -536030000, "changeInCash": -2088390000, "issuanceOfStock": 14761490000}], "maxAge": 86400}, "institutionOwnership": {"maxAge": 1, "ownershipList": []}, "balanceSheetHistoryQuarterly": {"balanceSheetStatements": [{"maxAge": 1, "endDate": "2020-06-30", "totalStockholderEquity": 99300140000, "netTangibleAssets": 93624650000}, {"maxAge": 1, "endDate": "2020-03-31", "cash": 7386410000, "shortTermInvestments": 76230000, "netReceivables": 10502140000, "inventory": 32069160000, "otherCurrentAssets": 3761230000, "totalCurrentAssets": 54814780000, "longTermInvestments": 1694500000, "propertyPlantEquipment": 161175710000, "goodWill": 2134490000, "intangibleAssets": 3541000000, "otherAssets": 9139390000, "deferredLongTermAssetCharges": 445020000, "totalAssets": 232499870000, "accountsPayable": 20709830000, "shortLongTermDebt": 1840050000, "otherCurrentLiab": 12339350000, "longTermDebt": 51478840000, "otherLiab": 16364150000, "deferredLongTermLiab": 4052620000, "totalCurrentLiabilities": 57134310000, "totalLiab": 133199730000, "commonStock": 572050000, "retainedEarnings": 76341740000, "treasuryStock": 1519630000, "capitalSurplus": 20866720000, "otherStockholderEquity": 1519630000, "totalStockholderEquity": 99300140000, "netTangibleAssets": 93624650000}, {"maxAge": 1, "endDate": "2019-12-31", "totalStockholderEquity": 98191220000, "netTangibleAssets": 89356260000}, {"maxAge": 1, "endDate": "2019-09-30", "cash": 4361950000, "shortTermInvestments": 345010000, "netReceivables": 9164350000, "inventory": 33990950000, "otherCurrentAssets": 5943110000, "totalCurrentAssets": 53805370000, "longTermInvestments": 1788130000, "propertyPlantEquipment": 146400230000, "goodWill": 1977620000, "intangibleAssets": 6857340000, "otherAssets": 8122260000, "deferredLongTermAssetCharges": 498580000, "totalAssets": 218950950000, "accountsPayable": 18932180000, "otherCurrentLiab": 17375670000, "longTermDebt": 54144830000, "otherLiab": 16354420000, "totalCurrentLiabilities": 50260480000, "totalLiab": 120759730000, "commonStock": 572050000, "treasuryStock": 97619170000, "otherStockholderEquity": 97619170000, "totalStockholderEquity": 98191220000, "netTangibleAssets": 89356260000}], "maxAge": 86400}, "earningsHistory": {"history": [{"maxAge": 1, "epsActual": 5.81, "epsEstimate": 5.25, "epsDifference": 0.56, "surprisePercent": 0.107, "quarter": "2016-12-31", "period": "-4q"}, {"maxAge": 1, "epsActual": 3.46, "epsEstimate": 3.1, "epsDifference": 0.36, "surprisePercent": 0.116000004, "quarter": "2017-03-31", "period": "-3q"}, {"maxAge": 1, "epsActual": 1.73, "epsEstimate": 3.38, "epsDifference": -1.65, "surprisePercent": -0.488, "quarter": "2017-06-30", "period": "-2q"}, {"maxAge": 1, "epsActual": 3.6, "epsEstimate": 3.5, "epsDifference": 0.1, "surprisePercent": 0.029000001, "quarter": "2017-12-31", "period": "-1q"}], "maxAge": 86400}, "indexTrend": {"maxAge": 1, "symbol": "SP5", "peRatio": 19.7411, "pegRatio": 1.34172, "estimates": [{"period": "0q", "growth": 0.549}, {"period": "+1q", "growth": 0.431}, {"period": "0y", "growth": 0.305}, {"period": "+1y", "growth": 0.109}, {"period": "+5y", "growth": 0.120865}, {"period": "-5y"}]}, "industryTrend": {"maxAge": 1, "symbol": null, "estimates": []}, "insiderTransactions": {"transactions": [{"maxAge": 1, "shares": 2660005, "value": 4769122, "filerUrl": "", "transactionText": "Acquisition at price 1.79 per share.", "filerName": "Classic Autotubes Ltd", "filerRelation": "Promoter", "moneyText": "", "startDate": "2020-08-27", "ownership": "D"}, {"maxAge": 1, "shares": 410000, "value": 738082, "filerUrl": "", "transactionText": "Sale at price 1.80 per share.", "filerName": "Sunrays Properties & Investment Company Pvt Ltd", "filerRelation": "Promoter", "moneyText": "", "startDate": "2020-08-27", "ownership": "D"}, {"maxAge": 1, "shares": 5076040, "value": 7777000, "filerUrl": "", "transactionText": "Acquisition at price 1.53 per share.", "filerName": "Osiatic Consultants & Investments Pvt Ltd", "filerRelation": "Promoter", "moneyText": "", "startDate": "2020-08-04", "ownership": "D"}, {"maxAge": 1, "shares": 7688380, "filerUrl": "", "transactionText": "", "filerName": "Ganga Kaveri Credit & Holding Pvt Ltd", "filerRelation": "Institution- Corporation", "moneyText": "", "startDate": "2020-07-30", "ownership": "D"}, {"maxAge": 1, "shares": 1842280, "filerUrl": "", "transactionText": "", "filerName": "Kenstar Investment & Finance Pvt Ltd", "filerRelation": "Institution- Corporation", "moneyText": "", "startDate": "2020-07-30", "ownership": "D"}, {"maxAge": 1, "shares": 24435180, "filerUrl": "", "transactionText": "", "filerName": "Sacred Heart Investment Company Pvt Ltd", "filerRelation": "Institution- Corporation", "moneyText": "", "startDate": "2020-07-30", "ownership": "D"}, {"maxAge": 1, "shares": 33965840, "value": 50024889, "filerUrl": "", "transactionText": "Other at price 1.47 per share.", "filerName": "Osiatic Consultants & Investments Pvt Ltd", "filerRelation": "Promoter", "moneyText": "", "startDate": "2020-07-29", "ownership": "D"}, {"maxAge": 1, "shares": 121984334, "value": 179865900, "filerUrl": "", "transactionText": "Acquisition at price 1.47 per share.", "filerName": "Sunrays Properties & Investment Company Pvt Ltd", "filerRelation": "Promoter", "moneyText": "", "startDate": "2020-07-22", "ownership": "D"}, {"maxAge": 1, "shares": 380000, "value": 546592, "filerUrl": "", "transactionText": "Acquisition at price 1.44 per share.", "filerName": "PTL Enterprises Ltd", "filerRelation": "Promoter", "moneyText": "", "startDate": "2020-06-30", "ownership": "D"}, {"maxAge": 1, "shares": 400000, "value": 591160, "filerUrl": "", "transactionText": "Acquisition at price 1.48 per share.", "filerName": "PTL Enterprises Ltd", "filerRelation": "Promoter", "moneyText": "", "startDate": "2020-06-26", "ownership": "D"}, {"maxAge": 1, "shares": 14000, "value": 19832, "filerUrl": "", "transactionText": "Acquisition at price 1.42 per share.", "filerName": "Amit Dyechem Pvt. Ltd.", "filerRelation": "Institution- Corporation", "moneyText": "", "startDate": "2020-06-25", "ownership": "D"}, {"maxAge": 1, "shares": 40000, "filerUrl": "", "transactionText": "", "filerName": "PTL Enterprises Ltd", "filerRelation": "Promoter", "moneyText": "", "startDate": "2020-06-19", "ownership": "D"}, {"maxAge": 1, "shares": 170000, "filerUrl": "", "transactionText": "", "filerName": "PTL Enterprises Ltd", "filerRelation": "Promoter", "moneyText": "", "startDate": "2020-06-18", "ownership": "D"}, {"maxAge": 1, "shares": 473000, "filerUrl": "", "transactionText": "", "filerName": "PTL Enterprises Ltd", "filerRelation": "Promoter", "moneyText": "", "startDate": "2020-06-16", "ownership": "D"}, {"maxAge": 1, "shares": 361700, "filerUrl": "", "transactionText": "", "filerName": "PTL Enterprises Ltd", "filerRelation": "Promoter", "moneyText": "", "startDate": "2020-06-12", "ownership": "D"}, {"maxAge": 1, "shares": 40000, "filerUrl": "", "transactionText": "", "filerName": "PTL Enterprises Ltd", "filerRelation": "Promoter", "moneyText": "", "startDate": "2020-06-11", "ownership": "D"}, {"maxAge": 1, "shares": 20000, "filerUrl": "", "transactionText": "", "filerName": "Kanwar (Raaja R S)", "filerRelation": "Promoter", "moneyText": "", "startDate": "2020-06-10", "ownership": "D"}, {"maxAge": 1, "shares": 50000, "filerUrl": "", "transactionText": "", "filerName": "PTL Enterprises Ltd", "filerRelation": "Promoter", "moneyText": "", "startDate": "2020-06-10", "ownership": "D"}, {"maxAge": 1, "shares": 345557, "filerUrl": "", "transactionText": "", "filerName": "PTL Enterprises Ltd", "filerRelation": "Promoter", "moneyText": "", "startDate": "2020-06-09", "ownership": "D"}, {"maxAge": 1, "shares": 480000, "filerUrl": "", "transactionText": "", "filerName": "PTL Enterprises Ltd", "filerRelation": "Promoter", "moneyText": "", "startDate": "2020-06-05", "ownership": "D"}, {"maxAge": 1, "shares": 10000, "filerUrl": "", "transactionText": "", "filerName": "PTL Enterprises Ltd", "filerRelation": "Promoter", "moneyText": "", "startDate": "2020-06-04", "ownership": "D"}, {"maxAge": 1, "shares": 635000, "filerUrl": "", "transactionText": "", "filerName": "PTL Enterprises Ltd", "filerRelation": "Promoter", "moneyText": "", "startDate": "2020-06-03", "ownership": "D"}, {"maxAge": 1, "shares": 500000, "filerUrl": "", "transactionText": "", "filerName": "PTL Enterprises Ltd", "filerRelation": "Promoter", "moneyText": "", "startDate": "2020-06-02", "ownership": "D"}, {"maxAge": 1, "shares": 10000, "filerUrl": "", "transactionText": "", "filerName": "PTL Enterprises Ltd", "filerRelation": "Promoter", "moneyText": "", "startDate": "2020-06-01", "ownership": "D"}, {"maxAge": 1, "shares": 177443, "filerUrl": "", "transactionText": "", "filerName": "PTL Enterprises Ltd", "filerRelation": "Promoter", "moneyText": "", "startDate": "2020-05-29", "ownership": "D"}, {"maxAge": 1, "shares": 368000, "filerUrl": "", "transactionText": "", "filerName": "PTL Enterprises Ltd", "filerRelation": "Promoter", "moneyText": "", "startDate": "2020-05-28", "ownership": "D"}, {"maxAge": 1, "shares": 230000, "filerUrl": "", "transactionText": "", "filerName": "PTL Enterprises Ltd", "filerRelation": "Promoter", "moneyText": "", "startDate": "2020-05-27", "ownership": "D"}, {"maxAge": 1, "shares": 150000, "filerUrl": "", "transactionText": "", "filerName": "PTL Enterprises Ltd", "filerRelation": "Promoter", "moneyText": "", "startDate": "2020-05-26", "ownership": "D"}, {"maxAge": 1, "shares": 15000, "filerUrl": "", "transactionText": "", "filerName": "PTL Enterprises Ltd", "filerRelation": "Promoter", "moneyText": "", "startDate": "2020-05-22", "ownership": "D"}, {"maxAge": 1, "shares": 100000, "filerUrl": "", "transactionText": "", "filerName": "PTL Enterprises Ltd", "filerRelation": "Promoter", "moneyText": "", "startDate": "2019-02-26", "ownership": "D"}, {"maxAge": 1, "shares": 75000, "filerUrl": "", "transactionText": "", "filerName": "PTL Enterprises Ltd", "filerRelation": "Promoter", "moneyText": "", "startDate": "2019-02-25", "ownership": "D"}, {"maxAge": 1, "shares": 70000, "filerUrl": "", "transactionText": "", "filerName": "PTL Enterprises Ltd", "filerRelation": "Promoter", "moneyText": "", "startDate": "2019-02-22", "ownership": "D"}, {"maxAge": 1, "shares": 100000, "filerUrl": "", "transactionText": "", "filerName": "PTL Enterprises Ltd", "filerRelation": "Promoter", "moneyText": "", "startDate": "2019-02-21", "ownership": "D"}, {"maxAge": 1, "shares": 150000, "filerUrl": "", "transactionText": "", "filerName": "PTL Enterprises Ltd", "filerRelation": "Promoter", "moneyText": "", "startDate": "2019-02-18", "ownership": "D"}, {"maxAge": 1, "shares": 60000, "filerUrl": "", "transactionText": "", "filerName": "PTL Enterprises Ltd", "filerRelation": "Promoter", "moneyText": "", "startDate": "2019-02-15", "ownership": "D"}], "maxAge": 1}, "quoteType": {"exchange": "BSE", "quoteType": "EQUITY", "symbol": "APOLLOTYRE.BO", "underlyingSymbol": "APOLLOTYRE.BO", "shortName": "APOLLO TYRES LTD.", "longName": "Apollo Tyres Limited", "firstTradeDateEpochUtc": "2002-01-01 09:15:00", "timeZoneFullName": "Asia/Kolkata", "timeZoneShortName": "IST", "uuid": "ac4d8791-0aa3-371a-a983-b7736e440a8c", "messageBoardId": null, "gmtOffSetMilliseconds": 19800000, "maxAge": 1}, "incomeStatementHistory": {"incomeStatementHistory": [{"maxAge": 1, "endDate": "2020-03-31", "totalRevenue": 160964910000, "costOfRevenue": 93904950000, "grossProfit": 67059960000, "researchDevelopment": {}, "sellingGeneralAdministrative": 29865160000, "nonRecurring": {}, "otherOperatingExpenses": 18024390000, "totalOperatingExpenses": 153173490000, "operatingIncome": 7791420000, "totalOtherIncomeExpenseNet": -2357050000, "ebit": 7791420000, "interestExpense": -2756880000, "incomeBeforeTax": 5434370000, "incomeTaxExpense": 670420000, "minorityInterest": {}, "netIncomeFromContinuingOps": 4763950000, "discontinuedOperations": {}, "extraordinaryItems": {}, "effectOfAccountingCharges": {}, "otherItems": {}, "netIncome": 4763950000, "netIncomeApplicableToCommonShares": 4763950000}, {"maxAge": 1, "endDate": "2019-03-31", "totalRevenue": 172733920000, "costOfRevenue": 104282090000, "grossProfit": 68451830000, "researchDevelopment": {}, "sellingGeneralAdministrative": 31550150000, "nonRecurring": {}, "otherOperatingExpenses": 17317520000, "totalOperatingExpenses": 161274320000, "operatingIncome": 11459600000, "totalOtherIncomeExpenseNet": -2578310000, "ebit": 11459600000, "interestExpense": -1792180000, "incomeBeforeTax": 8881290000, "incomeTaxExpense": 2082890000, "minorityInterest": {}, "netIncomeFromContinuingOps": 6798400000, "discontinuedOperations": {}, "extraordinaryItems": {}, "effectOfAccountingCharges": {}, "otherItems": {}, "netIncome": 6798400000, "netIncomeApplicableToCommonShares": 6798400000}, {"maxAge": 1, "endDate": "2018-03-31", "totalRevenue": 146740610000, "costOfRevenue": 86410930000, "grossProfit": 60329680000, "researchDevelopment": {}, "sellingGeneralAdministrative": 27480400000, "nonRecurring": {}, "otherOperatingExpenses": 16315440000, "totalOperatingExpenses": 136130190000, "operatingIncome": 10610420000, "totalOtherIncomeExpenseNet": -487110000, "ebit": 10610420000, "interestExpense": -1574020000, "incomeBeforeTax": 10123310000, "incomeTaxExpense": 2884490000, "minorityInterest": {}, "netIncomeFromContinuingOps": 7238820000, "discontinuedOperations": {}, "extraordinaryItems": {}, "effectOfAccountingCharges": {}, "otherItems": {}, "netIncome": 7238820000, "netIncomeApplicableToCommonShares": 7238820000}, {"maxAge": 1, "endDate": "2017-03-31", "totalRevenue": 130629690000, "costOfRevenue": 70922410000, "grossProfit": 59707280000, "researchDevelopment": {}, "sellingGeneralAdministrative": 25743430000, "nonRecurring": {}, "otherOperatingExpenses": 15257490000, "totalOperatingExpenses": 116539340000, "operatingIncome": 14090350000, "totalOtherIncomeExpenseNet": 265100000, "ebit": 14090350000, "interestExpense": -962100000, "incomeBeforeTax": 14355450000, "incomeTaxExpense": 3365460000, "minorityInterest": {}, "netIncomeFromContinuingOps": 10989990000, "discontinuedOperations": {}, "extraordinaryItems": {}, "effectOfAccountingCharges": {}, "otherItems": {}, "netIncome": 10989990000, "netIncomeApplicableToCommonShares": 10989990000}], "maxAge": 86400}, "fundOwnership": {"maxAge": 1, "ownershipList": []}, "summaryDetail": {"maxAge": 1, "priceHint": 2, "previousClose": 207.85, "open": 207.85, "dayLow": 203.45, "dayHigh": 223.55, "regularMarketPreviousClose": 207.85, "regularMarketOpen": 207.85, "regularMarketDayLow": 203.45, "regularMarketDayHigh": 223.55, "trailingPE": 62.60468, "forwardPE": 11.233161, "volume": 784336, "regularMarketVolume": 784336, "averageVolume": 841349, "averageVolume10days": 474038, "averageDailyVolume10Day": 474038, "bid": 216.8, "ask": 216.45, "bidSize": 0, "askSize": 0, "marketCap": 124020441088, "fiftyTwoWeekLow": 73.55, "fiftyTwoWeekHigh": 256.55, "fiftyDayAverage": 214.90143, "twoHundredDayAverage": 165.54233, "trailingAnnualDividendRate": 3.0, "trailingAnnualDividendYield": 0.014433485, "currency": "INR", "fromCurrency": null, "toCurrency": null, "lastMarket": null, "algorithm": null, "tradeable": false}, "sectorTrend": {"maxAge": 1, "symbol": null, "estimates": []}, "incomeStatementHistoryQuarterly": {"incomeStatementHistory": [{"maxAge": 1, "endDate": "2020-06-30", "totalRevenue": 28282300000, "costOfRevenue": 16307810000, "grossProfit": 11974490000, "researchDevelopment": {}, "sellingGeneralAdministrative": 5370110000, "nonRecurring": {}, "otherOperatingExpenses": 4231510000, "totalOperatingExpenses": 29000880000, "operatingIncome": -718580000, "totalOtherIncomeExpenseNet": -903450000, "ebit": -718580000, "interestExpense": -1171720000, "incomeBeforeTax": -1622030000, "incomeTaxExpense": -276220000, "minorityInterest": {}, "netIncomeFromContinuingOps": -1345810000, "discontinuedOperations": {}, "extraordinaryItems": {}, "effectOfAccountingCharges": {}, "otherItems": {}, "netIncome": -1345810000, "netIncomeApplicableToCommonShares": -1345810000}, {"maxAge": 1, "endDate": "2020-03-31", "totalRevenue": 35512150000, "costOfRevenue": 22169330000, "grossProfit": 13342820000, "researchDevelopment": {}, "sellingGeneralAdministrative": 11059730000, "nonRecurring": {}, "otherOperatingExpenses": -2482580000, "totalOperatingExpenses": 33881000000, "operatingIncome": 1631150000, "totalOtherIncomeExpenseNet": -953730000, "ebit": 1631150000, "interestExpense": -860840000, "incomeBeforeTax": 677420000, "incomeTaxExpense": -101220000, "minorityInterest": {}, "netIncomeFromContinuingOps": 778640000, "discontinuedOperations": {}, "extraordinaryItems": {}, "effectOfAccountingCharges": {}, "otherItems": {}, "netIncome": 778640000, "netIncomeApplicableToCommonShares": 778640000}, {"maxAge": 1, "endDate": "2019-12-31", "totalRevenue": 43471640000, "costOfRevenue": 24768990000, "grossProfit": 18702650000, "researchDevelopment": {}, "sellingGeneralAdministrative": 6444570000, "nonRecurring": {}, "otherOperatingExpenses": 6922650000, "totalOperatingExpenses": 40965840000, "operatingIncome": 2505800000, "totalOtherIncomeExpenseNet": -495100000, "ebit": 2505800000, "interestExpense": -672550000, "incomeBeforeTax": 2010700000, "incomeTaxExpense": 272130000, "minorityInterest": {}, "netIncomeFromContinuingOps": 1738570000, "discontinuedOperations": {}, "extraordinaryItems": {}, "effectOfAccountingCharges": {}, "otherItems": {}, "netIncome": 1738570000, "netIncomeApplicableToCommonShares": 1738570000}, {"maxAge": 1, "endDate": "2019-09-30", "totalRevenue": 39260640000, "costOfRevenue": 22441680000, "grossProfit": 16818960000, "researchDevelopment": {}, "sellingGeneralAdministrative": 5942740000, "nonRecurring": {}, "otherOperatingExpenses": 6556110000, "totalOperatingExpenses": 37682310000, "operatingIncome": 1578330000, "totalOtherIncomeExpenseNet": -599520000, "ebit": 1578330000, "interestExpense": -639770000, "incomeBeforeTax": 978810000, "incomeTaxExpense": 148070000, "minorityInterest": {}, "netIncomeFromContinuingOps": 830740000, "discontinuedOperations": {}, "extraordinaryItems": {}, "effectOfAccountingCharges": {}, "otherItems": {}, "netIncome": 830740000, "netIncomeApplicableToCommonShares": 830740000}], "maxAge": 86400}, "cashflowStatementHistoryQuarterly": {"cashflowStatements": [{"maxAge": 1, "endDate": "2020-06-30", "netIncome": -1345810000, "changeToLiabilities": 0}, {"maxAge": 1, "endDate": "2020-03-31", "netIncome": 778640000, "changeToLiabilities": 0}, {"maxAge": 1, "endDate": "2019-12-31", "netIncome": 1738570000, "changeToLiabilities": 0}, {"maxAge": 1, "endDate": "2019-09-30", "netIncome": 830740000, "changeToLiabilities": 0}], "maxAge": 86400}, "insiderHolders": {"holders": [{"maxAge": 1, "name": "Amit Dyechem Pvt. Ltd.", "relation": "Institution- Corporation", "url": "", "transactionDescription": "Acquisition", "latestTransDate": "2020-06-25", "positionDirect": 1574595, "positionDirectDate": "2020-06-25"}, {"maxAge": 1, "name": "Classic Autotubes Ltd", "relation": "Promoter", "url": "", "transactionDescription": "Acquisition", "latestTransDate": "2020-08-27", "positionDirect": 18183505, "positionDirectDate": "2020-08-27"}, {"maxAge": 1, "name": "Ganga Kaveri Credit & Holding Pvt Ltd", "relation": "Institution- Corporation", "url": "", "transactionDescription": "Other", "latestTransDate": "2020-07-30", "positionDirect": 0, "positionDirectDate": "2020-07-30"}, {"maxAge": 1, "name": "Kanwar (Raaja R S)", "relation": "Promoter", "url": "", "transactionDescription": "Acquisition", "latestTransDate": "2020-06-10", "positionDirect": 200880, "positionDirectDate": "2020-06-10"}, {"maxAge": 1, "name": "Kenstar Investment & Finance Pvt Ltd", "relation": "Institution- Corporation", "url": "", "transactionDescription": "Other", "latestTransDate": "2020-07-30", "positionDirect": 0, "positionDirectDate": "2020-07-30"}, {"maxAge": 1, "name": "Osiatic Consultants & Investments Pvt Ltd", "relation": "Promoter", "url": "", "transactionDescription": "Acquisition", "latestTransDate": "2020-08-04", "positionDirect": 39041880, "positionDirectDate": "2020-08-04"}, {"maxAge": 1, "name": "PTL Enterprises Ltd", "relation": "Promoter", "url": "", "transactionDescription": "Acquisition", "latestTransDate": "2020-06-30", "positionDirect": 8270700, "positionDirectDate": "2020-06-30"}, {"maxAge": 1, "name": "Sacred Heart Investment Company Pvt Ltd", "relation": "Institution- Corporation", "url": "", "transactionDescription": "Other", "latestTransDate": "2020-07-30", "positionDirect": 0, "positionDirectDate": "2020-07-30"}, {"maxAge": 1, "name": "Sunrays Properties & Investment Company Pvt Ltd", "relation": "Promoter", "url": "", "transactionDescription": "Sale", "latestTransDate": "2020-08-27", "positionDirect": 130287334, "positionDirectDate": "2020-08-27"}], "maxAge": 1}, "earnings": {"maxAge": 86400, "earningsChart": {"quarterly": [{"date": "4Q2016", "actual": 5.81, "estimate": 5.25}, {"date": "1Q2017", "actual": 3.46, "estimate": 3.1}, {"date": "2Q2017", "actual": 1.73, "estimate": 3.38}, {"date": "4Q2017", "actual": 3.6, "estimate": 3.5}], "currentQuarterEstimateDate": "1Q", "currentQuarterEstimateYear": 2018, "earningsDate": []}, "financialsChart": {"yearly": [{"date": 2017, "revenue": 130629690000, "earnings": 10989990000}, {"date": 2018, "revenue": 146740610000, "earnings": 7238820000}, {"date": 2019, "revenue": 172733920000, "earnings": 6798400000}, {"date": 2020, "revenue": 160964910000, "earnings": 4763950000}], "quarterly": [{"date": "3Q2019", "revenue": 39260640000, "earnings": 830740000}, {"date": "4Q2019", "revenue": 43471640000, "earnings": 1738570000}, {"date": "1Q2020", "revenue": 35512150000, "earnings": 778640000}, {"date": "2Q2020", "revenue": 28282300000, "earnings": -1345810000}]}, "financialCurrency": "INR"}, "calendarEvents": {"maxAge": 1, "earnings": {"earningsDate": [], "revenueAverage": 57720100000, "revenueLow": 38750000000, "revenueHigh": 44145700000}}, "price": {"maxAge": 1, "regularMarketChangePercent": 0.04305988, "regularMarketChange": 8.949997, "regularMarketTime": "2021-04-30 15:49:29", "priceHint": 2, "regularMarketPrice": 216.8, "regularMarketDayHigh": 223.55, "regularMarketDayLow": 203.45, "regularMarketVolume": 784336, "averageDailyVolume10Day": 474038, "averageDailyVolume3Month": 841349, "regularMarketPreviousClose": 207.85, "regularMarketSource": "FREE_REALTIME", "regularMarketOpen": 207.85, "exchange": "BSE", "exchangeName": "BSE", "exchangeDataDelayedBy": 0, "marketState": "CLOSED", "quoteType": "EQUITY", "symbol": "APOLLOTYRE.BO", "underlyingSymbol": null, "shortName": "APOLLO TYRES LTD.", "longName": "Apollo Tyres Limited", "currency": "INR", "quoteSourceName": "Delayed Quote", "currencySymbol": "\u20b9", "fromCurrency": null, "toCurrency": null, "lastMarket": null, "marketCap": 124020441088}, "balanceSheetHistory": {"balanceSheetStatements": [{"maxAge": 1, "endDate": "2020-03-31", "cash": 7386410000, "shortTermInvestments": 76230000, "netReceivables": 10502140000, "inventory": 32069160000, "otherCurrentAssets": 3761230000, "totalCurrentAssets": 54814780000, "longTermInvestments": 1694500000, "propertyPlantEquipment": 161175710000, "goodWill": 2134490000, "intangibleAssets": 3541000000, "otherAssets": 9139390000, "deferredLongTermAssetCharges": 445020000, "totalAssets": 232499870000, "accountsPayable": 20709830000, "shortLongTermDebt": 1840050000, "otherCurrentLiab": 12339350000, "longTermDebt": 51478840000, "otherLiab": 16364150000, "deferredLongTermLiab": 4052620000, "totalCurrentLiabilities": 57134310000, "totalLiab": 133199730000, "commonStock": 572050000, "retainedEarnings": 76341740000, "treasuryStock": 1519630000, "capitalSurplus": 20866720000, "otherStockholderEquity": 1519630000, "totalStockholderEquity": 99300140000, "netTangibleAssets": 93624650000}, {"maxAge": 1, "endDate": "2019-03-31", "cash": 5554660000, "shortTermInvestments": 55780000, "netReceivables": 14158560000, "inventory": 34840860000, "otherCurrentAssets": 3782020000, "totalCurrentAssets": 58885870000, "longTermInvestments": 582750000, "propertyPlantEquipment": 124096790000, "goodWill": 1993250000, "intangibleAssets": 3546710000, "otherAssets": 12928600000, "deferredLongTermAssetCharges": 525080000, "totalAssets": 202033970000, "accountsPayable": 18077770000, "shortLongTermDebt": 3897600000, "otherCurrentLiab": 8562050000, "longTermDebt": 41678600000, "otherLiab": 16212980000, "deferredLongTermLiab": 3296440000, "totalCurrentLiabilities": 43744200000, "totalLiab": 101635780000, "commonStock": 572050000, "retainedEarnings": 76173880000, "treasuryStock": 2785540000, "capitalSurplus": 20866720000, "otherStockholderEquity": 2785540000, "totalStockholderEquity": 100398190000, "netTangibleAssets": 94858230000}, {"maxAge": 1, "endDate": "2018-03-31", "cash": 5931170000, "shortTermInvestments": 9821500000, "netReceivables": 15641480000, "inventory": 29453510000, "otherCurrentAssets": 3780460000, "totalCurrentAssets": 68989590000, "longTermInvestments": 288760000, "propertyPlantEquipment": 117969040000, "goodWill": 2060710000, "intangibleAssets": 4119900000, "otherAssets": 8104450000, "deferredLongTermAssetCharges": 955710000, "totalAssets": 201532450000, "accountsPayable": 18716910000, "shortLongTermDebt": 2091470000, "otherCurrentLiab": 10329070000, "longTermDebt": 37055610000, "otherLiab": 17011680000, "deferredLongTermLiab": 2921790000, "totalCurrentLiabilities": 49620250000, "totalLiab": 103765730000, "commonStock": 572050000, "retainedEarnings": 71783050000, "treasuryStock": 4544900000, "capitalSurplus": 20866720000, "otherStockholderEquity": 4544900000, "totalStockholderEquity": 97766720000, "netTangibleAssets": 91586110000}, {"maxAge": 1, "endDate": "2017-03-31", "cash": 3308940000, "shortTermInvestments": 552510000, "netReceivables": 14799610000, "inventory": 26455260000, "otherCurrentAssets": 750170000, "totalCurrentAssets": 50181990000, "longTermInvestments": 262330000, "propertyPlantEquipment": 89105080000, "goodWill": 1773580000, "intangibleAssets": 3372030000, "otherAssets": 8266170000, "deferredLongTermAssetCharges": 629260000, "totalAssets": 152961180000, "accountsPayable": 13127070000, "shortLongTermDebt": 1961480000, "otherCurrentLiab": 11327460000, "longTermDebt": 21578190000, "otherLiab": 13788170000, "deferredLongTermLiab": 1815230000, "totalCurrentLiabilities": 44571790000, "totalLiab": 80061640000, "commonStock": 509020000, "retainedEarnings": 66991730000, "treasuryStock": -686920000, "capitalSurplus": 6085710000, "otherStockholderEquity": -686920000, "totalStockholderEquity": 72899540000, "netTangibleAssets": 67753930000}], "maxAge": 86400}, "earningsTrend": {"trend": [{"maxAge": 1, "period": "0q", "endDate": "2018-03-31", "growth": {}, "earningsEstimate": {"avg": 0.0, "low": 0.0, "high": 0.0, "yearAgoEps": 5.81, "numberOfAnalysts": 0, "growth": {}}, "revenueEstimate": {"avg": 57720100000, "low": 38750000000, "high": 44145700000, "numberOfAnalysts": 14, "yearAgoRevenue": 23274400000, "growth": 1.48}, "epsTrend": {"current": 0.0, "7daysAgo": 4.43, "30daysAgo": 4.43, "60daysAgo": 4.32, "90daysAgo": 4.02}, "epsRevisions": {"upLast7days": 0, "upLast30days": 1, "downLast30days": 0, "downLast90days": {}}}, {"maxAge": 1, "period": "+1q", "endDate": "2018-06-30", "growth": 0.269, "earningsEstimate": {"avg": 4.39, "low": 4.39, "high": 4.39, "yearAgoEps": 3.46, "numberOfAnalysts": 1, "growth": 0.269}, "revenueEstimate": {"avg": 39831000000, "low": 39831000000, "high": 39831000000, "numberOfAnalysts": 1, "yearAgoRevenue": 25798400000, "growth": 0.544}, "epsTrend": {"current": 4.39, "7daysAgo": 4.39, "30daysAgo": 4.39, "60daysAgo": 4.39, "90daysAgo": 4.39}, "epsRevisions": {"upLast7days": 0, "upLast30days": 0, "downLast30days": 0, "downLast90days": {}}}, {"maxAge": 1, "period": "0y", "endDate": "2018-03-31", "growth": {}, "earningsEstimate": {"avg": 0.0, "low": 0.0, "high": 0.0, "yearAgoEps": {}, "numberOfAnalysts": 0, "growth": {}}, "revenueEstimate": {"avg": 105546000000, "low": 144421000000, "high": 154787000000, "numberOfAnalysts": 15, "yearAgoRevenue": {}, "growth": {}}, "epsTrend": {"current": 0.0, "7daysAgo": 11.4, "30daysAgo": 11.4, "60daysAgo": 11.4, "90daysAgo": 11.4}, "epsRevisions": {"upLast7days": 0, "upLast30days": 0, "downLast30days": 0, "downLast90days": {}}}, {"maxAge": 1, "period": "+1y", "endDate": "2019-03-31", "growth": {}, "earningsEstimate": {"avg": 19.3, "low": 15.75, "high": 21.61, "yearAgoEps": {}, "numberOfAnalysts": 19, "growth": {}}, "revenueEstimate": {"avg": 173284000000, "low": 167833000000, "high": 178336000000, "numberOfAnalysts": 19, "yearAgoRevenue": 105546000000, "growth": 0.64199996}, "epsTrend": {"current": 19.3, "7daysAgo": 16.4, "30daysAgo": 16.4, "60daysAgo": 16.4, "90daysAgo": 16.4}, "epsRevisions": {"upLast7days": 0, "upLast30days": 0, "downLast30days": 0, "downLast90days": {}}}, {"maxAge": 1, "period": "+5y", "endDate": null, "growth": 0.1379, "earningsEstimate": {"avg": {}, "low": {}, "high": {}, "yearAgoEps": {}, "numberOfAnalysts": {}, "growth": {}}, "revenueEstimate": {"avg": {}, "low": {}, "high": {}, "numberOfAnalysts": {}, "yearAgoRevenue": {}, "growth": {}}, "epsTrend": {"current": {}, "7daysAgo": {}, "30daysAgo": {}, "60daysAgo": {}, "90daysAgo": {}}, "epsRevisions": {"upLast7days": {}, "upLast30days": {}, "downLast30days": {}, "downLast90days": {}}}, {"maxAge": 1, "period": "-5y", "endDate": null, "growth": -0.02747, "earningsEstimate": {"avg": {}, "low": {}, "high": {}, "yearAgoEps": {}, "numberOfAnalysts": {}, "growth": {}}, "revenueEstimate": {"avg": {}, "low": {}, "high": {}, "numberOfAnalysts": {}, "yearAgoRevenue": {}, "growth": {}}, "epsTrend": {"current": {}, "7daysAgo": {}, "30daysAgo": {}, "60daysAgo": {}, "90daysAgo": {}}, "epsRevisions": {"upLast7days": {}, "upLast30days": {}, "downLast30days": {}, "downLast90days": {}}}], "maxAge": 1}, "financialData": {"maxAge": 86400, "currentPrice": 216.8, "targetHighPrice": 345.0, "targetLowPrice": 213.8, "targetMeanPrice": 316.85, "targetMedianPrice": 325.0, "recommendationMean": 1.8, "recommendationKey": "buy", "numberOfAnalystOpinions": 21, "grossProfits": 67059960000, "financialCurrency": "INR"}}}