{"APTECHT.BO": {"recommendationTrend": {"trend": [{"period": "0m", "strongBuy": 0, "buy": 0, "hold": 0, "sell": 0, "strongSell": 0}, {"period": "-1m", "strongBuy": 0, "buy": 0, "hold": 0, "sell": 0, "strongSell": 0}, {"period": "-2m", "strongBuy": 0, "buy": 0, "hold": 0, "sell": 0, "strongSell": 0}, {"period": "-3m", "strongBuy": 0, "buy": 0, "hold": 0, "sell": 0, "strongSell": 0}], "maxAge": 86400}, "cashflowStatementHistory": {"cashflowStatements": [{"maxAge": 1, "endDate": "2020-03-31", "netIncome": 135061000, "depreciation": 102565000, "changeToNetincome": 130966000, "changeToAccountReceivables": -185628000, "changeToLiabilities": -10637000, "changeToInventory": -2373000, "changeToOperatingActivities": -297127000, "totalCashFromOperatingActivities": -97514000, "capitalExpenditures": -59362000, "investments": 226192000, "otherCashflowsFromInvestingActivities": 44178000, "totalCashflowsFromInvestingActivities": 215175000, "dividendsPaid": -320774000, "netBorrowings": 197696000, "otherCashflowsFromFinancingActivities": -77379000, "totalCashFromFinancingActivities": -176220000, "changeInCash": -58559000, "issuanceOfStock": 24237000}, {"maxAge": 1, "endDate": "2019-03-31", "netIncome": 182211000, "depreciation": 81844000, "changeToNetincome": 19280000, "changeToAccountReceivables": -294664000, "changeToLiabilities": 29084000, "changeToInventory": -9588000, "changeToOperatingActivities": 105315000, "totalCashFromOperatingActivities": 139108000, "capitalExpenditures": -101381000, "investments": 67383000, "otherCashflowsFromInvestingActivities": 31982000, "totalCashflowsFromInvestingActivities": 2351000, "dividendsPaid": -139627000, "netBorrowings": 197696000, "otherCashflowsFromFinancingActivities": -29641000, "totalCashFromFinancingActivities": -169268000, "changeInCash": -27809000, "issuanceOfStock": 24237000}, {"maxAge": 1, "endDate": "2018-03-31", "netIncome": 328723000, "depreciation": 90479000, "changeToNetincome": -28847000, "changeToAccountReceivables": -341829000, "changeToLiabilities": 41955000, "changeToInventory": 2567000, "changeToOperatingActivities": 8548000, "totalCashFromOperatingActivities": 123753000, "capitalExpenditures": -116425000, "investments": -242983000, "otherCashflowsFromInvestingActivities": 169930000, "totalCashflowsFromInvestingActivities": 16685000, "dividendsPaid": -119681000, "netBorrowings": 197696000, "otherCashflowsFromFinancingActivities": -24968000, "totalCashFromFinancingActivities": -144649000, "changeInCash": -4211000, "issuanceOfStock": 24237000}, {"maxAge": 1, "endDate": "2017-03-31", "netIncome": 193039000, "depreciation": 92243000, "changeToNetincome": 81389000, "changeToAccountReceivables": -78834000, "changeToLiabilities": 33170000, "changeToInventory": 10964000, "changeToOperatingActivities": -58650000, "totalCashFromOperatingActivities": 288036000, "capitalExpenditures": -136228000, "investments": -102056000, "otherCashflowsFromInvestingActivities": 2279000, "totalCashflowsFromInvestingActivities": -235475000, "dividendsPaid": -119681000, "netBorrowings": 197696000, "otherCashflowsFromFinancingActivities": -1083000, "totalCashFromFinancingActivities": -1083000, "changeInCash": 51478000, "issuanceOfStock": 24237000}], "maxAge": 86400}, "institutionOwnership": {"maxAge": 1, "ownershipList": []}, "balanceSheetHistoryQuarterly": {"balanceSheetStatements": [{"maxAge": 1, "endDate": "2020-06-30", "totalStockholderEquity": 2593801000, "netTangibleAssets": 2465629000}, {"maxAge": 1, "endDate": "2020-03-31", "cash": 46588000, "shortTermInvestments": 30732000, "netReceivables": 910563000, "inventory": 19257000, "otherCurrentAssets": 425204000, "totalCurrentAssets": 1453642000, "longTermInvestments": 1330830000, "propertyPlantEquipment": 175410000, "intangibleAssets": 128172000, "otherAssets": 326479000, "deferredLongTermAssetCharges": 185615000, "totalAssets": 3414533000, "accountsPayable": 169104000, "otherCurrentLiab": 155137000, "otherLiab": 24311000, "totalCurrentLiabilities": 781001000, "totalLiab": 820732000, "commonStock": 402546000, "retainedEarnings": 888448000, "treasuryStock": 344851000, "capitalSurplus": 957956000, "otherStockholderEquity": 344851000, "totalStockholderEquity": 2593801000, "netTangibleAssets": 2465629000}, {"maxAge": 1, "endDate": "2019-12-31", "totalStockholderEquity": 2785400000, "netTangibleAssets": 2646700000}, {"maxAge": 1, "endDate": "2019-09-30", "cash": 313800000, "shortTermInvestments": 149800000, "netReceivables": 918600000, "inventory": 20700000, "otherCurrentAssets": 128900000, "totalCurrentAssets": 1531800000, "longTermInvestments": 1345000000, "propertyPlantEquipment": 165700000, "intangibleAssets": 138700000, "otherAssets": 267200000, "deferredLongTermAssetCharges": 183900000, "totalAssets": 3448400000, "accountsPayable": 185000000, "otherCurrentLiab": 415600000, "otherLiab": 22700000, "totalCurrentLiabilities": 626400000, "totalLiab": 663000000, "commonStock": 398900000, "treasuryStock": 2386500000, "otherStockholderEquity": 2386500000, "totalStockholderEquity": 2785400000, "netTangibleAssets": 2646700000}], "maxAge": 86400}, "earningsHistory": {"history": [{"maxAge": 1, "epsActual": {}, "epsEstimate": {}, "epsDifference": {}, "surprisePercent": {}, "quarter": {}, "period": "-4q"}, {"maxAge": 1, "epsActual": {}, "epsEstimate": {}, "epsDifference": {}, "surprisePercent": {}, "quarter": {}, "period": "-3q"}, {"maxAge": 1, "epsActual": 0.85, "epsEstimate": 1.65, "epsDifference": -0.8, "surprisePercent": -0.485, "quarter": "2018-06-30", "period": "-2q"}, {"maxAge": 1, "epsActual": 2.01, "epsEstimate": 2.24, "epsDifference": -0.23, "surprisePercent": -0.103, "quarter": "2018-09-30", "period": "-1q"}], "maxAge": 86400}, "indexTrend": {"maxAge": 1, "symbol": "SP5", "peRatio": 19.7411, "pegRatio": 1.34172, "estimates": [{"period": "0q", "growth": 0.549}, {"period": "+1q", "growth": 0.431}, {"period": "0y", "growth": 0.305}, {"period": "+1y", "growth": 0.109}, {"period": "+5y", "growth": 0.120865}, {"period": "-5y"}]}, "industryTrend": {"maxAge": 1, "symbol": null, "estimates": []}, "insiderTransactions": {"transactions": [{"maxAge": 1, "shares": 14000, "filerUrl": "", "transactionText": "", "filerName": "Koticha (Jatin Kishore)", "filerRelation": "UNREPORTED", "moneyText": "", "startDate": "2020-06-04", "ownership": "D"}, {"maxAge": 1, "shares": 35000, "filerUrl": "", "transactionText": "", "filerName": "Koticha (Jatin Kishore)", "filerRelation": "UNREPORTED", "moneyText": "", "startDate": "2020-06-01", "ownership": "D"}, {"maxAge": 1, "shares": 14306, "filerUrl": "", "transactionText": "", "filerName": "Pant (Anil)", "filerRelation": "UNREPORTED", "moneyText": "", "startDate": "2020-05-09", "ownership": "D"}, {"maxAge": 1, "shares": 7650, "filerUrl": "", "transactionText": "", "filerName": "Kacker (Anuj)", "filerRelation": "Additonal Director", "moneyText": "", "startDate": "2020-01-29", "ownership": "D"}, {"maxAge": 1, "shares": 161330, "filerUrl": "", "transactionText": "", "filerName": "Pant (Anil)", "filerRelation": "UNREPORTED", "moneyText": "", "startDate": "2020-01-29", "ownership": "D"}, {"maxAge": 1, "shares": 300000, "filerUrl": "", "transactionText": "", "filerName": "Koticha (Sameer)", "filerRelation": "UNREPORTED", "moneyText": "", "startDate": "2019-08-02", "ownership": "D"}, {"maxAge": 1, "shares": 25000, "filerUrl": "", "transactionText": "", "filerName": "Gupta (Sushiladevi Purshottam)", "filerRelation": "Promoter", "moneyText": "", "startDate": "2019-04-04", "ownership": "D"}, {"maxAge": 1, "shares": 4000, "filerUrl": "", "transactionText": "", "filerName": "Koticha (Jatin Kishore)", "filerRelation": "UNREPORTED", "moneyText": "", "startDate": "2019-01-28", "ownership": "D"}, {"maxAge": 1, "shares": 6000, "filerUrl": "", "transactionText": "", "filerName": "Koticha (Jatin Kishore)", "filerRelation": "UNREPORTED", "moneyText": "", "startDate": "2019-01-22", "ownership": "D"}, {"maxAge": 1, "shares": 75000, "filerUrl": "", "transactionText": "", "filerName": "Jhunjhunwala (Rakesh Radheshyam)", "filerRelation": "Non Executive Chairman", "moneyText": "", "startDate": "2018-11-28", "ownership": "D"}], "maxAge": 1}, "quoteType": {"exchange": "BSE", "quoteType": "EQUITY", "symbol": "APTECHT.BO", "underlyingSymbol": "APTECHT.BO", "shortName": "APTECH LTD.", "longName": "Aptech Limited", "firstTradeDateEpochUtc": "2002-09-24 09:15:00", "timeZoneFullName": "Asia/Kolkata", "timeZoneShortName": "IST", "uuid": "13f5341e-edc5-38d2-a9dc-616453a8d7b5", "messageBoardId": null, "gmtOffSetMilliseconds": 19800000, "maxAge": 1}, "incomeStatementHistory": {"incomeStatementHistory": [{"maxAge": 1, "endDate": "2020-03-31", "totalRevenue": 2168232000, "costOfRevenue": 679444000, "grossProfit": 1488788000, "researchDevelopment": {}, "sellingGeneralAdministrative": 298932000, "nonRecurring": {}, "otherOperatingExpenses": 767143000, "totalOperatingExpenses": 2025950000, "operatingIncome": 142282000, "totalOtherIncomeExpenseNet": 29505000, "ebit": 142282000, "interestExpense": -11433000, "incomeBeforeTax": 171787000, "incomeTaxExpense": 36726000, "minorityInterest": {}, "netIncomeFromContinuingOps": 135061000, "discontinuedOperations": {}, "extraordinaryItems": {}, "effectOfAccountingCharges": {}, "otherItems": {}, "netIncome": 135061000, "netIncomeApplicableToCommonShares": 135061000}, {"maxAge": 1, "endDate": "2019-03-31", "totalRevenue": 2085515000, "costOfRevenue": 644661000, "grossProfit": 1440854000, "researchDevelopment": {}, "sellingGeneralAdministrative": 209213000, "nonRecurring": {}, "otherOperatingExpenses": 812999000, "totalOperatingExpenses": 1891653000, "operatingIncome": 193862000, "totalOtherIncomeExpenseNet": 30176000, "ebit": 193862000, "interestExpense": -935000, "incomeBeforeTax": 224038000, "incomeTaxExpense": 41827000, "minorityInterest": {}, "netIncomeFromContinuingOps": 182211000, "discontinuedOperations": {}, "extraordinaryItems": {}, "effectOfAccountingCharges": {}, "otherItems": {}, "netIncome": 182211000, "netIncomeApplicableToCommonShares": 182211000}, {"maxAge": 1, "endDate": "2018-03-31", "totalRevenue": 2291423000, "costOfRevenue": 839327000, "grossProfit": 1452096000, "researchDevelopment": {}, "sellingGeneralAdministrative": 212593000, "nonRecurring": {}, "otherOperatingExpenses": 915658000, "totalOperatingExpenses": 2128546000, "operatingIncome": 162877000, "totalOtherIncomeExpenseNet": 202950000, "ebit": 162877000, "interestExpense": -604000, "incomeBeforeTax": 365827000, "incomeTaxExpense": 37104000, "minorityInterest": {}, "netIncomeFromContinuingOps": 328723000, "discontinuedOperations": {}, "extraordinaryItems": {}, "effectOfAccountingCharges": {}, "otherItems": {}, "netIncome": 328723000, "netIncomeApplicableToCommonShares": 328723000}, {"maxAge": 1, "endDate": "2017-03-31", "totalRevenue": 2121822000, "costOfRevenue": 627895000, "grossProfit": 1493927000, "researchDevelopment": {}, "sellingGeneralAdministrative": 178398000, "nonRecurring": {}, "otherOperatingExpenses": 997523000, "totalOperatingExpenses": 1914140000, "operatingIncome": 207682000, "totalOtherIncomeExpenseNet": 20463000, "ebit": 207682000, "interestExpense": -411000, "incomeBeforeTax": 228145000, "incomeTaxExpense": 35106000, "minorityInterest": {}, "netIncomeFromContinuingOps": 193039000, "discontinuedOperations": {}, "extraordinaryItems": {}, "effectOfAccountingCharges": {}, "otherItems": {}, "netIncome": 193039000, "netIncomeApplicableToCommonShares": 193039000}], "maxAge": 86400}, "fundOwnership": {"maxAge": 1, "ownershipList": []}, "summaryDetail": {"maxAge": 1, "priceHint": 2, "previousClose": 203.0, "open": 208.0, "dayLow": 203.2, "dayHigh": 212.0, "regularMarketPreviousClose": 203.0, "regularMarketOpen": 208.0, "regularMarketDayLow": 203.2, "regularMarketDayHigh": 212.0, "trailingPE": 213.67924, "forwardPE": 31.36154, "volume": 24234, "regularMarketVolume": 24234, "averageVolume": 120522, "averageVolume10days": 168678, "averageDailyVolume10Day": 168678, "bid": 203.1, "ask": 205.8, "bidSize": 0, "askSize": 0, "marketCap": 8229730304, "fiftyTwoWeekLow": 65.55, "fiftyTwoWeekHigh": 248.0, "fiftyDayAverage": 191.99571, "twoHundredDayAverage": 141.48212, "trailingAnnualDividendRate": 4.5, "trailingAnnualDividendYield": 0.022167487, "currency": "INR", "fromCurrency": null, "toCurrency": null, "lastMarket": null, "algorithm": null, "tradeable": false}, "sectorTrend": {"maxAge": 1, "symbol": null, "estimates": []}, "incomeStatementHistoryQuarterly": {"incomeStatementHistory": [{"maxAge": 1, "endDate": "2020-06-30", "totalRevenue": 148679000, "costOfRevenue": 119065000, "grossProfit": 29614000, "researchDevelopment": {}, "sellingGeneralAdministrative": {}, "nonRecurring": {}, "otherOperatingExpenses": 93262000, "totalOperatingExpenses": 245708000, "operatingIncome": -97029000, "totalOtherIncomeExpenseNet": 12424000, "ebit": -97029000, "interestExpense": -6885000, "incomeBeforeTax": -84605000, "incomeTaxExpense": -19259000, "minorityInterest": {}, "netIncomeFromContinuingOps": -65346000, "discontinuedOperations": {}, "extraordinaryItems": {}, "effectOfAccountingCharges": {}, "otherItems": {}, "netIncome": -65346000, "netIncomeApplicableToCommonShares": -65346000}, {"maxAge": 1, "endDate": "2020-03-31", "totalRevenue": 399032000, "costOfRevenue": 177544000, "grossProfit": 221488000, "researchDevelopment": {}, "sellingGeneralAdministrative": 298932000, "nonRecurring": {}, "otherOperatingExpenses": -149657000, "totalOperatingExpenses": 508550000, "operatingIncome": -109518000, "totalOtherIncomeExpenseNet": 205000, "ebit": -109518000, "interestExpense": -7733000, "incomeBeforeTax": -109313000, "incomeTaxExpense": -36574000, "minorityInterest": {}, "netIncomeFromContinuingOps": -72739000, "discontinuedOperations": {}, "extraordinaryItems": {}, "effectOfAccountingCharges": {}, "otherItems": {}, "netIncome": -72739000, "netIncomeApplicableToCommonShares": -72739000}, {"maxAge": 1, "endDate": "2019-12-31", "totalRevenue": 538400000, "costOfRevenue": 160400000, "grossProfit": 378000000, "researchDevelopment": {}, "sellingGeneralAdministrative": 298932000, "nonRecurring": {}, "otherOperatingExpenses": 275100000, "totalOperatingExpenses": 470300000, "operatingIncome": 68100000, "totalOtherIncomeExpenseNet": 11800000, "ebit": 68100000, "interestExpense": -1400000, "incomeBeforeTax": 79900000, "incomeTaxExpense": 12600000, "minorityInterest": {}, "netIncomeFromContinuingOps": 67300000, "discontinuedOperations": {}, "extraordinaryItems": {}, "effectOfAccountingCharges": {}, "otherItems": {}, "netIncome": 67300000, "netIncomeApplicableToCommonShares": 67300000}, {"maxAge": 1, "endDate": "2019-09-30", "totalRevenue": 715200000, "costOfRevenue": 168300000, "grossProfit": 546900000, "researchDevelopment": {}, "sellingGeneralAdministrative": 298932000, "nonRecurring": {}, "otherOperatingExpenses": 368300000, "totalOperatingExpenses": 566600000, "operatingIncome": 148600000, "totalOtherIncomeExpenseNet": 8200000, "ebit": 148600000, "interestExpense": -3700000, "incomeBeforeTax": 156800000, "incomeTaxExpense": 47100000, "minorityInterest": {}, "netIncomeFromContinuingOps": 109700000, "discontinuedOperations": {}, "extraordinaryItems": {}, "effectOfAccountingCharges": {}, "otherItems": {}, "netIncome": 109700000, "netIncomeApplicableToCommonShares": 109700000}], "maxAge": 86400}, "cashflowStatementHistoryQuarterly": {"cashflowStatements": [{"maxAge": 1, "endDate": "2020-06-30", "netIncome": -65346000, "changeToLiabilities": 0}, {"maxAge": 1, "endDate": "2020-03-31", "netIncome": -72739000, "changeToLiabilities": 0}, {"maxAge": 1, "endDate": "2019-12-31", "netIncome": 67300000, "changeToLiabilities": 0}, {"maxAge": 1, "endDate": "2019-09-30", "netIncome": 109700000, "changeToLiabilities": 0}], "maxAge": 86400}, "insiderHolders": {"holders": [{"maxAge": 1, "name": "Gupta (Sushiladevi Purshottam)", "relation": "Promoter", "url": "", "transactionDescription": "Gift", "latestTransDate": "2019-04-04", "positionDirect": 100000, "positionDirectDate": "2019-04-04"}, {"maxAge": 1, "name": "Jhunjhunwala (Rakesh Radheshyam)", "relation": "Non Executive Chairman", "url": "", "transactionDescription": "Acquisition", "latestTransDate": "2018-11-28", "positionDirect": 5094100, "positionDirectDate": "2018-11-28"}, {"maxAge": 1, "name": "Kacker (Anuj)", "relation": "Additonal Director", "url": "", "transactionDescription": "Other", "latestTransDate": "2020-01-29", "positionDirect": 7650, "positionDirectDate": "2020-01-29"}, {"maxAge": 1, "name": "Koticha (Jatin Kishore)", "relation": "UNREPORTED", "url": "", "transactionDescription": "Sale", "latestTransDate": "2020-06-04", "positionDirect": 35000, "positionDirectDate": "2020-06-04"}, {"maxAge": 1, "name": "Koticha (Sameer)", "relation": "UNREPORTED", "url": "", "transactionDescription": "Sale", "latestTransDate": "2019-08-02", "positionDirect": 0, "positionDirectDate": "2019-08-02"}, {"maxAge": 1, "name": "Pant (Anil)", "relation": "UNREPORTED", "url": "", "transactionDescription": "Other", "latestTransDate": "2020-05-09", "positionDirect": 177636, "positionDirectDate": "2020-05-09"}], "maxAge": 1}, "earnings": {"maxAge": 86400, "earningsChart": {"quarterly": [{"date": "2Q2018", "actual": 0.85, "estimate": 1.65}, {"date": "3Q2018", "actual": 2.01, "estimate": 2.24}], "currentQuarterEstimateDate": "4Q", "currentQuarterEstimateYear": 2018, "earningsDate": ["2020-07-27 05:30:S"]}, "financialsChart": {"yearly": [{"date": 2017, "revenue": 2121822000, "earnings": 193039000}, {"date": 2018, "revenue": 2291423000, "earnings": 328723000}, {"date": 2019, "revenue": 2085515000, "earnings": 182211000}, {"date": 2020, "revenue": 2168232000, "earnings": 135061000}], "quarterly": [{"date": "3Q2019", "revenue": 715200000, "earnings": 109700000}, {"date": "4Q2019", "revenue": 538400000, "earnings": 67300000}, {"date": "1Q2020", "revenue": 399032000, "earnings": -72739000}, {"date": "2Q2020", "revenue": 148679000, "earnings": -65346000}]}, "financialCurrency": "INR"}, "calendarEvents": {"maxAge": 1, "earnings": {"earningsDate": ["2020-07-27 05:30:S"]}}, "price": {"maxAge": 1, "regularMarketChangePercent": 0.004187222, "regularMarketChange": 0.8500061, "regularMarketTime": "2021-04-30 15:29:47", "priceHint": 2, "regularMarketPrice": 203.85, "regularMarketDayHigh": 212.0, "regularMarketDayLow": 203.2, "regularMarketVolume": 24234, "averageDailyVolume10Day": 168678, "averageDailyVolume3Month": 120522, "regularMarketPreviousClose": 203.0, "regularMarketSource": "FREE_REALTIME", "regularMarketOpen": 208.0, "exchange": "BSE", "exchangeName": "BSE", "exchangeDataDelayedBy": 0, "marketState": "CLOSED", "quoteType": "EQUITY", "symbol": "APTECHT.BO", "underlyingSymbol": null, "shortName": "APTECH LTD.", "longName": "Aptech Limited", "currency": "INR", "quoteSourceName": "Delayed Quote", "currencySymbol": "\u20b9", "fromCurrency": null, "toCurrency": null, "lastMarket": null, "marketCap": 8229730304}, "balanceSheetHistory": {"balanceSheetStatements": [{"maxAge": 1, "endDate": "2020-03-31", "cash": 46588000, "shortTermInvestments": 30732000, "netReceivables": 910563000, "inventory": 19257000, "otherCurrentAssets": 425204000, "totalCurrentAssets": 1453642000, "longTermInvestments": 1330830000, "propertyPlantEquipment": 175410000, "intangibleAssets": 128172000, "otherAssets": 326479000, "deferredLongTermAssetCharges": 185615000, "totalAssets": 3414533000, "accountsPayable": 169104000, "otherCurrentLiab": 155137000, "otherLiab": 24311000, "totalCurrentLiabilities": 781001000, "totalLiab": 820732000, "commonStock": 402546000, "retainedEarnings": 888448000, "treasuryStock": 344851000, "capitalSurplus": 957956000, "otherStockholderEquity": 344851000, "totalStockholderEquity": 2593801000, "netTangibleAssets": 2465629000}, {"maxAge": 1, "endDate": "2019-03-31", "cash": 105147000, "shortTermInvestments": 177492000, "netReceivables": 884707000, "inventory": 16884000, "otherCurrentAssets": 188569000, "totalCurrentAssets": 1389657000, "longTermInvestments": 1332221000, "propertyPlantEquipment": 142057000, "intangibleAssets": 156481000, "otherAssets": 283924000, "deferredLongTermAssetCharges": 185084000, "totalAssets": 3304340000, "accountsPayable": 185503000, "otherCurrentLiab": 145627000, "otherLiab": 22570000, "totalCurrentLiabilities": 494133000, "totalLiab": 516703000, "commonStock": 398936000, "retainedEarnings": 1151297000, "treasuryStock": 339684000, "capitalSurplus": 897720000, "otherStockholderEquity": 339684000, "totalStockholderEquity": 2787637000, "netTangibleAssets": 2631156000}, {"maxAge": 1, "endDate": "2018-03-31", "cash": 133105000, "shortTermInvestments": 79796000, "netReceivables": 782599000, "inventory": 7296000, "otherCurrentAssets": 262495000, "totalCurrentAssets": 1357327000, "longTermInvestments": 1316985000, "propertyPlantEquipment": 158897000, "intangibleAssets": 149697000, "otherAssets": 254800000, "deferredLongTermAssetCharges": 184180000, "totalAssets": 3237706000, "accountsPayable": 163740000, "otherCurrentLiab": 101231000, "otherLiab": 22738000, "totalCurrentLiabilities": 422689000, "totalLiab": 445427000, "commonStock": 398936000, "retainedEarnings": 1141241000, "treasuryStock": 354382000, "capitalSurplus": 897720000, "otherStockholderEquity": 354382000, "totalStockholderEquity": 2792279000, "netTangibleAssets": 2642582000}, {"maxAge": 1, "endDate": "2017-03-31", "cash": 135471000, "shortTermInvestments": 137699000, "netReceivables": 524799000, "inventory": 9863000, "otherCurrentAssets": 44715000, "totalCurrentAssets": 1048886000, "longTermInvestments": 1098296000, "propertyPlantEquipment": 208445000, "intangibleAssets": 146909000, "otherAssets": 358782000, "deferredLongTermAssetCharges": 148876000, "totalAssets": 2861318000, "accountsPayable": 139274000, "otherCurrentLiab": 93022000, "otherLiab": 20621000, "totalCurrentLiabilities": 366445000, "totalLiab": 387066000, "commonStock": 398936000, "retainedEarnings": 962208000, "treasuryStock": 215388000, "capitalSurplus": 897720000, "otherStockholderEquity": 215388000, "totalStockholderEquity": 2474252000, "netTangibleAssets": 2327343000}], "maxAge": 86400}, "earningsTrend": {"trend": [{"maxAge": 1, "period": "0q", "endDate": "2018-12-31", "growth": {}, "earningsEstimate": {"avg": 0.0, "low": 0.0, "high": 0.0, "yearAgoEps": {}, "numberOfAnalysts": 0, "growth": {}}, "revenueEstimate": {"avg": 0, "low": 0, "high": 0, "numberOfAnalysts": 0, "yearAgoRevenue": {}, "growth": {}}, "epsTrend": {"current": 0.0, "7daysAgo": 0.0, "30daysAgo": 0.0, "60daysAgo": 0.0, "90daysAgo": 0.0}, "epsRevisions": {"upLast7days": 0, "upLast30days": 0, "downLast30days": 0, "downLast90days": {}}}, {"maxAge": 1, "period": "+1q", "endDate": "2019-03-31", "growth": {}, "earningsEstimate": {"avg": 0.0, "low": 0.0, "high": 0.0, "yearAgoEps": {}, "numberOfAnalysts": 0, "growth": {}}, "revenueEstimate": {"avg": 0, "low": 0, "high": 0, "numberOfAnalysts": 0, "yearAgoRevenue": {}, "growth": {}}, "epsTrend": {"current": 0.0, "7daysAgo": 0.0, "30daysAgo": 0.0, "60daysAgo": 0.0, "90daysAgo": 0.0}, "epsRevisions": {"upLast7days": 0, "upLast30days": 0, "downLast30days": 0, "downLast90days": {}}}, {"maxAge": 1, "period": "0y", "endDate": "2019-03-31", "growth": {}, "earningsEstimate": {"avg": 0.0, "low": 0.0, "high": 0.0, "yearAgoEps": {}, "numberOfAnalysts": 0, "growth": {}}, "revenueEstimate": {"avg": 2520540000, "low": 2520540000, "high": 2520540000, "numberOfAnalysts": 1, "yearAgoRevenue": 2342710000, "growth": 0.076}, "epsTrend": {"current": 0.0, "7daysAgo": 5.63, "30daysAgo": 5.63, "60daysAgo": 5.63, "90daysAgo": 5.63}, "epsRevisions": {"upLast7days": 0, "upLast30days": 0, "downLast30days": 0, "downLast90days": {}}}, {"maxAge": 1, "period": "+1y", "endDate": "2020-03-31", "growth": {}, "earningsEstimate": {"avg": 0.0, "low": 0.0, "high": 0.0, "yearAgoEps": {}, "numberOfAnalysts": 0, "growth": {}}, "revenueEstimate": {"avg": 2805360000, "low": 2805360000, "high": 2805360000, "numberOfAnalysts": 1, "yearAgoRevenue": 2520540000, "growth": 0.113000005}, "epsTrend": {"current": 0.0, "7daysAgo": 6.5, "30daysAgo": 6.5, "60daysAgo": 6.5, "90daysAgo": 6.5}, "epsRevisions": {"upLast7days": 0, "upLast30days": 0, "downLast30days": 0, "downLast90days": {}}}, {"maxAge": 1, "period": "+5y", "endDate": null, "growth": {}, "earningsEstimate": {"avg": {}, "low": {}, "high": {}, "yearAgoEps": {}, "numberOfAnalysts": {}, "growth": {}}, "revenueEstimate": {"avg": {}, "low": {}, "high": {}, "numberOfAnalysts": {}, "yearAgoRevenue": {}, "growth": {}}, "epsTrend": {"current": {}, "7daysAgo": {}, "30daysAgo": {}, "60daysAgo": {}, "90daysAgo": {}}, "epsRevisions": {"upLast7days": {}, "upLast30days": {}, "downLast30days": {}, "downLast90days": {}}}, {"maxAge": 1, "period": "-5y", "endDate": null, "growth": {}, "earningsEstimate": {"avg": {}, "low": {}, "high": {}, "yearAgoEps": {}, "numberOfAnalysts": {}, "growth": {}}, "revenueEstimate": {"avg": {}, "low": {}, "high": {}, "numberOfAnalysts": {}, "yearAgoRevenue": {}, "growth": {}}, "epsTrend": {"current": {}, "7daysAgo": {}, "30daysAgo": {}, "60daysAgo": {}, "90daysAgo": {}}, "epsRevisions": {"upLast7days": {}, "upLast30days": {}, "downLast30days": {}, "downLast90days": {}}}], "maxAge": 1}, "financialData": {"maxAge": 86400, "currentPrice": 203.85, "recommendationKey": "none", "grossProfits": 1488788000, "financialCurrency": "INR"}}}