{"ARCFIN.BO": {"cashflowStatementHistory": {"cashflowStatements": [{"maxAge": 1, "endDate": "2020-03-31", "netIncome": 2416978, "depreciation": 329052, "changeToNetincome": -489235, "changeToLiabilities": 0, "changeToInventory": -1619650, "changeToOperatingActivities": 1116704, "totalCashFromOperatingActivities": 1753849, "capitalExpenditures": -1429880, "investments": -1375831, "totalCashflowsFromInvestingActivities": -2805711, "changeInCash": -1051862}, {"maxAge": 1, "endDate": "2019-03-31", "netIncome": -5760983, "depreciation": 266467, "changeToNetincome": -176029, "changeToLiabilities": 0, "changeToInventory": -19658968, "changeToOperatingActivities": 24321461, "totalCashFromOperatingActivities": -1008052, "capitalExpenditures": -1429880, "investments": 30700, "totalCashflowsFromInvestingActivities": 30700, "changeInCash": -977352}, {"maxAge": 1, "endDate": "2018-03-31", "netIncome": 1493511, "depreciation": 228448, "changeToNetincome": 556642, "changeToLiabilities": 0, "changeToInventory": 9709046, "changeToOperatingActivities": -13297719, "totalCashFromOperatingActivities": -1310072, "capitalExpenditures": -1571168, "investments": 1540045, "totalCashflowsFromInvestingActivities": -31123, "changeInCash": -1341195}, {"maxAge": 1, "endDate": "2017-03-31", "netIncome": 1370773, "depreciation": 176852, "changeToNetincome": 1917343, "changeToLiabilities": 38742090, "changeToInventory": -24393241, "changeToOperatingActivities": -33684337, "totalCashFromOperatingActivities": -15870520, "capitalExpenditures": -60190, "investments": 15515056, "totalCashflowsFromInvestingActivities": 15454866, "otherCashflowsFromFinancingActivities": -14820, "totalCashFromFinancingActivities": -14820, "changeInCash": -430474}], "maxAge": 86400}, "institutionOwnership": {"ownershipList": [], "maxAge": 1}, "balanceSheetHistoryQuarterly": {"balanceSheetStatements": [{"maxAge": 1, "endDate": "2020-06-30", "totalStockholderEquity": 507710000, "netTangibleAssets": 507710000}, {"maxAge": 1, "endDate": "2020-03-31", "cash": 86060, "netReceivables": 517564715, "otherCurrentAssets": 8604051, "totalCurrentAssets": 562730638, "longTermInvestments": 6010086, "propertyPlantEquipment": 2279412, "totalAssets": 571020136, "accountsPayable": 50707886, "otherCurrentLiab": 1177713, "otherLiab": 1306668, "totalCurrentLiabilities": 62001591, "totalLiab": 63308259, "commonStock": 504950000, "retainedEarnings": 2761877, "totalStockholderEquity": 507711877, "netTangibleAssets": 507711877}, {"maxAge": 1, "endDate": "2019-12-31", "totalStockholderEquity": 510621000, "netTangibleAssets": 510621000}, {"maxAge": 1, "endDate": "2019-09-30", "cash": 390000, "netReceivables": 508729000, "inventory": 37324000, "totalCurrentAssets": 546443000, "longTermInvestments": 6010000, "propertyPlantEquipment": 1114000, "totalAssets": 553567000, "accountsPayable": 25230000, "otherCurrentLiab": 3678000, "otherLiab": 1394000, "totalCurrentLiabilities": 41552000, "totalLiab": 42946000, "commonStock": 504950000, "retainedEarnings": 5671000, "totalStockholderEquity": 510621000, "netTangibleAssets": 510621000}], "maxAge": 86400}, "indexTrend": {"maxAge": 1, "symbol": "SP5", "peRatio": 19.7411, "pegRatio": 1.34172, "estimates": [{"period": "0q", "growth": 0.549}, {"period": "+1q", "growth": 0.431}, {"period": "0y", "growth": 0.305}, {"period": "+1y", "growth": 0.109}, {"period": "+5y", "growth": 0.120859005}, {"period": "-5y"}]}, "insiderTransactions": {"transactions": [{"maxAge": 1, "shares": 35000, "filerUrl": "", "transactionText": "", "filerName": "Kothari (Alka)", "filerRelation": "Promoter", "moneyText": "", "startDate": "2017-10-26", "ownership": "D"}, {"maxAge": 1, "shares": 45800, "filerUrl": "", "transactionText": "", "filerName": "Maheshwari (Deepika)", "filerRelation": "Promoter", "moneyText": "", "startDate": "2017-10-26", "ownership": "D"}, {"maxAge": 1, "shares": 47075, "filerUrl": "", "transactionText": "", "filerName": "Kothari (Ashok Vardhan)", "filerRelation": "Promoter", "moneyText": "", "startDate": "2017-06-13", "ownership": "D"}], "maxAge": 1}, "quoteType": {"exchange": "BSE", "quoteType": "EQUITY", "symbol": "ARCFIN.BO", "underlyingSymbol": "ARCFIN.BO", "shortName": "ARC Finance Limited", "longName": "ARC Finance Limited", "firstTradeDateEpochUtc": "2017-05-04 09:15:00", "timeZoneFullName": "Asia/Kolkata", "timeZoneShortName": "IST", "uuid": "e926b78d-36c0-3886-8421-fd725620de70", "gmtOffSetMilliseconds": 19800000, "maxAge": 1}, "incomeStatementHistory": {"incomeStatementHistory": [{"maxAge": 1, "endDate": "2020-03-31", "totalRevenue": 82473096, "costOfRevenue": 75837453, "grossProfit": 6635643, "researchDevelopment": {}, "sellingGeneralAdministrative": 1764974, "nonRecurring": {}, "otherOperatingExpenses": 2460925, "totalOperatingExpenses": 80392404, "operatingIncome": 2080692, "totalOtherIncomeExpenseNet": 340872, "ebit": 0, "interestExpense": {}, "incomeBeforeTax": 2421564, "incomeTaxExpense": 4586, "minorityInterest": {}, "netIncomeFromContinuingOps": 2416978, "discontinuedOperations": {}, "extraordinaryItems": {}, "effectOfAccountingCharges": {}, "otherItems": {}, "netIncome": 2416978, "netIncomeApplicableToCommonShares": 2416978}, {"maxAge": 1, "endDate": "2019-03-31", "totalRevenue": 45800777, "costOfRevenue": 47876843, "grossProfit": -2076066, "researchDevelopment": {}, "sellingGeneralAdministrative": 2139969, "nonRecurring": {}, "otherOperatingExpenses": 1454510, "totalOperatingExpenses": 51737789, "operatingIncome": -5937012, "totalOtherIncomeExpenseNet": 0, "ebit": 0, "interestExpense": {}, "incomeBeforeTax": -5937012, "incomeTaxExpense": -176029, "minorityInterest": {}, "netIncomeFromContinuingOps": -5760983, "discontinuedOperations": {}, "extraordinaryItems": {}, "effectOfAccountingCharges": {}, "otherItems": {}, "netIncome": -5760983, "netIncomeApplicableToCommonShares": -5760983}, {"maxAge": 1, "endDate": "2018-03-31", "totalRevenue": 59830987, "costOfRevenue": 54533834, "grossProfit": 5297153, "researchDevelopment": {}, "sellingGeneralAdministrative": 2348328, "nonRecurring": {}, "otherOperatingExpenses": 995500, "totalOperatingExpenses": 58106110, "operatingIncome": 1724877, "totalOtherIncomeExpenseNet": 325276, "ebit": 0, "interestExpense": {}, "incomeBeforeTax": 2050153, "incomeTaxExpense": 556642, "minorityInterest": {}, "netIncomeFromContinuingOps": 1493511, "discontinuedOperations": {}, "extraordinaryItems": {}, "effectOfAccountingCharges": {}, "otherItems": {}, "netIncome": 1493511, "netIncomeApplicableToCommonShares": 1493511}, {"maxAge": 1, "endDate": "2017-03-31", "totalRevenue": 77766528, "costOfRevenue": 61193042, "grossProfit": 16573486, "researchDevelopment": {}, "sellingGeneralAdministrative": 2332500, "nonRecurring": {}, "otherOperatingExpenses": 11926109, "totalOperatingExpenses": 75628503, "operatingIncome": 2138025, "totalOtherIncomeExpenseNet": -135000, "ebit": 0, "interestExpense": {}, "incomeBeforeTax": 2003025, "incomeTaxExpense": 632252, "minorityInterest": {}, "netIncomeFromContinuingOps": 1370773, "discontinuedOperations": {}, "extraordinaryItems": {}, "effectOfAccountingCharges": {}, "otherItems": {}, "netIncome": 1370773, "netIncomeApplicableToCommonShares": 1370773}], "maxAge": 86400}, "fundOwnership": {"ownershipList": [], "maxAge": 1}, "summaryDetail": {"maxAge": 1, "priceHint": 4, "previousClose": 4.39, "open": 4.45, "dayLow": 4.39, "dayHigh": 4.47, "regularMarketPreviousClose": 4.39, "regularMarketOpen": 4.45, "regularMarketDayLow": 4.39, "regularMarketDayHigh": 4.47, "trailingPE": 99.33333, "volume": 2400, "regularMarketVolume": 2400, "averageVolume": 1217, "averageVolume10days": 655, "averageDailyVolume10Day": 655, "bid": 4.47, "ask": 0.0, "bidSize": 0, "askSize": 0, "marketCap": 225712640, "fiftyTwoWeekLow": 0.23, "fiftyTwoWeekHigh": 4.9, "fiftyDayAverage": 3.6360607, "twoHundredDayAverage": 1.5956618, "currency": "INR", "fromCurrency": null, "lastMarket": null, "algorithm": null, "tradeable": false}, "incomeStatementHistoryQuarterly": {"incomeStatementHistory": [{"maxAge": 1, "endDate": "2020-06-30", "totalRevenue": 2424000, "costOfRevenue": 0, "grossProfit": 2424000, "researchDevelopment": {}, "sellingGeneralAdministrative": 673000, "nonRecurring": {}, "otherOperatingExpenses": 687000, "totalOperatingExpenses": 1360000, "operatingIncome": 1064000, "totalOtherIncomeExpenseNet": 0, "ebit": 0, "interestExpense": {}, "incomeBeforeTax": 1064000, "incomeTaxExpense": 277000, "minorityInterest": {}, "netIncomeFromContinuingOps": 787000, "discontinuedOperations": {}, "extraordinaryItems": {}, "effectOfAccountingCharges": {}, "otherItems": {}, "netIncome": 787000, "netIncomeApplicableToCommonShares": 787000}, {"maxAge": 1, "endDate": "2020-03-31", "totalRevenue": 66484096, "costOfRevenue": 67452453, "grossProfit": -968357, "researchDevelopment": {}, "sellingGeneralAdministrative": 686974, "nonRecurring": {}, "otherOperatingExpenses": 876925, "totalOperatingExpenses": 69281404, "operatingIncome": -2797308, "totalOtherIncomeExpenseNet": 340872, "ebit": 0, "interestExpense": {}, "incomeBeforeTax": -2456436, "incomeTaxExpense": -1352414, "minorityInterest": {}, "netIncomeFromContinuingOps": -1104022, "discontinuedOperations": {}, "extraordinaryItems": {}, "effectOfAccountingCharges": {}, "otherItems": {}, "netIncome": -1104022, "netIncomeApplicableToCommonShares": -1104022}, {"maxAge": 1, "endDate": "2019-12-31", "totalRevenue": 6144000, "costOfRevenue": 7427000, "grossProfit": -1283000, "researchDevelopment": {}, "sellingGeneralAdministrative": 280000, "nonRecurring": {}, "otherOperatingExpenses": 371000, "totalOperatingExpenses": 8077000, "operatingIncome": -1933000, "totalOtherIncomeExpenseNet": 0, "ebit": 0, "interestExpense": {}, "incomeBeforeTax": -1933000, "incomeTaxExpense": 0, "minorityInterest": {}, "netIncomeFromContinuingOps": -1933000, "discontinuedOperations": {}, "extraordinaryItems": {}, "effectOfAccountingCharges": {}, "otherItems": {}, "netIncome": -1933000, "netIncomeApplicableToCommonShares": -1933000}, {"maxAge": 1, "endDate": "2019-09-30", "totalRevenue": 5854000, "costOfRevenue": -186000, "grossProfit": 6040000, "researchDevelopment": {}, "sellingGeneralAdministrative": 519000, "nonRecurring": {}, "otherOperatingExpenses": 15000, "totalOperatingExpenses": 348000, "operatingIncome": 5506000, "totalOtherIncomeExpenseNet": 0, "ebit": 0, "interestExpense": {}, "incomeBeforeTax": 5506000, "incomeTaxExpense": 1018000, "minorityInterest": {}, "netIncomeFromContinuingOps": 4488000, "discontinuedOperations": {}, "extraordinaryItems": {}, "effectOfAccountingCharges": {}, "otherItems": {}, "netIncome": 4488000, "netIncomeApplicableToCommonShares": 4488000}], "maxAge": 86400}, "cashflowStatementHistoryQuarterly": {"cashflowStatements": [{"maxAge": 1, "endDate": "2020-06-30", "netIncome": 787000, "changeToLiabilities": 0}, {"maxAge": 1, "endDate": "2020-03-31", "netIncome": -1104022, "changeToLiabilities": 0}, {"maxAge": 1, "endDate": "2019-12-31", "netIncome": -1933000, "changeToLiabilities": 0}, {"maxAge": 1, "endDate": "2019-09-30", "netIncome": 4488000, "changeToLiabilities": 0}], "maxAge": 86400}, "insiderHolders": {"holders": [{"maxAge": 1, "name": "Kothari (Alka)", "relation": "Promoter", "url": "", "transactionDescription": "Sale", "latestTransDate": "2017-10-26", "positionDirect": 0, "positionDirectDate": "2017-10-26"}, {"maxAge": 1, "name": "Kothari (Ashok Vardhan)", "relation": "Promoter", "url": "", "transactionDescription": "Sale", "latestTransDate": "2017-06-13", "positionDirect": 0, "positionDirectDate": "2017-06-13"}, {"maxAge": 1, "name": "Maheshwari (Deepika)", "relation": "Promoter", "url": "", "transactionDescription": "Sale", "latestTransDate": "2017-10-26", "positionDirect": 0, "positionDirectDate": "2017-10-26"}], "maxAge": 1}, "calendarEvents": {"maxAge": 1, "earnings": {"earningsDate": ["2020-08-13 05:30:S"]}}, "upgradeDowngradeHistory": {"history": [], "maxAge": 86400}, "price": {"maxAge": 1, "regularMarketChangePercent": 0.018223219, "regularMarketChange": 0.07999992, "regularMarketTime": "2021-04-30 15:14:54", "priceHint": 4, "regularMarketPrice": 4.47, "regularMarketDayHigh": 4.47, "regularMarketDayLow": 4.39, "regularMarketVolume": 2400, "averageDailyVolume10Day": 655, "averageDailyVolume3Month": 1217, "regularMarketPreviousClose": 4.39, "regularMarketSource": "FREE_REALTIME", "regularMarketOpen": 4.45, "exchange": "BSE", "exchangeName": "BSE", "exchangeDataDelayedBy": 0, "marketState": "CLOSED", "quoteType": "EQUITY", "symbol": "ARCFIN.BO", "underlyingSymbol": null, "shortName": "ARC Finance Limited", "longName": "ARC Finance Limited", "currency": "INR", "quoteSourceName": "Delayed Quote", "currencySymbol": "\u20b9", "fromCurrency": null, "lastMarket": null, "marketCap": 225712640}, "balanceSheetHistory": {"balanceSheetStatements": [{"maxAge": 1, "endDate": "2020-03-31", "cash": 86060, "netReceivables": 517564715, "otherCurrentAssets": 8604051, "totalCurrentAssets": 562730638, "longTermInvestments": 6010086, "propertyPlantEquipment": 2279412, "totalAssets": 571020136, "accountsPayable": 50707886, "otherCurrentLiab": 1177713, "otherLiab": 1306668, "totalCurrentLiabilities": 62001591, "totalLiab": 63308259, "commonStock": 504950000, "retainedEarnings": 2761877, "totalStockholderEquity": 507711877, "netTangibleAssets": 507711877}, {"maxAge": 1, "endDate": "2019-03-31", "cash": 1137922, "netReceivables": 558532695, "otherCurrentAssets": 8457938, "totalCurrentAssets": 602984717, "longTermInvestments": 4634255, "propertyPlantEquipment": 1178584, "totalAssets": 608797556, "accountsPayable": 21904479, "otherCurrentLiab": 2405085, "otherLiab": 1393789, "totalCurrentLiabilities": 102235454, "totalLiab": 103629243, "commonStock": 504950000, "retainedEarnings": 218313, "totalStockholderEquity": 505168313, "netTangibleAssets": 505168313}, {"maxAge": 1, "endDate": "2018-03-31", "cash": 2115274, "netReceivables": 532795397, "otherCurrentAssets": 1400540, "totalCurrentAssets": 551508406, "longTermInvestments": 4664955, "propertyPlantEquipment": 1445051, "otherAssets": 6003651, "totalAssets": 563622063, "accountsPayable": 39951967, "otherCurrentLiab": 1088532, "otherLiab": 1402945, "totalCurrentLiabilities": 51122948, "totalLiab": 52525893, "commonStock": 504950000, "retainedEarnings": 6146170, "totalStockholderEquity": 511096170, "netTangibleAssets": 511096170}, {"maxAge": 1, "endDate": "2017-03-31", "cash": 3456469, "netReceivables": 510247388, "otherCurrentAssets": 1400540, "totalCurrentAssets": 540010638, "longTermInvestments": 6205000, "propertyPlantEquipment": 102331, "otherAssets": 4649220, "totalAssets": 550967189, "accountsPayable": 38742090, "otherCurrentLiab": 1047513, "otherLiab": 1440486, "totalCurrentLiabilities": 39989526, "totalLiab": 41430012, "commonStock": 504950000, "retainedEarnings": 4587177, "totalStockholderEquity": 509537177, "netTangibleAssets": 509537177}], "maxAge": 86400}, "financialData": {"maxAge": 86400, "currentPrice": 4.47, "recommendationKey": "none", "grossProfits": 6635643, "financialCurrency": "INR"}}}