{"ARCHIES.BO": {"recommendationTrend": {"trend": [{"period": "0m", "strongBuy": 0, "buy": 0, "hold": 0, "sell": 0, "strongSell": 0}, {"period": "-1m", "strongBuy": 0, "buy": 0, "hold": 0, "sell": 0, "strongSell": 0}, {"period": "-2m", "strongBuy": 0, "buy": 0, "hold": 0, "sell": 0, "strongSell": 0}, {"period": "-3m", "strongBuy": 0, "buy": 0, "hold": 0, "sell": 0, "strongSell": 0}], "maxAge": 86400}, "cashflowStatementHistory": {"cashflowStatements": [{"maxAge": 1, "endDate": "2020-03-31", "netIncome": -71758000, "depreciation": 184201000, "changeToNetincome": 59128000, "changeToAccountReceivables": 31090000, "changeToLiabilities": -13470000, "changeToInventory": -73491000, "changeToOperatingActivities": -13332000, "totalCashFromOperatingActivities": 102368000, "capitalExpenditures": -56635000, "otherCashflowsFromInvestingActivities": 8070000, "totalCashflowsFromInvestingActivities": -33563000, "netBorrowings": 16116000, "otherCashflowsFromFinancingActivities": -94491000, "totalCashFromFinancingActivities": -78375000, "changeInCash": -9570000}, {"maxAge": 1, "endDate": "2019-03-31", "netIncome": 7261000, "depreciation": 35756000, "changeToNetincome": 22774000, "changeToAccountReceivables": 28895000, "changeToLiabilities": 15068000, "changeToInventory": 9172000, "changeToOperatingActivities": -46849000, "totalCashFromOperatingActivities": 72077000, "capitalExpenditures": -57856000, "otherCashflowsFromInvestingActivities": 6646000, "totalCashflowsFromInvestingActivities": -38697000, "netBorrowings": 2195000, "otherCashflowsFromFinancingActivities": -27002000, "totalCashFromFinancingActivities": -24807000, "changeInCash": 8573000}, {"maxAge": 1, "endDate": "2018-03-31", "netIncome": -23696000, "depreciation": 40296000, "changeToNetincome": 26347000, "changeToAccountReceivables": -20349000, "changeToLiabilities": 17484000, "changeToInventory": 50992000, "changeToOperatingActivities": -49154000, "totalCashFromOperatingActivities": 41920000, "capitalExpenditures": -37895000, "otherCashflowsFromInvestingActivities": 1034000, "totalCashflowsFromInvestingActivities": -35887000, "dividendsPaid": -158000, "netBorrowings": 14748000, "otherCashflowsFromFinancingActivities": -20480000, "totalCashFromFinancingActivities": -5890000, "changeInCash": 143000}, {"maxAge": 1, "endDate": "2017-03-31", "netIncome": -36959000, "depreciation": 38099000, "changeToNetincome": 7070000, "changeToAccountReceivables": 18829000, "changeToLiabilities": 38917000, "changeToInventory": 2930000, "changeToOperatingActivities": 4387000, "totalCashFromOperatingActivities": 73273000, "capitalExpenditures": -74042000, "otherCashflowsFromInvestingActivities": 3575000, "totalCashflowsFromInvestingActivities": -69569000, "dividendsPaid": -2000, "netBorrowings": 1298000, "otherCashflowsFromFinancingActivities": -22113000, "totalCashFromFinancingActivities": -20817000, "changeInCash": -17113000}], "maxAge": 86400}, "institutionOwnership": {"maxAge": 1, "ownershipList": []}, "balanceSheetHistoryQuarterly": {"balanceSheetStatements": [{"maxAge": 1, "endDate": "2020-06-30", "totalStockholderEquity": 1100958000, "netTangibleAssets": 1100958000}, {"maxAge": 1, "endDate": "2020-03-31", "cash": 6844000, "netReceivables": 217905000, "inventory": 582076000, "otherCurrentAssets": 22091000, "totalCurrentAssets": 837178000, "propertyPlantEquipment": 1329995000, "otherAssets": 116985000, "deferredLongTermAssetCharges": 11077000, "totalAssets": 2284158000, "accountsPayable": 114930000, "otherCurrentLiab": 59451000, "otherLiab": 17745000, "totalCurrentLiabilities": 667913000, "totalLiab": 1183200000, "commonStock": 67560000, "retainedEarnings": 812540000, "treasuryStock": 147062000, "capitalSurplus": 73796000, "otherStockholderEquity": 147062000, "totalStockholderEquity": 1100958000, "netTangibleAssets": 1100958000}, {"maxAge": 1, "endDate": "2019-12-31", "totalStockholderEquity": 1131392000, "netTangibleAssets": 1131392000}, {"maxAge": 1, "endDate": "2019-09-30", "cash": 15823000, "shortTermInvestments": 61417000, "netReceivables": 188770000, "inventory": 601504000, "otherCurrentAssets": 60306000, "totalCurrentAssets": 927820000, "propertyPlantEquipment": 938637000, "otherAssets": 112344000, "totalAssets": 1978801000, "accountsPayable": 161824000, "otherCurrentLiab": 158875000, "otherLiab": 204479000, "totalCurrentLiabilities": 642930000, "totalLiab": 847409000, "commonStock": 67562000, "treasuryStock": 1063830000, "otherStockholderEquity": 1063830000, "totalStockholderEquity": 1131392000, "netTangibleAssets": 1131392000}], "maxAge": 86400}, "earningsHistory": {"history": [{"maxAge": 1, "epsActual": {}, "epsEstimate": {}, "epsDifference": {}, "surprisePercent": {}, "quarter": {}, "period": "-4q"}, {"maxAge": 1, "epsActual": {}, "epsEstimate": {}, "epsDifference": {}, "surprisePercent": {}, "quarter": {}, "period": "-3q"}, {"maxAge": 1, "epsActual": {}, "epsEstimate": {}, "epsDifference": {}, "surprisePercent": {}, "quarter": {}, "period": "-2q"}, {"maxAge": 1, "epsActual": {}, "epsEstimate": {}, "epsDifference": {}, "surprisePercent": {}, "quarter": {}, "period": "-1q"}], "maxAge": 86400}, "indexTrend": {"maxAge": 1, "symbol": "SP5", "peRatio": 19.7411, "pegRatio": 1.34172, "estimates": [{"period": "0q", "growth": 0.549}, {"period": "+1q", "growth": 0.431}, {"period": "0y", "growth": 0.305}, {"period": "+1y", "growth": 0.109}, {"period": "+5y", "growth": 0.120865}, {"period": "-5y"}]}, "industryTrend": {"maxAge": 1, "symbol": null, "estimates": []}, "insiderTransactions": {"transactions": [{"maxAge": 1, "shares": 13361, "filerUrl": "", "transactionText": "", "filerName": "Moolchandani (Varun)", "filerRelation": "Director (Executive)", "moneyText": "", "startDate": "2019-06-14", "ownership": "D"}, {"maxAge": 1, "shares": 41016, "filerUrl": "", "transactionText": "", "filerName": "Moolchandani (Varun)", "filerRelation": "Director (Executive)", "moneyText": "", "startDate": "2019-06-13", "ownership": "D"}, {"maxAge": 1, "shares": 11495, "filerUrl": "", "transactionText": "", "filerName": "Moolchandani (Varun)", "filerRelation": "Promoter", "moneyText": "", "startDate": "2019-06-12", "ownership": "D"}, {"maxAge": 1, "shares": 9212, "filerUrl": "", "transactionText": "", "filerName": "Moolchandani (Varun)", "filerRelation": "Promoter", "moneyText": "", "startDate": "2019-06-11", "ownership": "D"}, {"maxAge": 1, "shares": 58000, "filerUrl": "", "transactionText": "", "filerName": "Moolchandani (Varun)", "filerRelation": "Promoter", "moneyText": "", "startDate": "2019-06-04", "ownership": "D"}, {"maxAge": 1, "shares": 0, "filerUrl": "", "transactionText": "", "filerName": "Moolchandani (Varun)", "filerRelation": "Promoter", "moneyText": "", "startDate": "2019-06-03", "ownership": "I"}, {"maxAge": 1, "shares": 75000, "filerUrl": "", "transactionText": "", "filerName": "Moolchandani (Varun)", "filerRelation": "Promoter", "moneyText": "", "startDate": "2019-06-03", "ownership": "D"}], "maxAge": 1}, "quoteType": {"exchange": "BSE", "quoteType": "EQUITY", "symbol": "ARCHIES.BO", "underlyingSymbol": "ARCHIES.BO", "shortName": "ARCHIES LTD.", "longName": "Archies Limited", "firstTradeDateEpochUtc": "2002-01-10 09:15:00", "timeZoneFullName": "Asia/Kolkata", "timeZoneShortName": "IST", "uuid": "09b2c8bb-f203-34aa-9964-96615cf94aee", "messageBoardId": null, "gmtOffSetMilliseconds": 19800000, "maxAge": 1}, "incomeStatementHistory": {"incomeStatementHistory": [{"maxAge": 1, "endDate": "2020-03-31", "totalRevenue": 1387819000, "costOfRevenue": 529346000, "grossProfit": 858473000, "researchDevelopment": {}, "sellingGeneralAdministrative": 421742000, "nonRecurring": {}, "otherOperatingExpenses": 264441000, "totalOperatingExpenses": 1399730000, "operatingIncome": -11911000, "totalOtherIncomeExpenseNet": -90280000, "ebit": -11911000, "interestExpense": -90225000, "incomeBeforeTax": -102191000, "incomeTaxExpense": -30433000, "minorityInterest": {}, "netIncomeFromContinuingOps": -71758000, "discontinuedOperations": {}, "extraordinaryItems": {}, "effectOfAccountingCharges": {}, "otherItems": {}, "netIncome": -71758000, "netIncomeApplicableToCommonShares": -71758000}, {"maxAge": 1, "endDate": "2019-03-31", "totalRevenue": 1608162000, "costOfRevenue": 609216000, "grossProfit": 998946000, "researchDevelopment": {}, "sellingGeneralAdministrative": 625889000, "nonRecurring": {}, "otherOperatingExpenses": 308064000, "totalOperatingExpenses": 1578925000, "operatingIncome": 29237000, "totalOtherIncomeExpenseNet": -21970000, "ebit": 29237000, "interestExpense": -20206000, "incomeBeforeTax": 7267000, "incomeTaxExpense": 6000, "minorityInterest": {}, "netIncomeFromContinuingOps": 7261000, "discontinuedOperations": {}, "extraordinaryItems": {}, "effectOfAccountingCharges": {}, "otherItems": {}, "netIncome": 7261000, "netIncomeApplicableToCommonShares": 7261000}, {"maxAge": 1, "endDate": "2018-03-31", "totalRevenue": 1576079000, "costOfRevenue": 592435000, "grossProfit": 983644000, "researchDevelopment": {}, "sellingGeneralAdministrative": 618834000, "nonRecurring": {}, "otherOperatingExpenses": 330807000, "totalOperatingExpenses": 1582372000, "operatingIncome": -6293000, "totalOtherIncomeExpenseNet": -22486000, "ebit": -6293000, "interestExpense": -20480000, "incomeBeforeTax": -28779000, "incomeTaxExpense": -5083000, "minorityInterest": {}, "netIncomeFromContinuingOps": -23696000, "discontinuedOperations": {}, "extraordinaryItems": {}, "effectOfAccountingCharges": {}, "otherItems": {}, "netIncome": -23696000, "netIncomeApplicableToCommonShares": -23696000}, {"maxAge": 1, "endDate": "2017-03-31", "totalRevenue": 1855669000, "costOfRevenue": 719801000, "grossProfit": 1135868000, "researchDevelopment": {}, "sellingGeneralAdministrative": 698468000, "nonRecurring": {}, "otherOperatingExpenses": 420407000, "totalOperatingExpenses": 1876775000, "operatingIncome": -21106000, "totalOtherIncomeExpenseNet": -35196000, "ebit": -21106000, "interestExpense": -22113000, "incomeBeforeTax": -56302000, "incomeTaxExpense": -19343000, "minorityInterest": {}, "netIncomeFromContinuingOps": -36959000, "discontinuedOperations": {}, "extraordinaryItems": {}, "effectOfAccountingCharges": {}, "otherItems": {}, "netIncome": -36959000, "netIncomeApplicableToCommonShares": -36959000}], "maxAge": 86400}, "fundOwnership": {"maxAge": 1, "ownershipList": []}, "summaryDetail": {"maxAge": 1, "priceHint": 2, "previousClose": 11.01, "open": 10.62, "dayLow": 10.62, "dayHigh": 11.11, "regularMarketPreviousClose": 11.01, "regularMarketOpen": 10.62, "regularMarketDayLow": 10.62, "regularMarketDayHigh": 11.11, "volume": 2537, "regularMarketVolume": 2537, "averageVolume": 15664, "averageVolume10days": 5535, "averageDailyVolume10Day": 5535, "bid": 10.75, "ask": 11.15, "bidSize": 0, "askSize": 0, "marketCap": 373606816, "fiftyTwoWeekLow": 8.12, "fiftyTwoWeekHigh": 15.45, "fiftyDayAverage": 13.126857, "twoHundredDayAverage": 12.742992, "trailingAnnualDividendRate": 0.3, "trailingAnnualDividendYield": 0.027247956, "currency": "INR", "fromCurrency": null, "toCurrency": null, "lastMarket": null, "algorithm": null, "tradeable": false}, "sectorTrend": {"maxAge": 1, "symbol": null, "estimates": []}, "incomeStatementHistoryQuarterly": {"incomeStatementHistory": [{"maxAge": 1, "endDate": "2020-06-30", "totalRevenue": 15584000, "costOfRevenue": 2708000, "grossProfit": 12876000, "researchDevelopment": {}, "sellingGeneralAdministrative": 20964000, "nonRecurring": {}, "otherOperatingExpenses": 10482000, "totalOperatingExpenses": 80472000, "operatingIncome": -64888000, "totalOtherIncomeExpenseNet": 20868000, "ebit": -64888000, "interestExpense": -21180000, "incomeBeforeTax": -44020000, "incomeTaxExpense": -12092000, "minorityInterest": {}, "netIncomeFromContinuingOps": -31928000, "discontinuedOperations": {}, "extraordinaryItems": {}, "effectOfAccountingCharges": {}, "otherItems": {}, "netIncome": -31928000, "netIncomeApplicableToCommonShares": -31928000}, {"maxAge": 1, "endDate": "2020-03-31", "totalRevenue": 300744000, "costOfRevenue": 114277000, "grossProfit": 186467000, "researchDevelopment": {}, "sellingGeneralAdministrative": 149633000, "nonRecurring": {}, "otherOperatingExpenses": -1000, "totalOperatingExpenses": 289055000, "operatingIncome": 11689000, "totalOtherIncomeExpenseNet": -26695000, "ebit": 11689000, "interestExpense": -12826000, "incomeBeforeTax": -15006000, "incomeTaxExpense": -41165000, "minorityInterest": {}, "netIncomeFromContinuingOps": 26159000, "discontinuedOperations": {}, "extraordinaryItems": {}, "effectOfAccountingCharges": {}, "otherItems": {}, "netIncome": 26159000, "netIncomeApplicableToCommonShares": 26159000}, {"maxAge": 1, "endDate": "2019-12-31", "totalRevenue": 414962000, "costOfRevenue": 170862000, "grossProfit": 244100000, "researchDevelopment": {}, "sellingGeneralAdministrative": 39964000, "nonRecurring": {}, "otherOperatingExpenses": 85347000, "totalOperatingExpenses": 387339000, "operatingIncome": 27623000, "totalOtherIncomeExpenseNet": -48091000, "ebit": 27623000, "interestExpense": -53009000, "incomeBeforeTax": -20468000, "incomeTaxExpense": 30126000, "minorityInterest": {}, "netIncomeFromContinuingOps": -50594000, "discontinuedOperations": {}, "extraordinaryItems": {}, "effectOfAccountingCharges": {}, "otherItems": {}, "netIncome": -50594000, "netIncomeApplicableToCommonShares": -50594000}, {"maxAge": 1, "endDate": "2019-09-30", "totalRevenue": 358739000, "costOfRevenue": 139028000, "grossProfit": 219711000, "researchDevelopment": {}, "sellingGeneralAdministrative": 133546000, "nonRecurring": {}, "otherOperatingExpenses": 94869000, "totalOperatingExpenses": 378683000, "operatingIncome": -19944000, "totalOtherIncomeExpenseNet": -12894000, "ebit": -19944000, "interestExpense": -17249000, "incomeBeforeTax": -32838000, "incomeTaxExpense": -8647000, "minorityInterest": {}, "netIncomeFromContinuingOps": -24191000, "discontinuedOperations": {}, "extraordinaryItems": {}, "effectOfAccountingCharges": {}, "otherItems": {}, "netIncome": -24191000, "netIncomeApplicableToCommonShares": -24191000}], "maxAge": 86400}, "cashflowStatementHistoryQuarterly": {"cashflowStatements": [{"maxAge": 1, "endDate": "2020-06-30", "netIncome": -31928000, "changeToLiabilities": 0}, {"maxAge": 1, "endDate": "2020-03-31", "netIncome": 26159000, "changeToLiabilities": 0}, {"maxAge": 1, "endDate": "2019-12-31", "netIncome": -50594000, "changeToLiabilities": 0}, {"maxAge": 1, "endDate": "2019-09-30", "netIncome": -24191000, "changeToLiabilities": 0}], "maxAge": 86400}, "insiderHolders": {"holders": [{"maxAge": 1, "name": "Moolchandani (Varun)", "relation": "Director (Executive)", "url": "", "transactionDescription": "Acquisition", "latestTransDate": "2019-06-14", "positionDirect": 1838834, "positionDirectDate": "2019-06-14"}], "maxAge": 1}, "earnings": {"maxAge": 86400, "earningsChart": {"quarterly": [], "earningsDate": ["2020-11-13 05:30:S"]}, "financialsChart": {"yearly": [{"date": 2017, "revenue": 1855669000, "earnings": -36959000}, {"date": 2018, "revenue": 1576079000, "earnings": -23696000}, {"date": 2019, "revenue": 1608162000, "earnings": 7261000}, {"date": 2020, "revenue": 1387819000, "earnings": -71758000}], "quarterly": [{"date": "3Q2019", "revenue": 358739000, "earnings": -24191000}, {"date": "4Q2019", "revenue": 414962000, "earnings": -50594000}, {"date": "1Q2020", "revenue": 300744000, "earnings": 26159000}, {"date": "2Q2020", "revenue": 15584000, "earnings": -31928000}]}, "financialCurrency": "INR"}, "calendarEvents": {"maxAge": 1, "earnings": {"earningsDate": ["2020-11-13 05:30:S"]}}, "price": {"maxAge": 1, "regularMarketChangePercent": 0.004541343, "regularMarketChange": 0.05000019, "regularMarketTime": "2021-04-30 15:27:41", "priceHint": 2, "regularMarketPrice": 11.06, "regularMarketDayHigh": 11.11, "regularMarketDayLow": 10.62, "regularMarketVolume": 2537, "averageDailyVolume10Day": 5535, "averageDailyVolume3Month": 15664, "regularMarketPreviousClose": 11.01, "regularMarketSource": "FREE_REALTIME", "regularMarketOpen": 10.62, "exchange": "BSE", "exchangeName": "BSE", "exchangeDataDelayedBy": 0, "marketState": "CLOSED", "quoteType": "EQUITY", "symbol": "ARCHIES.BO", "underlyingSymbol": null, "shortName": "ARCHIES LTD.", "longName": "Archies Limited", "currency": "INR", "quoteSourceName": "Delayed Quote", "currencySymbol": "\u20b9", "fromCurrency": null, "toCurrency": null, "lastMarket": null, "marketCap": 373606816}, "balanceSheetHistory": {"balanceSheetStatements": [{"maxAge": 1, "endDate": "2020-03-31", "cash": 6844000, "netReceivables": 217905000, "inventory": 582076000, "otherCurrentAssets": 22091000, "totalCurrentAssets": 837178000, "propertyPlantEquipment": 1329995000, "otherAssets": 116985000, "deferredLongTermAssetCharges": 11077000, "totalAssets": 2284158000, "accountsPayable": 114930000, "otherCurrentLiab": 59451000, "otherLiab": 17745000, "totalCurrentLiabilities": 667913000, "totalLiab": 1183200000, "commonStock": 67560000, "retainedEarnings": 812540000, "treasuryStock": 147062000, "capitalSurplus": 73796000, "otherStockholderEquity": 147062000, "totalStockholderEquity": 1100958000, "netTangibleAssets": 1100958000}, {"maxAge": 1, "endDate": "2019-03-31", "cash": 16414000, "netReceivables": 248685000, "inventory": 508585000, "otherCurrentAssets": 27889000, "totalCurrentAssets": 811759000, "propertyPlantEquipment": 755445000, "otherAssets": 117588000, "totalAssets": 1684792000, "accountsPayable": 128400000, "otherCurrentLiab": 66797000, "otherLiab": 41053000, "totalCurrentLiabilities": 463653000, "totalLiab": 504706000, "commonStock": 67560000, "retainedEarnings": 891668000, "treasuryStock": 147062000, "capitalSurplus": 73796000, "otherStockholderEquity": 147062000, "totalStockholderEquity": 1180086000, "netTangibleAssets": 1180086000}, {"maxAge": 1, "endDate": "2018-03-31", "cash": 7841000, "shortTermInvestments": 891000, "netReceivables": 220331000, "inventory": 517757000, "otherCurrentAssets": 42155000, "totalCurrentAssets": 798487000, "propertyPlantEquipment": 756347000, "otherAssets": 103143000, "totalAssets": 1657977000, "accountsPayable": 113332000, "shortLongTermDebt": 7618000, "otherCurrentLiab": 72271000, "otherLiab": 42582000, "totalCurrentLiabilities": 439917000, "totalLiab": 482499000, "commonStock": 67560000, "retainedEarnings": 887060000, "treasuryStock": 147062000, "capitalSurplus": 73796000, "otherStockholderEquity": 147062000, "totalStockholderEquity": 1175478000, "netTangibleAssets": 1175478000}, {"maxAge": 1, "endDate": "2017-03-31", "cash": 7698000, "shortTermInvestments": 1378000, "netReceivables": 199912000, "inventory": 568748000, "otherCurrentAssets": 25630000, "totalCurrentAssets": 814214000, "propertyPlantEquipment": 618245000, "otherAssets": 114196000, "totalAssets": 1546655000, "accountsPayable": 98567000, "shortLongTermDebt": 10000000, "otherCurrentLiab": 77546000, "longTermDebt": 7500000, "otherLiab": 30645000, "totalCurrentLiabilities": 441433000, "totalLiab": 479578000, "commonStock": 67560000, "retainedEarnings": 909769000, "treasuryStock": 15952000, "capitalSurplus": 73796000, "otherStockholderEquity": 15952000, "totalStockholderEquity": 1067077000, "netTangibleAssets": 1067077000}], "maxAge": 86400}, "earningsTrend": {"trend": [{"maxAge": 1, "period": "0q", "endDate": null, "growth": {}, "earningsEstimate": {"avg": 0.0, "low": 0.0, "high": 0.0, "yearAgoEps": {}, "numberOfAnalysts": 0, "growth": {}}, "revenueEstimate": {"avg": 0, "low": 0, "high": 0, "numberOfAnalysts": 0, "yearAgoRevenue": {}, "growth": {}}, "epsTrend": {"current": 0.0, "7daysAgo": 0.0, "30daysAgo": 0.0, "60daysAgo": 0.0, "90daysAgo": 0.0}, "epsRevisions": {"upLast7days": 0, "upLast30days": 0, "downLast30days": 0, "downLast90days": {}}}, {"maxAge": 1, "period": "+1q", "endDate": null, "growth": {}, "earningsEstimate": {"avg": 0.0, "low": 0.0, "high": 0.0, "yearAgoEps": {}, "numberOfAnalysts": 0, "growth": {}}, "revenueEstimate": {"avg": 0, "low": 0, "high": 0, "numberOfAnalysts": 0, "yearAgoRevenue": {}, "growth": {}}, "epsTrend": {"current": 0.0, "7daysAgo": 0.0, "30daysAgo": 0.0, "60daysAgo": 0.0, "90daysAgo": 0.0}, "epsRevisions": {"upLast7days": 0, "upLast30days": 0, "downLast30days": 0, "downLast90days": {}}}, {"maxAge": 1, "period": "0y", "endDate": null, "growth": {}, "earningsEstimate": {"avg": 0.0, "low": 0.0, "high": 0.0, "yearAgoEps": {}, "numberOfAnalysts": 0, "growth": {}}, "revenueEstimate": {"avg": 0, "low": 0, "high": 0, "numberOfAnalysts": 0, "yearAgoRevenue": {}, "growth": {}}, "epsTrend": {"current": 0.0, "7daysAgo": 0.0, "30daysAgo": 0.0, "60daysAgo": 0.0, "90daysAgo": 0.0}, "epsRevisions": {"upLast7days": 0, "upLast30days": 0, "downLast30days": 0, "downLast90days": {}}}, {"maxAge": 1, "period": "+1y", "endDate": null, "growth": {}, "earningsEstimate": {"avg": 0.0, "low": 0.0, "high": 0.0, "yearAgoEps": {}, "numberOfAnalysts": 0, "growth": {}}, "revenueEstimate": {"avg": 0, "low": 0, "high": 0, "numberOfAnalysts": 0, "yearAgoRevenue": {}, "growth": {}}, "epsTrend": {"current": 0.0, "7daysAgo": 0.0, "30daysAgo": 0.0, "60daysAgo": 0.0, "90daysAgo": 0.0}, "epsRevisions": {"upLast7days": 0, "upLast30days": 0, "downLast30days": 0, "downLast90days": {}}}, {"maxAge": 1, "period": "+5y", "endDate": null, "growth": {}, "earningsEstimate": {"avg": {}, "low": {}, "high": {}, "yearAgoEps": {}, "numberOfAnalysts": {}, "growth": {}}, "revenueEstimate": {"avg": {}, "low": {}, "high": {}, "numberOfAnalysts": {}, "yearAgoRevenue": {}, "growth": {}}, "epsTrend": {"current": {}, "7daysAgo": {}, "30daysAgo": {}, "60daysAgo": {}, "90daysAgo": {}}, "epsRevisions": {"upLast7days": {}, "upLast30days": {}, "downLast30days": {}, "downLast90days": {}}}, {"maxAge": 1, "period": "-5y", "endDate": null, "growth": {}, "earningsEstimate": {"avg": {}, "low": {}, "high": {}, "yearAgoEps": {}, "numberOfAnalysts": {}, "growth": {}}, "revenueEstimate": {"avg": {}, "low": {}, "high": {}, "numberOfAnalysts": {}, "yearAgoRevenue": {}, "growth": {}}, "epsTrend": {"current": {}, "7daysAgo": {}, "30daysAgo": {}, "60daysAgo": {}, "90daysAgo": {}}, "epsRevisions": {"upLast7days": {}, "upLast30days": {}, "downLast30days": {}, "downLast90days": {}}}], "maxAge": 1}, "financialData": {"maxAge": 86400, "currentPrice": 11.06, "targetHighPrice": 37.0, "targetLowPrice": 37.0, "targetMeanPrice": 37.0, "targetMedianPrice": 37.0, "recommendationKey": "none", "numberOfAnalystOpinions": 1, "grossProfits": 858473000, "financialCurrency": "INR"}}}