{"ARCHIES.NS": {"assetProfile": {"address1": "C-113, Naraina Industrial Area", "address2": "Phase-1", "city": "New Delhi", "zip": "110028", "country": "India", "phone": "91 11 4141 0000", "fax": "91 11 4141 0060", "website": "http://www.archiesonline.com", "industry": "Specialty Retail", "sector": "Consumer Cyclical", "longBusinessSummary": "Archies Limited, a social expressions company, deals in greeting cards, gifts, and stationery products under the Archies brand name in India. It offers fashion accessories, such as men and women accessories, watches, wallets, keychains, cufflinks, bags, sun glasses, and gift sets; combos and hampers; home decor products, including statues and sculptures, desk accessories, photo frames, idols, quotations and scrolls, clocks, cushions, show pieces, wall hanging products, and lamps and lanterns; and earrings, neck pieces, bracelets, pendant sets, anklets, jewelry box, brooches, and hair accessories. The company also provides flowers and cakes; kitchen and dining products; personalized gifts; foundations and compacts, lipsticks, nail paints, blushers and concealers, mascaras, lip glosses and correctors, eye pencils and shadows, make-up accessories, and note cosmetic products; chocolates; cosmetics; mugs and sippers; bar accessories; soft toys; greeting cards; and fragrances. In addition, it offers stationery products comprising stationery hampers, calendars, scrap and record books, certificates, notebooks and journals, albums, autograph and slam books, quotations and quotation books, and party invites and pens; bath and body care products; and kids products consisting of baby record books and albums, photo frames, kid's hampers, school stuff, soft toys, and kid's mugs, as well as smart watches, activity bands, and Bluetooth speakers and headsets. The company operates through a distribution network comprising company owned stores, franchisees, distributors, and retailers, as well as through online. As of March 31, 2020, it owned/managed 197 stores. The company also exports its products to Sri Lanka, Bangladesh, Mauritius, Uganda, Rwanda, Kenya, the United States, Australia, Egypt, Kuwait, the United Arab Emirates, Oman, Thailand, and Italy. Archies Limited was founded in 1979 and is headquartered in New Delhi, India.", "fullTimeEmployees": 1000, "companyOfficers": [{"maxAge": 1, "name": "Mr. Anil  Moolchandani", "age": 67, "title": "Chairman & MD", "yearBorn": 1953, "fiscalYear": 2020, "totalPay": 745000, "exercisedValue": 0, "unexercisedValue": 0}, {"maxAge": 1, "name": "Mr. Hitesh  Kumar", "title": "Company Sec. & Compliance Officer", "fiscalYear": 2020, "totalPay": 610581, "exercisedValue": 0, "unexercisedValue": 0}, {"maxAge": 1, "name": "Mr. Jagdish  Moolchandani", "age": 66, "title": "Exec. Director", "yearBorn": 1954, "fiscalYear": 2020, "totalPay": 1879000, "exercisedValue": 0, "unexercisedValue": 0}, {"maxAge": 1, "name": "Mr. Varun  Moolchandani", "age": 39, "title": "Exec. Director", "yearBorn": 1981, "fiscalYear": 2020, "totalPay": 1822000, "exercisedValue": 0, "unexercisedValue": 0}, {"maxAge": 1, "name": "Mr. Kamlesh Kumar Thakur", "age": 43, "title": "Chief Financial Officer", "yearBorn": 1977, "exercisedValue": 0, "unexercisedValue": 0}], "compensationAsOfEpochDate": "2020-12-31 05:30:00", "maxAge": 86400}, "recommendationTrend": {"trend": [{"period": "0m", "strongBuy": 0, "buy": 0, "hold": 0, "sell": 0, "strongSell": 0}, {"period": "-1m", "strongBuy": 0, "buy": 0, "hold": 0, "sell": 0, "strongSell": 0}, {"period": "-2m", "strongBuy": 0, "buy": 0, "hold": 0, "sell": 0, "strongSell": 0}, {"period": "-3m", "strongBuy": 0, "buy": 0, "hold": 0, "sell": 0, "strongSell": 0}], "maxAge": 86400}, "cashflowStatementHistory": {"cashflowStatements": [{"maxAge": 1, "endDate": "2020-03-31", "netIncome": -71758000, "depreciation": 184201000, "changeToNetincome": 59128000, "changeToAccountReceivables": 31090000, "changeToLiabilities": -13470000, "changeToInventory": -73491000, "changeToOperatingActivities": -13332000, "totalCashFromOperatingActivities": 102368000, "capitalExpenditures": -56635000, "otherCashflowsFromInvestingActivities": 8070000, "totalCashflowsFromInvestingActivities": -33563000, "netBorrowings": 16116000, "otherCashflowsFromFinancingActivities": -94491000, "totalCashFromFinancingActivities": -78375000, "changeInCash": -9570000}, {"maxAge": 1, "endDate": "2019-03-31", "netIncome": 7261000, "depreciation": 35756000, "changeToNetincome": 22774000, "changeToAccountReceivables": 28895000, "changeToLiabilities": 15068000, "changeToInventory": 9172000, "changeToOperatingActivities": -46849000, "totalCashFromOperatingActivities": 72077000, "capitalExpenditures": -57856000, "otherCashflowsFromInvestingActivities": 6646000, "totalCashflowsFromInvestingActivities": -38697000, "netBorrowings": 2195000, "otherCashflowsFromFinancingActivities": -27002000, "totalCashFromFinancingActivities": -24807000, "changeInCash": 8573000}, {"maxAge": 1, "endDate": "2018-03-31", "netIncome": -23696000, "depreciation": 40296000, "changeToNetincome": 26347000, "changeToAccountReceivables": -20349000, "changeToLiabilities": 17484000, "changeToInventory": 50992000, "changeToOperatingActivities": -49154000, "totalCashFromOperatingActivities": 41920000, "capitalExpenditures": -37895000, "otherCashflowsFromInvestingActivities": 1034000, "totalCashflowsFromInvestingActivities": -35887000, "dividendsPaid": -158000, "netBorrowings": 14748000, "otherCashflowsFromFinancingActivities": -20480000, "totalCashFromFinancingActivities": -5890000, "changeInCash": 143000}, {"maxAge": 1, "endDate": "2017-03-31", "netIncome": -36959000, "depreciation": 38099000, "changeToNetincome": 7070000, "changeToAccountReceivables": 18829000, "changeToLiabilities": 38917000, "changeToInventory": 2930000, "changeToOperatingActivities": 4387000, "totalCashFromOperatingActivities": 73273000, "capitalExpenditures": -74042000, "otherCashflowsFromInvestingActivities": 3575000, "totalCashflowsFromInvestingActivities": -69569000, "dividendsPaid": -2000, "netBorrowings": 1298000, "otherCashflowsFromFinancingActivities": -22113000, "totalCashFromFinancingActivities": -20817000, "changeInCash": -17113000}], "maxAge": 86400}, "indexTrend": {"maxAge": 1, "symbol": "SP5", "peRatio": 19.7411, "pegRatio": 1.34172, "estimates": [{"period": "0q", "growth": 0.549}, {"period": "+1q", "growth": 0.431}, {"period": "0y", "growth": 0.305}, {"period": "+1y", "growth": 0.109}, {"period": "+5y", "growth": 0.120865}, {"period": "-5y"}]}, "defaultKeyStatistics": {"maxAge": 1, "priceHint": 2, "enterpriseValue": 1146615168, "profitMargins": 0.02101, "floatShares": 11475982, "sharesOutstanding": 33780000, "heldPercentInsiders": 0.62744, "heldPercentInstitutions": 0.032560002, "beta": 1.299223, "category": null, "bookValue": 31.587, "priceToBook": 0.34824452, "fundFamily": null, "legalType": null, "lastFiscalYearEnd": "2020-03-31 05:30:00", "nextFiscalYearEnd": "2022-03-31 05:30:00", "mostRecentQuarter": "2020-12-31 05:30:00", "netIncomeToCommon": 13493000, "trailingEps": 0.395, "lastSplitFactor": "5:1", "lastSplitDate": "2010-11-02 05:30:00", "enterpriseToRevenue": 1.785, "enterpriseToEbitda": 15.843, "52WeekChange": -0.047619045, "SandP52WeekChange": 0.48148263, "lastDividendValue": 0.3, "lastDividendDate": 1442534400}, "industryTrend": {"maxAge": 1, "symbol": null, "estimates": []}, "quoteType": {"exchange": "NSI", "quoteType": "EQUITY", "symbol": "ARCHIES.NS", "underlyingSymbol": "ARCHIES.NS", "shortName": "ARCHIES LTD.", "longName": "Archies Limited", "firstTradeDateEpochUtc": "2002-08-12 09:15:00", "timeZoneFullName": "Asia/Kolkata", "timeZoneShortName": "IST", "uuid": "a6fd6c14-82a8-3240-9bb9-1b5abb896c72", "messageBoardId": "finmb_20333117", "gmtOffSetMilliseconds": 19800000, "maxAge": 1}, "incomeStatementHistory": {"incomeStatementHistory": [{"maxAge": 1, "endDate": "2020-03-31", "totalRevenue": 1387819000, "costOfRevenue": 529346000, "grossProfit": 858473000, "researchDevelopment": {}, "sellingGeneralAdministrative": 421742000, "nonRecurring": {}, "otherOperatingExpenses": 264441000, "totalOperatingExpenses": 1399730000, "operatingIncome": -11911000, "totalOtherIncomeExpenseNet": -90280000, "ebit": -11911000, "interestExpense": -90225000, "incomeBeforeTax": -102191000, "incomeTaxExpense": -30433000, "minorityInterest": {}, "netIncomeFromContinuingOps": -71758000, "discontinuedOperations": {}, "extraordinaryItems": {}, "effectOfAccountingCharges": {}, "otherItems": {}, "netIncome": -71758000, "netIncomeApplicableToCommonShares": -71758000}, {"maxAge": 1, "endDate": "2019-03-31", "totalRevenue": 1608162000, "costOfRevenue": 609216000, "grossProfit": 998946000, "researchDevelopment": {}, "sellingGeneralAdministrative": 625889000, "nonRecurring": {}, "otherOperatingExpenses": 308064000, "totalOperatingExpenses": 1578925000, "operatingIncome": 29237000, "totalOtherIncomeExpenseNet": -21970000, "ebit": 29237000, "interestExpense": -20206000, "incomeBeforeTax": 7267000, "incomeTaxExpense": 6000, "minorityInterest": {}, "netIncomeFromContinuingOps": 7261000, "discontinuedOperations": {}, "extraordinaryItems": {}, "effectOfAccountingCharges": {}, "otherItems": {}, "netIncome": 7261000, "netIncomeApplicableToCommonShares": 7261000}, {"maxAge": 1, "endDate": "2018-03-31", "totalRevenue": 1576079000, "costOfRevenue": 592435000, "grossProfit": 983644000, "researchDevelopment": {}, "sellingGeneralAdministrative": 618834000, "nonRecurring": {}, "otherOperatingExpenses": 330807000, "totalOperatingExpenses": 1582372000, "operatingIncome": -6293000, "totalOtherIncomeExpenseNet": -22486000, "ebit": -6293000, "interestExpense": -20480000, "incomeBeforeTax": -28779000, "incomeTaxExpense": -5083000, "minorityInterest": {}, "netIncomeFromContinuingOps": -23696000, "discontinuedOperations": {}, "extraordinaryItems": {}, "effectOfAccountingCharges": {}, "otherItems": {}, "netIncome": -23696000, "netIncomeApplicableToCommonShares": -23696000}, {"maxAge": 1, "endDate": "2017-03-31", "totalRevenue": 1855669000, "costOfRevenue": 719801000, "grossProfit": 1135868000, "researchDevelopment": {}, "sellingGeneralAdministrative": 698468000, "nonRecurring": {}, "otherOperatingExpenses": 420407000, "totalOperatingExpenses": 1876775000, "operatingIncome": -21106000, "totalOtherIncomeExpenseNet": -35196000, "ebit": -21106000, "interestExpense": -22113000, "incomeBeforeTax": -56302000, "incomeTaxExpense": -19343000, "minorityInterest": {}, "netIncomeFromContinuingOps": -36959000, "discontinuedOperations": {}, "extraordinaryItems": {}, "effectOfAccountingCharges": {}, "otherItems": {}, "netIncome": -36959000, "netIncomeApplicableToCommonShares": -36959000}], "maxAge": 86400}, "fundOwnership": {"maxAge": 1, "ownershipList": []}, "summaryDetail": {"maxAge": 1, "priceHint": 2, "previousClose": 11.0, "open": 11.25, "dayLow": 10.8, "dayHigh": 11.25, "regularMarketPreviousClose": 11.0, "regularMarketOpen": 11.25, "regularMarketDayLow": 10.8, "regularMarketDayHigh": 11.25, "exDividendDate": "2015-09-18 05:30:00", "payoutRatio": 0.0, "beta": 1.299223, "trailingPE": 27.8481, "volume": 53508, "regularMarketVolume": 53508, "averageVolume": 71638, "averageVolume10days": 179334, "averageDailyVolume10Day": 179334, "bid": 0.0, "ask": 0.0, "bidSize": 0, "askSize": 0, "marketCap": 371917696, "fiftyTwoWeekLow": 9.35, "fiftyTwoWeekHigh": 15.5, "priceToSalesTrailing12Months": 0.57902515, "fiftyDayAverage": 10.940909, "twoHundredDayAverage": 12.473759, "trailingAnnualDividendRate": 0.3, "trailingAnnualDividendYield": 0.02727273, "currency": "INR", "fromCurrency": null, "toCurrency": null, "lastMarket": null, "algorithm": null, "tradeable": false}, "insiderHolders": {"holders": [{"maxAge": 1, "name": "Arora (Pramod)", "relation": "Joint Managing director", "url": "", "transactionDescription": "Sale", "latestTransDate": "2009-09-02", "positionDirectDate": "2009-09-02"}, {"maxAge": 1, "name": "Empire Greetings & Gifts Pvt. Ltd.", "relation": "Promoter", "url": "", "transactionDescription": "Acquisition", "latestTransDate": "2020-12-30", "positionDirect": 35000, "positionDirectDate": "2020-12-30"}, {"maxAge": 1, "name": "Moolchandani (Anil)", "relation": "Managing Director", "url": "", "transactionDescription": "Acquisition", "latestTransDate": "2018-10-11", "positionDirect": 7061607, "positionDirectDate": "2018-10-11"}, {"maxAge": 1, "name": "Moolchandani (Jagdish)", "relation": "Promoter", "url": "", "transactionDescription": "Acquisition", "latestTransDate": "2021-02-16", "positionDirect": 4308230, "positionDirectDate": "2021-02-16"}, {"maxAge": 1, "name": "Moolchandani (Shweta)", "relation": "UNREPORTED", "url": "", "transactionDescription": "Acquisition", "latestTransDate": "2020-12-22", "positionDirect": 30030, "positionDirectDate": "2020-12-22"}, {"maxAge": 1, "name": "Moolchandani (Varun)", "relation": "Director (Executive)", "url": "", "transactionDescription": "Acquisition", "latestTransDate": "2019-06-14", "positionDirect": 1838834, "positionDirectDate": "2019-06-14"}], "maxAge": 1}, "calendarEvents": {"maxAge": 1, "earnings": {"earningsDate": []}, "exDividendDate": "2015-09-18 05:30:00"}, "price": {"maxAge": 1, "regularMarketChangePercent": 0.0, "regularMarketChange": 0.0, "regularMarketTime": "2021-04-30 15:28:39", "priceHint": 2, "regularMarketPrice": 11.0, "regularMarketDayHigh": 11.25, "regularMarketDayLow": 10.8, "regularMarketVolume": 53508, "averageDailyVolume10Day": 179334, "averageDailyVolume3Month": 71638, "regularMarketPreviousClose": 11.0, "regularMarketSource": "FREE_REALTIME", "regularMarketOpen": 11.25, "exchange": "NSI", "exchangeName": "NSE", "exchangeDataDelayedBy": 15, "marketState": "CLOSED", "quoteType": "EQUITY", "symbol": "ARCHIES.NS", "underlyingSymbol": null, "shortName": "ARCHIES LTD.", "longName": "Archies Limited", "currency": "INR", "quoteSourceName": "Delayed Quote", "currencySymbol": "\u20b9", "fromCurrency": null, "toCurrency": null, "lastMarket": null, "marketCap": 371917696}, "balanceSheetHistory": {"balanceSheetStatements": [{"maxAge": 1, "endDate": "2020-03-31", "cash": 6844000, "netReceivables": 217905000, "inventory": 582076000, "otherCurrentAssets": 22091000, "totalCurrentAssets": 837178000, "propertyPlantEquipment": 1329995000, "otherAssets": 116985000, "deferredLongTermAssetCharges": 11077000, "totalAssets": 2284158000, "accountsPayable": 114930000, "otherCurrentLiab": 59451000, "otherLiab": 17745000, "totalCurrentLiabilities": 667913000, "totalLiab": 1183200000, "commonStock": 67560000, "retainedEarnings": 812540000, "treasuryStock": 147062000, "capitalSurplus": 73796000, "otherStockholderEquity": 147062000, "totalStockholderEquity": 1100958000, "netTangibleAssets": 1100958000}, {"maxAge": 1, "endDate": "2019-03-31", "cash": 16414000, "netReceivables": 248685000, "inventory": 508585000, "otherCurrentAssets": 27889000, "totalCurrentAssets": 811759000, "propertyPlantEquipment": 755445000, "otherAssets": 117588000, "totalAssets": 1684792000, "accountsPayable": 128400000, "otherCurrentLiab": 66797000, "otherLiab": 41053000, "totalCurrentLiabilities": 463653000, "totalLiab": 504706000, "commonStock": 67560000, "retainedEarnings": 891668000, "treasuryStock": 147062000, "capitalSurplus": 73796000, "otherStockholderEquity": 147062000, "totalStockholderEquity": 1180086000, "netTangibleAssets": 1180086000}, {"maxAge": 1, "endDate": "2018-03-31", "cash": 7841000, "shortTermInvestments": 891000, "netReceivables": 220331000, "inventory": 517757000, "otherCurrentAssets": 42155000, "totalCurrentAssets": 798487000, "propertyPlantEquipment": 756347000, "otherAssets": 103143000, "totalAssets": 1657977000, "accountsPayable": 113332000, "shortLongTermDebt": 7618000, "otherCurrentLiab": 72271000, "otherLiab": 42582000, "totalCurrentLiabilities": 439917000, "totalLiab": 482499000, "commonStock": 67560000, "retainedEarnings": 887060000, "treasuryStock": 147062000, "capitalSurplus": 73796000, "otherStockholderEquity": 147062000, "totalStockholderEquity": 1175478000, "netTangibleAssets": 1175478000}, {"maxAge": 1, "endDate": "2017-03-31", "cash": 7698000, "shortTermInvestments": 1378000, "netReceivables": 199912000, "inventory": 568748000, "otherCurrentAssets": 25630000, "totalCurrentAssets": 814214000, "propertyPlantEquipment": 618245000, "otherAssets": 114196000, "totalAssets": 1546655000, "accountsPayable": 98567000, "shortLongTermDebt": 10000000, "otherCurrentLiab": 77546000, "longTermDebt": 7500000, "otherLiab": 30645000, "totalCurrentLiabilities": 441433000, "totalLiab": 479578000, "commonStock": 67560000, "retainedEarnings": 909769000, "treasuryStock": 15952000, "capitalSurplus": 73796000, "otherStockholderEquity": 15952000, "totalStockholderEquity": 1067077000, "netTangibleAssets": 1067077000}], "maxAge": 86400}, "earningsTrend": {"trend": [{"maxAge": 1, "period": "0q", "endDate": null, "growth": {}, "earningsEstimate": {"avg": 0.0, "low": 0.0, "high": 0.0, "yearAgoEps": {}, "numberOfAnalysts": 0, "growth": {}}, "revenueEstimate": {"avg": 0, "low": 0, "high": 0, "numberOfAnalysts": 0, "yearAgoRevenue": {}, "growth": {}}, "epsTrend": {"current": 0.0, "7daysAgo": 0.0, "30daysAgo": 0.0, "60daysAgo": 0.0, "90daysAgo": 0.0}, "epsRevisions": {"upLast7days": 0, "upLast30days": 0, "downLast30days": 0, "downLast90days": {}}}, {"maxAge": 1, "period": "+1q", "endDate": null, "growth": {}, "earningsEstimate": {"avg": 0.0, "low": 0.0, "high": 0.0, "yearAgoEps": {}, "numberOfAnalysts": 0, "growth": {}}, "revenueEstimate": {"avg": 0, "low": 0, "high": 0, "numberOfAnalysts": 0, "yearAgoRevenue": {}, "growth": {}}, "epsTrend": {"current": 0.0, "7daysAgo": 0.0, "30daysAgo": 0.0, "60daysAgo": 0.0, "90daysAgo": 0.0}, "epsRevisions": {"upLast7days": 0, "upLast30days": 0, "downLast30days": 0, "downLast90days": {}}}, {"maxAge": 1, "period": "0y", "endDate": null, "growth": {}, "earningsEstimate": {"avg": 0.0, "low": 0.0, "high": 0.0, "yearAgoEps": {}, "numberOfAnalysts": 0, "growth": {}}, "revenueEstimate": {"avg": 0, "low": 0, "high": 0, "numberOfAnalysts": 0, "yearAgoRevenue": {}, "growth": {}}, "epsTrend": {"current": 0.0, "7daysAgo": 0.0, "30daysAgo": 0.0, "60daysAgo": 0.0, "90daysAgo": 0.0}, "epsRevisions": {"upLast7days": 0, "upLast30days": 0, "downLast30days": 0, "downLast90days": {}}}, {"maxAge": 1, "period": "+1y", "endDate": null, "growth": {}, "earningsEstimate": {"avg": 0.0, "low": 0.0, "high": 0.0, "yearAgoEps": {}, "numberOfAnalysts": 0, "growth": {}}, "revenueEstimate": {"avg": 0, "low": 0, "high": 0, "numberOfAnalysts": 0, "yearAgoRevenue": {}, "growth": {}}, "epsTrend": {"current": 0.0, "7daysAgo": 0.0, "30daysAgo": 0.0, "60daysAgo": 0.0, "90daysAgo": 0.0}, "epsRevisions": {"upLast7days": 0, "upLast30days": 0, "downLast30days": 0, "downLast90days": {}}}, {"maxAge": 1, "period": "+5y", "endDate": null, "growth": {}, "earningsEstimate": {"avg": {}, "low": {}, "high": {}, "yearAgoEps": {}, "numberOfAnalysts": {}, "growth": {}}, "revenueEstimate": {"avg": {}, "low": {}, "high": {}, "numberOfAnalysts": {}, "yearAgoRevenue": {}, "growth": {}}, "epsTrend": {"current": {}, "7daysAgo": {}, "30daysAgo": {}, "60daysAgo": {}, "90daysAgo": {}}, "epsRevisions": {"upLast7days": {}, "upLast30days": {}, "downLast30days": {}, "downLast90days": {}}}, {"maxAge": 1, "period": "-5y", "endDate": null, "growth": 0.21096, "earningsEstimate": {"avg": {}, "low": {}, "high": {}, "yearAgoEps": {}, "numberOfAnalysts": {}, "growth": {}}, "revenueEstimate": {"avg": {}, "low": {}, "high": {}, "numberOfAnalysts": {}, "yearAgoRevenue": {}, "growth": {}}, "epsTrend": {"current": {}, "7daysAgo": {}, "30daysAgo": {}, "60daysAgo": {}, "90daysAgo": {}}, "epsRevisions": {"upLast7days": {}, "upLast30days": {}, "downLast30days": {}, "downLast90days": {}}}], "maxAge": 1}, "institutionOwnership": {"maxAge": 1, "ownershipList": []}, "majorHoldersBreakdown": {"maxAge": 1, "insidersPercentHeld": 0.62744, "institutionsPercentHeld": 0.032560002, "institutionsFloatPercentHeld": 0.0874, "institutionsCount": 1}, "balanceSheetHistoryQuarterly": {"balanceSheetStatements": [{"maxAge": 1, "endDate": "2020-12-31", "totalStockholderEquity": 1073804000, "netTangibleAssets": 1073804000}, {"maxAge": 1, "endDate": "2020-09-30", "cash": 8656000, "shortTermInvestments": 54022000, "netReceivables": 150314000, "inventory": 596977000, "otherCurrentAssets": 25846000, "totalCurrentAssets": 835815000, "propertyPlantEquipment": 1196207000, "otherAssets": 119240000, "deferredLongTermAssetCharges": 26356000, "totalAssets": 2151262000, "accountsPayable": 61948000, "otherCurrentLiab": 152334000, "otherLiab": 15786000, "totalCurrentLiabilities": 614810000, "totalLiab": 1077458000, "commonStock": 67562000, "treasuryStock": 1006242000, "otherStockholderEquity": 1006242000, "totalStockholderEquity": 1073804000, "netTangibleAssets": 1073804000}, {"maxAge": 1, "endDate": "2020-06-30", "totalStockholderEquity": 1100958000, "netTangibleAssets": 1100958000}, {"maxAge": 1, "endDate": "2020-03-31", "cash": 6844000, "netReceivables": 217905000, "inventory": 582076000, "otherCurrentAssets": 22091000, "totalCurrentAssets": 837178000, "propertyPlantEquipment": 1329995000, "otherAssets": 116985000, "deferredLongTermAssetCharges": 11077000, "totalAssets": 2284158000, "accountsPayable": 114930000, "otherCurrentLiab": 59451000, "otherLiab": 17745000, "totalCurrentLiabilities": 667913000, "totalLiab": 1183200000, "commonStock": 67560000, "retainedEarnings": 812540000, "treasuryStock": 147062000, "capitalSurplus": 73796000, "otherStockholderEquity": 147062000, "totalStockholderEquity": 1100958000, "netTangibleAssets": 1100958000}], "maxAge": 86400}, "earningsHistory": {"history": [{"maxAge": 1, "epsActual": {}, "epsEstimate": {}, "epsDifference": {}, "surprisePercent": {}, "quarter": {}, "period": "-4q"}, {"maxAge": 1, "epsActual": {}, "epsEstimate": {}, "epsDifference": {}, "surprisePercent": {}, "quarter": {}, "period": "-3q"}, {"maxAge": 1, "epsActual": {}, "epsEstimate": {}, "epsDifference": {}, "surprisePercent": {}, "quarter": {}, "period": "-2q"}, {"maxAge": 1, "epsActual": {}, "epsEstimate": {}, "epsDifference": {}, "surprisePercent": {}, "quarter": {}, "period": "-1q"}], "maxAge": 86400}, "summaryProfile": {"address1": "C-113, Naraina Industrial Area", "address2": "Phase-1", "city": "New Delhi", "zip": "110028", "country": "India", "phone": "91 11 4141 0000", "fax": "91 11 4141 0060", "website": "http://www.archiesonline.com", "industry": "Specialty Retail", "sector": "Consumer Cyclical", "longBusinessSummary": "Archies Limited, a social expressions company, deals in greeting cards, gifts, and stationery products under the Archies brand name in India. It offers fashion accessories, such as men and women accessories, watches, wallets, keychains, cufflinks, bags, sun glasses, and gift sets; combos and hampers; home decor products, including statues and sculptures, desk accessories, photo frames, idols, quotations and scrolls, clocks, cushions, show pieces, wall hanging products, and lamps and lanterns; and earrings, neck pieces, bracelets, pendant sets, anklets, jewelry box, brooches, and hair accessories. The company also provides flowers and cakes; kitchen and dining products; personalized gifts; foundations and compacts, lipsticks, nail paints, blushers and concealers, mascaras, lip glosses and correctors, eye pencils and shadows, make-up accessories, and note cosmetic products; chocolates; cosmetics; mugs and sippers; bar accessories; soft toys; greeting cards; and fragrances. In addition, it offers stationery products comprising stationery hampers, calendars, scrap and record books, certificates, notebooks and journals, albums, autograph and slam books, quotations and quotation books, and party invites and pens; bath and body care products; and kids products consisting of baby record books and albums, photo frames, kid's hampers, school stuff, soft toys, and kid's mugs, as well as smart watches, activity bands, and Bluetooth speakers and headsets. The company operates through a distribution network comprising company owned stores, franchisees, distributors, and retailers, as well as through online. As of March 31, 2020, it owned/managed 197 stores. The company also exports its products to Sri Lanka, Bangladesh, Mauritius, Uganda, Rwanda, Kenya, the United States, Australia, Egypt, Kuwait, the United Arab Emirates, Oman, Thailand, and Italy. Archies Limited was founded in 1979 and is headquartered in New Delhi, India.", "fullTimeEmployees": 1000, "companyOfficers": [], "maxAge": 86400}, "netSharePurchaseActivity": {"maxAge": 1, "period": "6m", "buyInfoCount": 0, "buyInfoShares": 0, "sellInfoCount": 0, "netInfoCount": 0, "netInfoShares": 0, "netPercentInsiderShares": 0.0, "totalInsiderShares": 21138122}, "insiderTransactions": {"transactions": [{"maxAge": 1, "shares": 50000, "value": 8515, "filerUrl": "", "transactionText": "Acquisition at price 0.17 per share.", "filerName": "Moolchandani (Jagdish)", "filerRelation": "Promoter", "moneyText": "", "startDate": "2021-02-16", "ownership": "D"}, {"maxAge": 1, "shares": 4000, "value": 782, "filerUrl": "", "transactionText": "Acquisition at price 0.20 per share.", "filerName": "Empire Greetings & Gifts Pvt. Ltd.", "filerRelation": "Promoter", "moneyText": "", "startDate": "2020-12-30", "ownership": "D"}, {"maxAge": 1, "shares": 6000, "value": 1193, "filerUrl": "", "transactionText": "Acquisition at price 0.20 per share.", "filerName": "Empire Greetings & Gifts Pvt. Ltd.", "filerRelation": "Promoter", "moneyText": "", "startDate": "2020-12-29", "ownership": "D"}, {"maxAge": 1, "shares": 5000, "value": 876, "filerUrl": "", "transactionText": "Acquisition at price 0.18 per share.", "filerName": "Empire Greetings & Gifts Pvt. Ltd.", "filerRelation": "Promoter", "moneyText": "", "startDate": "2020-12-22", "ownership": "D"}, {"maxAge": 1, "shares": 5000, "filerUrl": "", "transactionText": "", "filerName": "Moolchandani (Shweta)", "filerRelation": "UNREPORTED", "moneyText": "", "startDate": "2020-12-22", "ownership": "D"}, {"maxAge": 1, "shares": 5000, "filerUrl": "", "transactionText": "", "filerName": "Moolchandani (Shweta)", "filerRelation": "UNREPORTED", "moneyText": "", "startDate": "2020-12-22", "ownership": "D"}, {"maxAge": 1, "shares": 5000, "value": 880, "filerUrl": "", "transactionText": "Acquisition at price 0.18 per share.", "filerName": "Moolchandani (Jagdish)", "filerRelation": "Promoter", "moneyText": "", "startDate": "2020-12-22", "ownership": "D"}, {"maxAge": 1, "shares": 5000, "value": 876, "filerUrl": "", "transactionText": "Acquisition at price 0.18 per share.", "filerName": "Moolchandani (Shweta)", "filerRelation": "Promoter", "moneyText": "", "startDate": "2020-12-22", "ownership": "D"}, {"maxAge": 1, "shares": 5000, "value": 918, "filerUrl": "", "transactionText": "Acquisition at price 0.18 per share.", "filerName": "Moolchandani (Shweta)", "filerRelation": "Promoter", "moneyText": "", "startDate": "2020-12-21", "ownership": "D"}, {"maxAge": 1, "shares": 5000, "value": 972, "filerUrl": "", "transactionText": "Acquisition at price 0.19 per share.", "filerName": "Moolchandani (Shweta)", "filerRelation": "Promoter", "moneyText": "", "startDate": "2020-12-15", "ownership": "D"}, {"maxAge": 1, "shares": 0, "filerUrl": "", "transactionText": "", "filerName": "Moolchandani (Shweta)", "filerRelation": "UNREPORTED", "moneyText": "", "startDate": "2020-12-15", "ownership": "I"}, {"maxAge": 1, "shares": 30, "value": 5, "filerUrl": "", "transactionText": "Acquisition at price 0.19 per share.", "filerName": "Moolchandani (Shweta)", "filerRelation": "Promoter", "moneyText": "", "startDate": "2020-12-14", "ownership": "D"}, {"maxAge": 1, "shares": 10000, "value": 1932, "filerUrl": "", "transactionText": "Acquisition at price 0.19 per share.", "filerName": "Empire Greetings & Gifts Pvt. Ltd.", "filerRelation": "Institution- Corporation", "moneyText": "", "startDate": "2020-12-11", "ownership": "D"}, {"maxAge": 1, "shares": 0, "filerUrl": "", "transactionText": "", "filerName": "Empire Greetings & Gifts Pvt. Ltd.", "filerRelation": "Institution- Corporation", "moneyText": "", "startDate": "2020-12-08", "ownership": "I"}, {"maxAge": 1, "shares": 5000, "value": 983, "filerUrl": "", "transactionText": "Acquisition at price 0.20 per share.", "filerName": "Empire Greetings & Gifts Pvt. Ltd.", "filerRelation": "Institution- Corporation", "moneyText": "", "startDate": "2020-12-08", "ownership": "D"}, {"maxAge": 1, "shares": 15000, "value": 3085, "filerUrl": "", "transactionText": "Acquisition at price 0.21 per share.", "filerName": "Moolchandani (Shweta)", "filerRelation": "Promoter", "moneyText": "", "startDate": "2020-11-24", "ownership": "D"}, {"maxAge": 1, "shares": 13361, "filerUrl": "", "transactionText": "", "filerName": "Moolchandani (Varun)", "filerRelation": "Director (Executive)", "moneyText": "", "startDate": "2019-06-14", "ownership": "D"}, {"maxAge": 1, "shares": 41016, "filerUrl": "", "transactionText": "", "filerName": "Moolchandani (Varun)", "filerRelation": "Director (Executive)", "moneyText": "", "startDate": "2019-06-13", "ownership": "D"}, {"maxAge": 1, "shares": 11495, "filerUrl": "", "transactionText": "", "filerName": "Moolchandani (Varun)", "filerRelation": "Promoter", "moneyText": "", "startDate": "2019-06-12", "ownership": "D"}, {"maxAge": 1, "shares": 9212, "filerUrl": "", "transactionText": "", "filerName": "Moolchandani (Varun)", "filerRelation": "Promoter", "moneyText": "", "startDate": "2019-06-11", "ownership": "D"}, {"maxAge": 1, "shares": 58000, "filerUrl": "", "transactionText": "", "filerName": "Moolchandani (Varun)", "filerRelation": "Promoter", "moneyText": "", "startDate": "2019-06-04", "ownership": "D"}, {"maxAge": 1, "shares": 75000, "filerUrl": "", "transactionText": "", "filerName": "Moolchandani (Varun)", "filerRelation": "Promoter", "moneyText": "", "startDate": "2019-06-03", "ownership": "D"}, {"maxAge": 1, "shares": 0, "filerUrl": "", "transactionText": "", "filerName": "Moolchandani (Varun)", "filerRelation": "Promoter", "moneyText": "", "startDate": "2019-06-03", "ownership": "I"}, {"maxAge": 1, "shares": 39157, "filerUrl": "", "transactionText": "", "filerName": "Moolchandani (Anil)", "filerRelation": "Managing Director", "moneyText": "", "startDate": "2018-10-11", "ownership": "D"}, {"maxAge": 1, "shares": 4217, "filerUrl": "", "transactionText": "", "filerName": "Moolchandani (Anil)", "filerRelation": "Managing Director", "moneyText": "", "startDate": "2018-10-10", "ownership": "D"}, {"maxAge": 1, "shares": 24333, "filerUrl": "", "transactionText": "", "filerName": "Moolchandani (Anil)", "filerRelation": "Managing Director", "moneyText": "", "startDate": "2018-10-09", "ownership": "D"}, {"maxAge": 1, "shares": 66050, "filerUrl": "", "transactionText": "", "filerName": "Moolchandani (Anil)", "filerRelation": "Managing Director", "moneyText": "", "startDate": "2018-10-03", "ownership": "D"}, {"maxAge": 1, "shares": 33950, "filerUrl": "", "transactionText": "", "filerName": "Moolchandani (Anil)", "filerRelation": "Managing Director", "moneyText": "", "startDate": "2018-10-01", "ownership": "D"}, {"maxAge": 1, "shares": 50000, "filerUrl": "", "transactionText": "", "filerName": "Moolchandani (Anil)", "filerRelation": "Managing Director", "moneyText": "", "startDate": "2018-07-09", "ownership": "D"}, {"maxAge": 1, "shares": 10000, "filerUrl": "", "transactionText": "", "filerName": "Moolchandani (Anil)", "filerRelation": "UNREPORTED", "moneyText": "", "startDate": "2017-12-28", "ownership": "D"}, {"maxAge": 1, "shares": 20000, "filerUrl": "", "transactionText": "", "filerName": "Moolchandani (Anil)", "filerRelation": "UNREPORTED", "moneyText": "", "startDate": "2017-12-11", "ownership": "D"}, {"maxAge": 1, "shares": 20000, "filerUrl": "", "transactionText": "", "filerName": "Moolchandani (Anil)", "filerRelation": "UNREPORTED", "moneyText": "", "startDate": "2017-12-08", "ownership": "D"}, {"maxAge": 1, "shares": 260000, "filerUrl": "", "transactionText": "", "filerName": "Moolchandani (Varun)", "filerRelation": "Promoter", "moneyText": "", "startDate": "2014-12-03", "ownership": "D"}, {"maxAge": 1, "shares": 140000, "filerUrl": "", "transactionText": "", "filerName": "Moolchandani (Varun)", "filerRelation": "Promoter", "moneyText": "", "startDate": "2014-12-02", "ownership": "D"}, {"maxAge": 1, "shares": 2500, "filerUrl": "", "transactionText": "", "filerName": "Arora (Pramod)", "filerRelation": "Joint Managing director", "moneyText": "", "startDate": "2009-09-02", "ownership": "D"}, {"maxAge": 1, "shares": 3000, "filerUrl": "", "transactionText": "", "filerName": "Arora (Pramod)", "filerRelation": "Joint Managing director", "moneyText": "", "startDate": "2009-08-06", "ownership": "D"}, {"maxAge": 1, "shares": 2500, "filerUrl": "", "transactionText": "", "filerName": "Arora (Pramod)", "filerRelation": "Joint Managing director", "moneyText": "", "startDate": "2009-08-05", "ownership": "D"}], "maxAge": 1}, "sectorTrend": {"maxAge": 1, "symbol": null, "estimates": []}, "incomeStatementHistoryQuarterly": {"incomeStatementHistory": [{"maxAge": 1, "endDate": "2020-12-31", "totalRevenue": 198679000, "costOfRevenue": 81845000, "grossProfit": 116834000, "researchDevelopment": {}, "sellingGeneralAdministrative": 37526000, "nonRecurring": {}, "otherOperatingExpenses": 1035000, "totalOperatingExpenses": 162623000, "operatingIncome": 36056000, "totalOtherIncomeExpenseNet": -19506000, "ebit": 36056000, "interestExpense": -19505000, "incomeBeforeTax": 16550000, "incomeTaxExpense": 3748000, "minorityInterest": {}, "netIncomeFromContinuingOps": 12802000, "discontinuedOperations": {}, "extraordinaryItems": {}, "effectOfAccountingCharges": {}, "otherItems": {}, "netIncome": 12802000, "netIncomeApplicableToCommonShares": 12802000}, {"maxAge": 1, "endDate": "2020-09-30", "totalRevenue": 127310000, "costOfRevenue": 26891000, "grossProfit": 100419000, "researchDevelopment": {}, "sellingGeneralAdministrative": 33335000, "nonRecurring": {}, "otherOperatingExpenses": 437000, "totalOperatingExpenses": 104507000, "operatingIncome": 22803000, "totalOtherIncomeExpenseNet": -18872000, "ebit": 22803000, "interestExpense": -18872000, "incomeBeforeTax": 3931000, "incomeTaxExpense": -2528000, "minorityInterest": {}, "netIncomeFromContinuingOps": 6459000, "discontinuedOperations": {}, "extraordinaryItems": {}, "effectOfAccountingCharges": {}, "otherItems": {}, "netIncome": 6459000, "netIncomeApplicableToCommonShares": 6459000}, {"maxAge": 1, "endDate": "2020-06-30", "totalRevenue": 15584000, "costOfRevenue": 2708000, "grossProfit": 12876000, "researchDevelopment": {}, "sellingGeneralAdministrative": 20964000, "nonRecurring": {}, "otherOperatingExpenses": 10482000, "totalOperatingExpenses": 80472000, "operatingIncome": -64888000, "totalOtherIncomeExpenseNet": 20868000, "ebit": -64888000, "interestExpense": -21180000, "incomeBeforeTax": -44020000, "incomeTaxExpense": -12092000, "minorityInterest": {}, "netIncomeFromContinuingOps": -31928000, "discontinuedOperations": {}, "extraordinaryItems": {}, "effectOfAccountingCharges": {}, "otherItems": {}, "netIncome": -31928000, "netIncomeApplicableToCommonShares": -31928000}, {"maxAge": 1, "endDate": "2020-03-31", "totalRevenue": 300744000, "costOfRevenue": 114277000, "grossProfit": 186467000, "researchDevelopment": {}, "sellingGeneralAdministrative": 149633000, "nonRecurring": {}, "otherOperatingExpenses": 13813000, "totalOperatingExpenses": 302869000, "operatingIncome": -2125000, "totalOtherIncomeExpenseNet": -12881000, "ebit": -2125000, "interestExpense": -12826000, "incomeBeforeTax": -15006000, "incomeTaxExpense": -41165000, "minorityInterest": {}, "netIncomeFromContinuingOps": 26159000, "discontinuedOperations": {}, "extraordinaryItems": {}, "effectOfAccountingCharges": {}, "otherItems": {}, "netIncome": 26159000, "netIncomeApplicableToCommonShares": 26159000}], "maxAge": 86400}, "cashflowStatementHistoryQuarterly": {"cashflowStatements": [{"maxAge": 1, "endDate": "2020-12-31", "netIncome": 12802000, "changeToLiabilities": 0}, {"maxAge": 1, "endDate": "2020-09-30", "netIncome": 6459000, "changeToLiabilities": 0}, {"maxAge": 1, "endDate": "2020-06-30", "netIncome": -31928000, "changeToLiabilities": 0}, {"maxAge": 1, "endDate": "2020-03-31", "netIncome": 26159000, "changeToLiabilities": 0}], "maxAge": 86400}, "earnings": {"maxAge": 86400, "earningsChart": {"quarterly": [], "earningsDate": []}, "financialsChart": {"yearly": [{"date": 2017, "revenue": 1855669000, "earnings": -36959000}, {"date": 2018, "revenue": 1576079000, "earnings": -23696000}, {"date": 2019, "revenue": 1608162000, "earnings": 7261000}, {"date": 2020, "revenue": 1387819000, "earnings": -71758000}], "quarterly": [{"date": "1Q2020", "revenue": 300744000, "earnings": 26159000}, {"date": "2Q2020", "revenue": 15584000, "earnings": -31928000}, {"date": "3Q2020", "revenue": 127310000, "earnings": 6459000}, {"date": "4Q2020", "revenue": 198679000, "earnings": 12802000}]}, "financialCurrency": "INR"}, "financialData": {"maxAge": 86400, "currentPrice": 11.0, "targetHighPrice": 37.0, "targetLowPrice": 37.0, "targetMeanPrice": 37.0, "targetMedianPrice": 37.0, "recommendationKey": "none", "numberOfAnalystOpinions": 1, "totalCash": 62678000, "totalCashPerShare": 1.86, "ebitda": 72374000, "totalDebt": 838708992, "totalRevenue": 642316992, "debtToEquity": 78.106, "revenuePerShare": 18.819, "grossProfits": 858473000, "revenueGrowth": -0.521, "grossMargins": 0.64858, "ebitdaMargins": 0.112679996, "operatingMargins": 0.05277, "profitMargins": 0.02101, "financialCurrency": "INR"}}}