{"ARCHIDPLY.BO": {"recommendationTrend": {"trend": [{"period": "0m", "strongBuy": 0, "buy": 0, "hold": 0, "sell": 0, "strongSell": 0}, {"period": "-1m", "strongBuy": 0, "buy": 0, "hold": 0, "sell": 0, "strongSell": 0}, {"period": "-2m", "strongBuy": 0, "buy": 0, "hold": 0, "sell": 0, "strongSell": 0}, {"period": "-3m", "strongBuy": 0, "buy": 0, "hold": 0, "sell": 0, "strongSell": 0}], "maxAge": 86400}, "cashflowStatementHistory": {"cashflowStatements": [{"maxAge": 1, "endDate": "2020-03-31", "netIncome": 37779215, "depreciation": 42559979, "changeToNetincome": 76183895, "changeToAccountReceivables": 71360566, "changeToLiabilities": -63002928, "changeToInventory": 20824794, "changeToOperatingActivities": -91746429, "totalCashFromOperatingActivities": 97770910, "capitalExpenditures": -35598361, "investments": -1478957, "otherCashflowsFromInvestingActivities": 25129675, "totalCashflowsFromInvestingActivities": -652240, "netBorrowings": -77857786, "otherCashflowsFromFinancingActivities": -66922563, "totalCashFromFinancingActivities": -144780349, "changeInCash": -47661679}, {"maxAge": 1, "endDate": "2019-03-31", "netIncome": 77230516, "depreciation": 49112215, "changeToNetincome": 69344856, "changeToAccountReceivables": -154231656, "changeToLiabilities": 5382514, "changeToInventory": 1330221, "changeToOperatingActivities": -4057959, "totalCashFromOperatingActivities": 44110707, "capitalExpenditures": -37959234, "investments": 6900508, "otherCashflowsFromInvestingActivities": 1366236, "totalCashflowsFromInvestingActivities": -29273524, "netBorrowings": 49914622, "otherCashflowsFromFinancingActivities": -69299116, "totalCashFromFinancingActivities": -19384494, "changeInCash": -4547311}, {"maxAge": 1, "endDate": "2018-03-31", "netIncome": 25089541, "depreciation": 52286914, "changeToNetincome": 70124943, "changeToAccountReceivables": -69208771, "changeToLiabilities": 70914980, "changeToInventory": -64286310, "changeToOperatingActivities": 94297198, "totalCashFromOperatingActivities": 179218495, "capitalExpenditures": -155837805, "investments": 60363, "otherCashflowsFromInvestingActivities": 3551872, "totalCashflowsFromInvestingActivities": -136728385, "netBorrowings": 89317346, "otherCashflowsFromFinancingActivities": -99868771, "totalCashFromFinancingActivities": -10551425, "changeInCash": 31938685}, {"maxAge": 1, "endDate": "2017-03-31", "netIncome": 66988755, "depreciation": 48005886, "changeToNetincome": 83527475, "changeToAccountReceivables": -187983065, "changeToLiabilities": 188640027, "changeToInventory": -154879212, "changeToOperatingActivities": -47493431, "totalCashFromOperatingActivities": -3193565, "capitalExpenditures": -42489686, "investments": -2505443, "otherCashflowsFromInvestingActivities": 7247575, "totalCashflowsFromInvestingActivities": -25572512, "netBorrowings": 121654381, "otherCashflowsFromFinancingActivities": -98635697, "totalCashFromFinancingActivities": 23018684, "changeInCash": -5747393}], "maxAge": 86400}, "institutionOwnership": {"maxAge": 1, "ownershipList": []}, "balanceSheetHistoryQuarterly": {"balanceSheetStatements": [{"maxAge": 1, "endDate": "2020-06-30", "totalStockholderEquity": 887832000, "netTangibleAssets": 864821000}, {"maxAge": 1, "endDate": "2020-03-31", "cash": 2976654, "netReceivables": 749789639, "inventory": 502478388, "otherCurrentAssets": 98546655, "totalCurrentAssets": 1360407440, "longTermInvestments": 1497841, "propertyPlantEquipment": 409953605, "goodWill": 19577402, "intangibleAssets": 3434040, "otherAssets": 138623668, "deferredLongTermAssetCharges": 10026263, "totalAssets": 1933493996, "accountsPayable": 276251004, "shortLongTermDebt": 21191723, "otherCurrentLiab": 73666026, "longTermDebt": 62590357, "otherLiab": 56225391, "totalCurrentLiabilities": 926846581, "totalLiab": 1045662329, "commonStock": 220650000, "retainedEarnings": 524685665, "treasuryStock": -4920090, "capitalSurplus": 147416092, "otherStockholderEquity": -4920090, "totalStockholderEquity": 887831667, "netTangibleAssets": 864820225}, {"maxAge": 1, "endDate": "2019-12-31", "totalStockholderEquity": 1373616000, "netTangibleAssets": 1347389000}, {"maxAge": 1, "endDate": "2019-09-30", "cash": 75300000, "netReceivables": 994436000, "inventory": 850911000, "otherCurrentAssets": 124359000, "totalCurrentAssets": 2045006000, "longTermInvestments": 2978000, "propertyPlantEquipment": 585645000, "goodWill": 20952000, "intangibleAssets": 5275000, "otherAssets": 218976000, "deferredLongTermAssetCharges": 8907000, "totalAssets": 2878832000, "accountsPayable": 414557000, "otherCurrentLiab": 225040000, "longTermDebt": 76375000, "otherLiab": 66032000, "totalCurrentLiabilities": 1362809000, "totalLiab": 1505216000, "commonStock": 220650000, "treasuryStock": 1152966000, "otherStockholderEquity": 1152966000, "totalStockholderEquity": 1373616000, "netTangibleAssets": 1347389000}], "maxAge": 86400}, "earningsHistory": {"history": [{"maxAge": 1, "epsActual": {}, "epsEstimate": {}, "epsDifference": {}, "surprisePercent": {}, "quarter": {}, "period": "-4q"}, {"maxAge": 1, "epsActual": 0.86, "epsEstimate": 0.85, "epsDifference": 0.01, "surprisePercent": 0.012, "quarter": "2017-06-30", "period": "-3q"}, {"maxAge": 1, "epsActual": 0.95, "epsEstimate": 0.99, "epsDifference": -0.04, "surprisePercent": -0.04, "quarter": "2017-12-31", "period": "-2q"}, {"maxAge": 1, "epsActual": -1.49, "epsEstimate": 0.83, "epsDifference": -2.32, "surprisePercent": -2.795, "quarter": "2018-03-31", "period": "-1q"}], "maxAge": 86400}, "indexTrend": {"maxAge": 1, "symbol": "SP5", "peRatio": 19.7411, "pegRatio": 1.34172, "estimates": [{"period": "0q", "growth": 0.549}, {"period": "+1q", "growth": 0.431}, {"period": "0y", "growth": 0.305}, {"period": "+1y", "growth": 0.109}, {"period": "+5y", "growth": 0.120865}, {"period": "-5y"}]}, "industryTrend": {"maxAge": 1, "symbol": null, "estimates": []}, "insiderTransactions": {"transactions": [{"maxAge": 1, "shares": 10000, "filerUrl": "", "transactionText": "", "filerName": "Daga (Deen Dayal)", "filerRelation": "Executive Chairman", "moneyText": "", "startDate": "2018-05-22", "ownership": "D"}, {"maxAge": 1, "shares": 75000, "filerUrl": "", "transactionText": "", "filerName": "Shree Shyam Tea Pvt. Ltd.", "filerRelation": "Promoter", "moneyText": "", "startDate": "2018-05-21", "ownership": "D"}, {"maxAge": 1, "shares": 75000, "filerUrl": "", "transactionText": "", "filerName": "Daga (Deen Dayal)", "filerRelation": "Executive Chairman", "moneyText": "", "startDate": "2018-05-21", "ownership": "D"}, {"maxAge": 1, "shares": 19000, "filerUrl": "", "transactionText": "", "filerName": "Mysore Chip Boards, Ltd.", "filerRelation": "Promoter", "moneyText": "", "startDate": "2018-03-21", "ownership": "D"}, {"maxAge": 1, "shares": 76000, "filerUrl": "", "transactionText": "", "filerName": "Daga (Shyam)", "filerRelation": "Managing Director", "moneyText": "", "startDate": "2018-03-21", "ownership": "D"}, {"maxAge": 1, "shares": 57000, "filerUrl": "", "transactionText": "", "filerName": "Mysore Chip Boards, Ltd.", "filerRelation": "Promoter", "moneyText": "", "startDate": "2018-03-19", "ownership": "D"}, {"maxAge": 1, "shares": 57000, "filerUrl": "", "transactionText": "", "filerName": "Mysore Chip Boards, Ltd.", "filerRelation": "Promoter", "moneyText": "", "startDate": "2018-03-15", "ownership": "D"}, {"maxAge": 1, "shares": 57000, "filerUrl": "", "transactionText": "", "filerName": "Daga (Shyam)", "filerRelation": "Managing Director", "moneyText": "", "startDate": "2018-03-15", "ownership": "D"}, {"maxAge": 1, "shares": 32375, "filerUrl": "", "transactionText": "", "filerName": "Daga (Shyam)", "filerRelation": "Managing Director", "moneyText": "", "startDate": "2018-03-13", "ownership": "D"}, {"maxAge": 1, "shares": 32375, "filerUrl": "", "transactionText": "", "filerName": "Mysore Chip Boards, Ltd.", "filerRelation": "Promoter", "moneyText": "", "startDate": "2018-03-13", "ownership": "D"}, {"maxAge": 1, "shares": 27100, "filerUrl": "", "transactionText": "", "filerName": "Daga (Shyam)", "filerRelation": "Managing Director", "moneyText": "", "startDate": "2018-03-12", "ownership": "D"}, {"maxAge": 1, "shares": 320250, "filerUrl": "", "transactionText": "", "filerName": "Mysore Chip Boards, Ltd.", "filerRelation": "Promoter", "moneyText": "", "startDate": "2018-03-12", "ownership": "D"}, {"maxAge": 1, "shares": 10000, "filerUrl": "", "transactionText": "", "filerName": "Daga (Rajiv)", "filerRelation": "Joint Managing director", "moneyText": "", "startDate": "2016-07-25", "ownership": "D"}, {"maxAge": 1, "shares": 56000, "filerUrl": "", "transactionText": "", "filerName": "Daga (Deen Dayal)", "filerRelation": "Executive Chairman", "moneyText": "", "startDate": "2016-06-13", "ownership": "D"}, {"maxAge": 1, "shares": 56000, "filerUrl": "", "transactionText": "", "filerName": "Daga (Rajiv)", "filerRelation": "Joint Managing director", "moneyText": "", "startDate": "2016-06-13", "ownership": "D"}, {"maxAge": 1, "shares": 52500, "filerUrl": "", "transactionText": "", "filerName": "Daga (Shyam)", "filerRelation": "Managing Director", "moneyText": "", "startDate": "2016-06-10", "ownership": "D"}, {"maxAge": 1, "shares": 52500, "filerUrl": "", "transactionText": "", "filerName": "Daga (Deen Dayal)", "filerRelation": "Promoter", "moneyText": "", "startDate": "2016-06-10", "ownership": "D"}, {"maxAge": 1, "shares": 112500, "filerUrl": "", "transactionText": "", "filerName": "Daga (Shyam)", "filerRelation": "Managing Director", "moneyText": "", "startDate": "2016-03-29", "ownership": "D"}, {"maxAge": 1, "shares": 100000, "filerUrl": "", "transactionText": "", "filerName": "Daga (Rajiv)", "filerRelation": "Joint Managing director", "moneyText": "", "startDate": "2016-03-21", "ownership": "D"}, {"maxAge": 1, "shares": 122000, "filerUrl": "", "transactionText": "", "filerName": "Mysore Chip Boards, Ltd.", "filerRelation": "Promoter", "moneyText": "", "startDate": "2015-03-31", "ownership": "D"}, {"maxAge": 1, "shares": 122000, "filerUrl": "", "transactionText": "", "filerName": "Daga (Deen Dayal)", "filerRelation": "Promoter", "moneyText": "", "startDate": "2015-03-31", "ownership": "D"}, {"maxAge": 1, "shares": 178378, "filerUrl": "", "transactionText": "", "filerName": "Mysore Chip Boards, Ltd.", "filerRelation": "Promoter", "moneyText": "", "startDate": "2015-03-27", "ownership": "D"}, {"maxAge": 1, "shares": 122500, "filerUrl": "", "transactionText": "", "filerName": "Daga (Deen Dayal)", "filerRelation": "Promoter", "moneyText": "", "startDate": "2015-03-27", "ownership": "D"}, {"maxAge": 1, "shares": 57500, "filerUrl": "", "transactionText": "", "filerName": "Daga (Shyam)", "filerRelation": "Managing Director", "moneyText": "", "startDate": "2015-03-27", "ownership": "D"}, {"maxAge": 1, "shares": 85000, "filerUrl": "", "transactionText": "", "filerName": "Mysore Chip Boards, Ltd.", "filerRelation": "Promoter", "moneyText": "", "startDate": "2015-03-26", "ownership": "D"}, {"maxAge": 1, "shares": 85000, "filerUrl": "", "transactionText": "", "filerName": "Daga (Shyam)", "filerRelation": "Managing Director", "moneyText": "", "startDate": "2015-03-26", "ownership": "D"}, {"maxAge": 1, "shares": 85000, "filerUrl": "", "transactionText": "", "filerName": "Mysore Chip Boards, Ltd.", "filerRelation": "Promoter", "moneyText": "", "startDate": "2015-03-23", "ownership": "D"}, {"maxAge": 1, "shares": 93000, "filerUrl": "", "transactionText": "", "filerName": "Mysore Chip Boards, Ltd.", "filerRelation": "Promoter", "moneyText": "", "startDate": "2015-03-23", "ownership": "D"}, {"maxAge": 1, "shares": 93000, "filerUrl": "", "transactionText": "", "filerName": "Daga (Deen Dayal)", "filerRelation": "Promoter", "moneyText": "", "startDate": "2015-03-23", "ownership": "D"}, {"maxAge": 1, "shares": 85000, "filerUrl": "", "transactionText": "", "filerName": "Daga (Shyam)", "filerRelation": "Managing Director", "moneyText": "", "startDate": "2015-03-23", "ownership": "D"}, {"maxAge": 1, "shares": 77000, "filerUrl": "", "transactionText": "", "filerName": "Daga (Shyam)", "filerRelation": "Managing Director", "moneyText": "", "startDate": "2015-03-20", "ownership": "D"}, {"maxAge": 1, "shares": 77000, "filerUrl": "", "transactionText": "", "filerName": "Mysore Chip Boards, Ltd.", "filerRelation": "Promoter", "moneyText": "", "startDate": "2015-03-20", "ownership": "D"}, {"maxAge": 1, "shares": 355950, "filerUrl": "", "transactionText": "", "filerName": "Mysore Chip Boards, Ltd.", "filerRelation": "Promoter", "moneyText": "", "startDate": "2015-03-19", "ownership": "D"}, {"maxAge": 1, "shares": 8600, "filerUrl": "", "transactionText": "", "filerName": "Daga (Shyam)", "filerRelation": "Managing Director", "moneyText": "", "startDate": "2015-03-19", "ownership": "D"}, {"maxAge": 1, "shares": 80000, "filerUrl": "", "transactionText": "", "filerName": "Daga (Deen Dayal)", "filerRelation": "Promoter", "moneyText": "", "startDate": "2015-03-12", "ownership": "D"}, {"maxAge": 1, "shares": 80000, "filerUrl": "", "transactionText": "", "filerName": "Mysore Chip Boards, Ltd.", "filerRelation": "Promoter", "moneyText": "", "startDate": "2015-03-10", "ownership": "D"}, {"maxAge": 1, "shares": 15000, "filerUrl": "", "transactionText": "", "filerName": "Mysore Chip Boards, Ltd.", "filerRelation": "Promoter", "moneyText": "", "startDate": "2015-01-07", "ownership": "D"}, {"maxAge": 1, "shares": 12000, "filerUrl": "", "transactionText": "", "filerName": "Mysore Chip Boards, Ltd.", "filerRelation": "Promoter", "moneyText": "", "startDate": "2015-01-06", "ownership": "D"}, {"maxAge": 1, "shares": 30000, "filerUrl": "", "transactionText": "", "filerName": "Mysore Chip Boards, Ltd.", "filerRelation": "Promoter", "moneyText": "", "startDate": "2014-11-28", "ownership": "D"}], "maxAge": 1}, "quoteType": {"exchange": "BSE", "quoteType": "EQUITY", "symbol": "ARCHIDPLY.BO", "underlyingSymbol": "ARCHIDPLY.BO", "shortName": "ARCHIDPLY INDUSTRIES LTD.", "longName": "Archidply Industries Limited", "firstTradeDateEpochUtc": "2008-07-04 09:15:00", "timeZoneFullName": "Asia/Kolkata", "timeZoneShortName": "IST", "uuid": "945405d1-e3e5-3012-a397-ec21e24b928c", "messageBoardId": null, "gmtOffSetMilliseconds": 19800000, "maxAge": 1}, "incomeStatementHistory": {"incomeStatementHistory": [{"maxAge": 1, "endDate": "2020-03-31", "totalRevenue": 2672070429, "costOfRevenue": 1646265508, "grossProfit": 1025804921, "researchDevelopment": {}, "sellingGeneralAdministrative": 335115044, "nonRecurring": {}, "otherOperatingExpenses": 520968785, "totalOperatingExpenses": 2548721134, "operatingIncome": 123349295, "totalOtherIncomeExpenseNet": -58513948, "ebit": 123349295, "interestExpense": -59433035, "incomeBeforeTax": 64835347, "incomeTaxExpense": 27056132, "minorityInterest": {}, "netIncomeFromContinuingOps": 37779215, "discontinuedOperations": {}, "extraordinaryItems": {}, "effectOfAccountingCharges": {}, "otherItems": {}, "netIncome": 37779215, "netIncomeApplicableToCommonShares": 37779215}, {"maxAge": 1, "endDate": "2019-03-31", "totalRevenue": 2741744556, "costOfRevenue": 1766671665, "grossProfit": 975072891, "researchDevelopment": {}, "sellingGeneralAdministrative": 323390275, "nonRecurring": {}, "otherOperatingExpenses": 453533305, "totalOperatingExpenses": 2592707460, "operatingIncome": 149037096, "totalOtherIncomeExpenseNet": -65206958, "ebit": 149037096, "interestExpense": -60378533, "incomeBeforeTax": 83830138, "incomeTaxExpense": 6599622, "minorityInterest": {}, "netIncomeFromContinuingOps": 77230516, "discontinuedOperations": {}, "extraordinaryItems": {}, "effectOfAccountingCharges": {}, "otherItems": {}, "netIncome": 77230516, "netIncomeApplicableToCommonShares": 77230516}, {"maxAge": 1, "endDate": "2018-03-31", "totalRevenue": 3018729457, "costOfRevenue": 1987315585, "grossProfit": 1031413872, "researchDevelopment": {}, "sellingGeneralAdministrative": 384104200, "nonRecurring": {}, "otherOperatingExpenses": 486194186, "totalOperatingExpenses": 2909900885, "operatingIncome": 108828572, "totalOtherIncomeExpenseNet": -70483145, "ebit": 108828572, "interestExpense": -74579241, "incomeBeforeTax": 38345427, "incomeTaxExpense": 13255886, "minorityInterest": {}, "netIncomeFromContinuingOps": 25089541, "discontinuedOperations": {}, "extraordinaryItems": {}, "effectOfAccountingCharges": {}, "otherItems": {}, "netIncome": 25089541, "netIncomeApplicableToCommonShares": 25089541}, {"maxAge": 1, "endDate": "2017-03-31", "totalRevenue": 2703474837, "costOfRevenue": 1767975783, "grossProfit": 935499054, "researchDevelopment": {}, "sellingGeneralAdministrative": 334778198, "nonRecurring": {}, "otherOperatingExpenses": 386326795, "totalOperatingExpenses": 2537051473, "operatingIncome": 166423364, "totalOtherIncomeExpenseNet": -83230658, "ebit": 166423364, "interestExpense": -75804584, "incomeBeforeTax": 83192706, "incomeTaxExpense": 16203951, "minorityInterest": {}, "netIncomeFromContinuingOps": 66988755, "discontinuedOperations": {}, "extraordinaryItems": {}, "effectOfAccountingCharges": {}, "otherItems": {}, "netIncome": 66988755, "netIncomeApplicableToCommonShares": 66988755}], "maxAge": 86400}, "fundOwnership": {"maxAge": 1, "ownershipList": []}, "summaryDetail": {"maxAge": 1, "priceHint": 2, "previousClose": 31.75, "open": 33.0, "dayLow": 31.5, "dayHigh": 33.3, "regularMarketPreviousClose": 31.75, "regularMarketOpen": 33.0, "regularMarketDayLow": 31.5, "regularMarketDayHigh": 33.3, "trailingPE": 173.4375, "forwardPE": 8.626943, "volume": 5400, "regularMarketVolume": 5400, "averageVolume": 23045, "averageVolume10days": 4705, "averageDailyVolume10Day": 4705, "bid": 33.3, "ask": 0.0, "bidSize": 0, "askSize": 0, "marketCap": 734764480, "fiftyTwoWeekLow": 12.0, "fiftyTwoWeekHigh": 46.9, "fiftyDayAverage": 36.87857, "twoHundredDayAverage": 29.713043, "currency": "INR", "fromCurrency": null, "toCurrency": null, "lastMarket": null, "algorithm": null, "tradeable": false}, "sectorTrend": {"maxAge": 1, "symbol": null, "estimates": []}, "incomeStatementHistoryQuarterly": {"incomeStatementHistory": [{"maxAge": 1, "endDate": "2020-06-30", "totalRevenue": 253716000, "costOfRevenue": 164597000, "grossProfit": 89119000, "researchDevelopment": {}, "sellingGeneralAdministrative": 45349000, "nonRecurring": {}, "otherOperatingExpenses": 45820000, "totalOperatingExpenses": 263885000, "operatingIncome": -10169000, "totalOtherIncomeExpenseNet": -15325000, "ebit": -10169000, "interestExpense": -15431000, "incomeBeforeTax": -25494000, "incomeTaxExpense": -6469000, "minorityInterest": {}, "netIncomeFromContinuingOps": -19025000, "discontinuedOperations": {}, "extraordinaryItems": {}, "effectOfAccountingCharges": {}, "otherItems": {}, "netIncome": -19025000, "netIncomeApplicableToCommonShares": -19025000}, {"maxAge": 1, "endDate": "2020-03-31", "totalRevenue": 294326429, "costOfRevenue": 222715508, "grossProfit": 71610921, "researchDevelopment": {}, "sellingGeneralAdministrative": 77898044, "nonRecurring": {}, "otherOperatingExpenses": -24200215, "totalOperatingExpenses": 275153134, "operatingIncome": 19173295, "totalOtherIncomeExpenseNet": 290052, "ebit": 19173295, "interestExpense": -15431000, "incomeBeforeTax": 19463347, "incomeTaxExpense": 19665132, "minorityInterest": {}, "netIncomeFromContinuingOps": -201785, "discontinuedOperations": {}, "extraordinaryItems": {}, "effectOfAccountingCharges": {}, "otherItems": {}, "netIncome": -201785, "netIncomeApplicableToCommonShares": -201785}, {"maxAge": 1, "endDate": "2019-12-31", "totalRevenue": 802916000, "costOfRevenue": 491323000, "grossProfit": 311593000, "researchDevelopment": {}, "sellingGeneralAdministrative": 84700000, "nonRecurring": {}, "otherOperatingExpenses": 169803000, "totalOperatingExpenses": 761771000, "operatingIncome": 41145000, "totalOtherIncomeExpenseNet": -18084000, "ebit": 41145000, "interestExpense": -23372000, "incomeBeforeTax": 23061000, "incomeTaxExpense": 4045000, "minorityInterest": {}, "netIncomeFromContinuingOps": 19016000, "discontinuedOperations": {}, "extraordinaryItems": {}, "effectOfAccountingCharges": {}, "otherItems": {}, "netIncome": 19016000, "netIncomeApplicableToCommonShares": 19016000}, {"maxAge": 1, "endDate": "2019-09-30", "totalRevenue": 816725000, "costOfRevenue": 497363000, "grossProfit": 319362000, "researchDevelopment": {}, "sellingGeneralAdministrative": 83908000, "nonRecurring": {}, "otherOperatingExpenses": 180829000, "totalOperatingExpenses": 778553000, "operatingIncome": 38172000, "totalOtherIncomeExpenseNet": -19265000, "ebit": 38172000, "interestExpense": -23712000, "incomeBeforeTax": 18907000, "incomeTaxExpense": 4138000, "minorityInterest": {}, "netIncomeFromContinuingOps": 14769000, "discontinuedOperations": {}, "extraordinaryItems": {}, "effectOfAccountingCharges": {}, "otherItems": {}, "netIncome": 14769000, "netIncomeApplicableToCommonShares": 14769000}], "maxAge": 86400}, "cashflowStatementHistoryQuarterly": {"cashflowStatements": [{"maxAge": 1, "endDate": "2020-06-30", "netIncome": -19025000, "changeToLiabilities": 0}, {"maxAge": 1, "endDate": "2020-03-31", "netIncome": -201785, "changeToLiabilities": 0}, {"maxAge": 1, "endDate": "2019-12-31", "netIncome": 19016000, "changeToLiabilities": 0}, {"maxAge": 1, "endDate": "2019-09-30", "netIncome": 14769000, "changeToLiabilities": 0}], "maxAge": 86400}, "insiderHolders": {"holders": [{"maxAge": 1, "name": "Daga (Deen Dayal)", "relation": "Executive Chairman", "url": "", "transactionDescription": "Sale", "latestTransDate": "2018-05-22", "positionDirect": 811620, "positionDirectDate": "2018-05-22"}, {"maxAge": 1, "name": "Daga (Rajiv)", "relation": "Joint Managing director", "url": "", "transactionDescription": "Sale", "latestTransDate": "2016-07-25", "positionDirect": 646500, "positionDirectDate": "2016-07-25"}, {"maxAge": 1, "name": "Daga (Shyam)", "relation": "Managing Director", "url": "", "transactionDescription": "Sale", "latestTransDate": "2018-03-21", "positionDirect": 573685, "positionDirectDate": "2018-03-21"}, {"maxAge": 1, "name": "Mysore Chip Boards, Ltd.", "relation": "Promoter", "url": "", "transactionDescription": "Acquisition", "latestTransDate": "2018-03-21", "positionDirect": 1797423, "positionDirectDate": "2018-03-21"}, {"maxAge": 1, "name": "Shree Shyam Tea Pvt. Ltd.", "relation": "Promoter", "url": "", "transactionDescription": "Acquisition", "latestTransDate": "2018-05-21", "positionDirect": 227900, "positionDirectDate": "2018-05-21"}], "maxAge": 1}, "earnings": {"maxAge": 86400, "earningsChart": {"quarterly": [{"date": "2Q2017", "actual": 0.86, "estimate": 0.85}, {"date": "4Q2017", "actual": 0.95, "estimate": 0.99}, {"date": "1Q2018", "actual": -1.49, "estimate": 0.83}], "currentQuarterEstimateDate": "2Q", "currentQuarterEstimateYear": 2018, "earningsDate": []}, "financialsChart": {"yearly": [{"date": 2017, "revenue": 2703474837, "earnings": 66988755}, {"date": 2018, "revenue": 3018729457, "earnings": 25089541}, {"date": 2019, "revenue": 2741744556, "earnings": 77230516}, {"date": 2020, "revenue": 2672070429, "earnings": 37779215}], "quarterly": [{"date": "3Q2019", "revenue": 816725000, "earnings": 14769000}, {"date": "4Q2019", "revenue": 802916000, "earnings": 19016000}, {"date": "1Q2020", "revenue": 294326429, "earnings": -201785}, {"date": "2Q2020", "revenue": 253716000, "earnings": -19025000}]}, "financialCurrency": "INR"}, "calendarEvents": {"maxAge": 1, "earnings": {"earningsDate": [], "revenueAverage": 789664000}}, "price": {"maxAge": 1, "regularMarketChangePercent": 0.048818875, "regularMarketChange": 1.5499992, "regularMarketTime": "2021-04-30 14:28:21", "priceHint": 2, "regularMarketPrice": 33.3, "regularMarketDayHigh": 33.3, "regularMarketDayLow": 31.5, "regularMarketVolume": 5400, "averageDailyVolume10Day": 4705, "averageDailyVolume3Month": 23045, "regularMarketPreviousClose": 31.75, "regularMarketSource": "FREE_REALTIME", "regularMarketOpen": 33.0, "exchange": "BSE", "exchangeName": "BSE", "exchangeDataDelayedBy": 0, "marketState": "CLOSED", "quoteType": "EQUITY", "symbol": "ARCHIDPLY.BO", "underlyingSymbol": null, "shortName": "ARCHIDPLY INDUSTRIES LTD.", "longName": "Archidply Industries Limited", "currency": "INR", "quoteSourceName": "Delayed Quote", "currencySymbol": "\u20b9", "fromCurrency": null, "toCurrency": null, "lastMarket": null, "marketCap": 734764480}, "balanceSheetHistory": {"balanceSheetStatements": [{"maxAge": 1, "endDate": "2020-03-31", "cash": 2976654, "netReceivables": 749789639, "inventory": 502478388, "otherCurrentAssets": 98546655, "totalCurrentAssets": 1360407440, "longTermInvestments": 1497841, "propertyPlantEquipment": 409953605, "goodWill": 19577402, "intangibleAssets": 3434040, "otherAssets": 138623668, "deferredLongTermAssetCharges": 10026263, "totalAssets": 1933493996, "accountsPayable": 276251004, "shortLongTermDebt": 21191723, "otherCurrentLiab": 73666026, "longTermDebt": 62590357, "otherLiab": 56225391, "totalCurrentLiabilities": 926846581, "totalLiab": 1045662329, "commonStock": 220650000, "retainedEarnings": 524685665, "treasuryStock": -4920090, "capitalSurplus": 147416092, "otherStockholderEquity": -4920090, "totalStockholderEquity": 887831667, "netTangibleAssets": 864820225}, {"maxAge": 1, "endDate": "2019-03-31", "cash": 50638333, "netReceivables": 829329534, "inventory": 523303182, "otherCurrentAssets": 89874174, "totalCurrentAssets": 1497426168, "longTermInvestments": 33043, "propertyPlantEquipment": 421651545, "goodWill": 22327488, "intangibleAssets": 6785441, "otherAssets": 79917139, "deferredLongTermAssetCharges": 5577423, "totalAssets": 2028140824, "accountsPayable": 339253932, "shortLongTermDebt": 21899741, "otherCurrentLiab": 80081763, "longTermDebt": 58064675, "otherLiab": 46199639, "totalCurrentLiabilities": 1036321049, "totalLiab": 1140585363, "commonStock": 220650000, "retainedEarnings": 486906453, "treasuryStock": 32582916, "capitalSurplus": 147416092, "otherStockholderEquity": 32582916, "totalStockholderEquity": 887555461, "netTangibleAssets": 858442532}, {"maxAge": 1, "endDate": "2018-03-31", "cash": 76470682, "netReceivables": 896544516, "inventory": 812436462, "otherCurrentAssets": 96233959, "totalCurrentAssets": 1884775947, "longTermInvestments": 9457901, "propertyPlantEquipment": 621116028, "goodWill": 25000942, "intangibleAssets": 10251754, "otherAssets": 201167445, "deferredLongTermAssetCharges": 1666192, "totalAssets": 2751770017, "accountsPayable": 551004210, "shortLongTermDebt": 1830744, "otherCurrentLiab": 90989538, "longTermDebt": 1615245, "otherLiab": 51504341, "totalCurrentLiabilities": 1379455602, "totalLiab": 1432575188, "commonStock": 220650000, "retainedEarnings": 660091108, "treasuryStock": -3794554, "capitalSurplus": 442248275, "otherStockholderEquity": -3794554, "totalStockholderEquity": 1319194829, "netTangibleAssets": 1283942133}, {"maxAge": 1, "endDate": "2017-03-31", "cash": 44531997, "netReceivables": 825595484, "inventory": 748150152, "otherCurrentAssets": 157591095, "totalCurrentAssets": 1778631227, "longTermInvestments": 9518264, "propertyPlantEquipment": 530204197, "goodWill": 27827657, "intangibleAssets": 3365810, "otherAssets": 216359208, "deferredLongTermAssetCharges": 3966945, "totalAssets": 2565906363, "accountsPayable": 480089230, "shortLongTermDebt": 16853428, "otherCurrentLiab": 105014157, "longTermDebt": 851683, "otherLiab": 36794007, "totalCurrentLiabilities": 1233684014, "totalLiab": 1271329704, "commonStock": 220650000, "retainedEarnings": 635001567, "treasuryStock": -3323183, "capitalSurplus": 442248275, "otherStockholderEquity": -3323183, "totalStockholderEquity": 1294576659, "netTangibleAssets": 1263383192}], "maxAge": 86400}, "earningsTrend": {"trend": [{"maxAge": 1, "period": "0q", "endDate": "2018-06-30", "growth": {}, "earningsEstimate": {"avg": 0.0, "low": 0.0, "high": 0.0, "yearAgoEps": {}, "numberOfAnalysts": 0, "growth": {}}, "revenueEstimate": {"avg": 789664000, "low": 0, "high": 0, "numberOfAnalysts": 0, "yearAgoRevenue": 741216000, "growth": 0.065}, "epsTrend": {"current": 0.0, "7daysAgo": 0.0, "30daysAgo": 0.0, "60daysAgo": 0.0, "90daysAgo": 0.0}, "epsRevisions": {"upLast7days": 0, "upLast30days": 0, "downLast30days": 0, "downLast90days": {}}}, {"maxAge": 1, "period": "+1q", "endDate": "2018-09-30", "growth": {}, "earningsEstimate": {"avg": 0.0, "low": 0.0, "high": 0.0, "yearAgoEps": 0.86, "numberOfAnalysts": 0, "growth": {}}, "revenueEstimate": {"avg": 828056000, "low": 0, "high": 0, "numberOfAnalysts": 0, "yearAgoRevenue": 737967000, "growth": 0.122}, "epsTrend": {"current": 0.0, "7daysAgo": 0.0, "30daysAgo": 0.0, "60daysAgo": 0.0, "90daysAgo": 0.0}, "epsRevisions": {"upLast7days": 0, "upLast30days": 0, "downLast30days": 0, "downLast90days": {}}}, {"maxAge": 1, "period": "0y", "endDate": "2019-03-31", "growth": {}, "earningsEstimate": {"avg": 0.0, "low": 0.0, "high": 0.0, "yearAgoEps": {}, "numberOfAnalysts": 0, "growth": {}}, "revenueEstimate": {"avg": 3368780000, "low": 3368780000, "high": 3368780000, "numberOfAnalysts": 1, "yearAgoRevenue": 3087230000, "growth": 0.091000006}, "epsTrend": {"current": 0.0, "7daysAgo": 3.86, "30daysAgo": 3.86, "60daysAgo": 3.86, "90daysAgo": 3.86}, "epsRevisions": {"upLast7days": 0, "upLast30days": 0, "downLast30days": 0, "downLast90days": {}}}, {"maxAge": 1, "period": "+1y", "endDate": "2020-03-31", "growth": {}, "earningsEstimate": {"avg": 0.0, "low": 0.0, "high": 0.0, "yearAgoEps": {}, "numberOfAnalysts": 0, "growth": {}}, "revenueEstimate": {"avg": 0, "low": 0, "high": 0, "numberOfAnalysts": 0, "yearAgoRevenue": 3368780000, "growth": {}}, "epsTrend": {"current": 0.0, "7daysAgo": 0.0, "30daysAgo": 0.0, "60daysAgo": 0.0, "90daysAgo": 0.0}, "epsRevisions": {"upLast7days": 0, "upLast30days": 0, "downLast30days": 0, "downLast90days": {}}}, {"maxAge": 1, "period": "+5y", "endDate": null, "growth": {}, "earningsEstimate": {"avg": {}, "low": {}, "high": {}, "yearAgoEps": {}, "numberOfAnalysts": {}, "growth": {}}, "revenueEstimate": {"avg": {}, "low": {}, "high": {}, "numberOfAnalysts": {}, "yearAgoRevenue": {}, "growth": {}}, "epsTrend": {"current": {}, "7daysAgo": {}, "30daysAgo": {}, "60daysAgo": {}, "90daysAgo": {}}, "epsRevisions": {"upLast7days": {}, "upLast30days": {}, "downLast30days": {}, "downLast90days": {}}}, {"maxAge": 1, "period": "-5y", "endDate": null, "growth": {}, "earningsEstimate": {"avg": {}, "low": {}, "high": {}, "yearAgoEps": {}, "numberOfAnalysts": {}, "growth": {}}, "revenueEstimate": {"avg": {}, "low": {}, "high": {}, "numberOfAnalysts": {}, "yearAgoRevenue": {}, "growth": {}}, "epsTrend": {"current": {}, "7daysAgo": {}, "30daysAgo": {}, "60daysAgo": {}, "90daysAgo": {}}, "epsRevisions": {"upLast7days": {}, "upLast30days": {}, "downLast30days": {}, "downLast90days": {}}}], "maxAge": 1}, "financialData": {"maxAge": 86400, "currentPrice": 33.3, "recommendationKey": "none", "grossProfits": 1025804921, "financialCurrency": "INR"}}}