{"AREYDRG.BO": {"recommendationTrend": {"trend": [{"period": "0m", "strongBuy": 0, "buy": 0, "hold": 0, "sell": 0, "strongSell": 0}, {"period": "-1m", "strongBuy": 0, "buy": 0, "hold": 0, "sell": 0, "strongSell": 0}, {"period": "-2m", "strongBuy": 0, "buy": 0, "hold": 0, "sell": 0, "strongSell": 0}, {"period": "-3m", "strongBuy": 0, "buy": 0, "hold": 0, "sell": 0, "strongSell": 0}], "maxAge": 86400}, "cashflowStatementHistory": {"cashflowStatements": [{"maxAge": 1, "endDate": "2020-03-31", "netIncome": 57935000, "changeToLiabilities": 0}, {"maxAge": 1, "endDate": "2019-03-31", "netIncome": 65417609, "depreciation": 10083271, "changeToNetincome": 24241744, "changeToAccountReceivables": -104475635, "changeToLiabilities": -403007248, "changeToInventory": -64753872, "changeToOperatingActivities": 479381417, "totalCashFromOperatingActivities": 6887286, "capitalExpenditures": -12281167, "totalCashflowsFromInvestingActivities": -12281167, "dividendsPaid": -2338468, "netBorrowings": -177563, "otherCashflowsFromFinancingActivities": -22299301, "totalCashFromFinancingActivities": -24815332, "changeInCash": -30209215}, {"maxAge": 1, "endDate": "2018-03-31", "netIncome": 61775894, "depreciation": 7115504, "changeToNetincome": 13195936, "changeToAccountReceivables": -134406208, "changeToLiabilities": 30319821, "changeToInventory": -95647868, "changeToOperatingActivities": -85861538, "totalCashFromOperatingActivities": -203508459, "capitalExpenditures": -6208356, "investments": 184130, "totalCashflowsFromInvestingActivities": -6024226, "dividendsPaid": -2338468, "netBorrowings": -161517, "otherCashflowsFromFinancingActivities": -19196820, "totalCashFromFinancingActivities": 233050163, "changeInCash": 23517479, "issuanceOfStock": 252408500}, {"maxAge": 1, "endDate": "2017-03-31", "netIncome": 54738636, "depreciation": 6401956, "changeToNetincome": 47372176, "changeToAccountReceivables": -93779165, "changeToLiabilities": 26021608, "changeToInventory": -31337701, "changeToOperatingActivities": -3640695, "totalCashFromOperatingActivities": 6249949, "capitalExpenditures": -49354173, "investments": -268473, "totalCashflowsFromInvestingActivities": -49622646, "dividendsPaid": -2338468, "netBorrowings": -149904, "otherCashflowsFromFinancingActivities": -43766106, "totalCashFromFinancingActivities": 37534483, "changeInCash": -5838214, "issuanceOfStock": 81450493}], "maxAge": 86400}, "institutionOwnership": {"ownershipList": [], "maxAge": 1}, "balanceSheetHistoryQuarterly": {"balanceSheetStatements": [{"maxAge": 1, "endDate": "2020-06-30", "totalStockholderEquity": 923461566, "netTangibleAssets": 923461566}, {"maxAge": 1, "endDate": "2020-03-31", "cash": 5027172, "shortTermInvestments": 46432777, "netReceivables": 961332778, "inventory": 169960270, "otherCurrentAssets": 630686549, "totalCurrentAssets": 1813439546, "longTermInvestments": 4400000, "propertyPlantEquipment": 122992821, "otherAssets": -1, "totalAssets": 1940832366, "accountsPayable": 777496753, "otherCurrentLiab": 46596934, "longTermDebt": 191178, "otherLiab": 14401588, "totalCurrentLiabilities": 1002778034, "totalLiab": 1017370800, "commonStock": 233846840, "treasuryStock": 689614726, "otherStockholderEquity": 689614726, "totalStockholderEquity": 923461566, "netTangibleAssets": 923461566}, {"maxAge": 1, "endDate": "2019-12-31", "totalStockholderEquity": 899485000, "netTangibleAssets": 899485000}, {"maxAge": 1, "endDate": "2019-09-30", "cash": 3304000, "shortTermInvestments": 62082000, "netReceivables": 647675000, "inventory": 209460000, "otherCurrentAssets": 72097000, "totalCurrentAssets": 994618000, "longTermInvestments": 4400000, "propertyPlantEquipment": 118592000, "totalAssets": 1117610000, "otherCurrentLiab": 28232000, "otherLiab": 14917000, "totalCurrentLiabilities": 203208000, "totalLiab": 218125000, "commonStock": 256997000, "treasuryStock": 642488000, "otherStockholderEquity": 642488000, "totalStockholderEquity": 899485000, "netTangibleAssets": 899485000}], "maxAge": 86400}, "earningsHistory": {"history": [{"maxAge": 1, "epsActual": {}, "epsEstimate": {}, "epsDifference": {}, "surprisePercent": {}, "quarter": {}, "period": "-4q"}, {"maxAge": 1, "epsActual": {}, "epsEstimate": {}, "epsDifference": {}, "surprisePercent": {}, "quarter": {}, "period": "-3q"}, {"maxAge": 1, "epsActual": {}, "epsEstimate": {}, "epsDifference": {}, "surprisePercent": {}, "quarter": {}, "period": "-2q"}, {"maxAge": 1, "epsActual": {}, "epsEstimate": {}, "epsDifference": {}, "surprisePercent": {}, "quarter": {}, "period": "-1q"}], "maxAge": 86400}, "indexTrend": {"maxAge": 1, "symbol": "SP5", "peRatio": 19.7411, "pegRatio": 1.34172, "estimates": [{"period": "0q", "growth": 0.549}, {"period": "+1q", "growth": 0.431}, {"period": "0y", "growth": 0.305}, {"period": "+1y", "growth": 0.109}, {"period": "+5y", "growth": 0.120859005}, {"period": "-5y"}]}, "industryTrend": {"maxAge": 1, "symbol": null, "estimates": []}, "insiderTransactions": {"transactions": [{"maxAge": 1, "shares": 0, "filerUrl": "", "transactionText": "", "filerName": "Ghatalia (Bina Rajesh)", "filerRelation": "UNREPORTED", "moneyText": "", "startDate": "2020-10-05", "ownership": "I"}, {"maxAge": 1, "shares": 1408284, "filerUrl": "", "transactionText": "", "filerName": "Ghatalia (Bina Rajesh)", "filerRelation": "Promoter", "moneyText": "", "startDate": "2020-10-03", "ownership": "D"}, {"maxAge": 1, "shares": 60293, "filerUrl": "", "transactionText": "", "filerName": "Ghatalia (Bina Rajesh)", "filerRelation": "Promoter", "moneyText": "", "startDate": "2018-12-03", "ownership": "D"}, {"maxAge": 1, "shares": 915, "filerUrl": "", "transactionText": "", "filerName": "Ghatalia (Bina Rajesh)", "filerRelation": "Promoter", "moneyText": "", "startDate": "2018-11-30", "ownership": "D"}, {"maxAge": 1, "shares": 394, "filerUrl": "", "transactionText": "", "filerName": "Ghatalia (Bina Rajesh)", "filerRelation": "Promoter", "moneyText": "", "startDate": "2018-11-30", "ownership": "D"}, {"maxAge": 1, "shares": 57000, "filerUrl": "", "transactionText": "", "filerName": "Ghatalia (Bina Rajesh)", "filerRelation": "Promoter", "moneyText": "", "startDate": "2018-11-28", "ownership": "D"}, {"maxAge": 1, "shares": 21000, "filerUrl": "", "transactionText": "", "filerName": "Ghatalia (Bina Rajesh)", "filerRelation": "Promoter", "moneyText": "", "startDate": "2018-10-29", "ownership": "D"}, {"maxAge": 1, "shares": 400000, "filerUrl": "", "transactionText": "", "filerName": "Suraj Tradelinks Pvt Ltd", "filerRelation": "Promoter", "moneyText": "", "startDate": "2017-09-14", "ownership": "D"}, {"maxAge": 1, "shares": 400000, "filerUrl": "", "transactionText": "", "filerName": "Nimit Impex Pvt Ltd", "filerRelation": "Promoter", "moneyText": "", "startDate": "2017-09-14", "ownership": "D"}, {"maxAge": 1, "shares": 1600000, "filerUrl": "", "transactionText": "", "filerName": "Ghatalia (Nimit Rajesh)", "filerRelation": "UNREPORTED", "moneyText": "", "startDate": "2017-09-14", "ownership": "D"}, {"maxAge": 1, "shares": 200000, "filerUrl": "", "transactionText": "", "filerName": "Ghatalia (Mira Mihir)", "filerRelation": "Managing Director", "moneyText": "", "startDate": "2017-09-14", "ownership": "D"}, {"maxAge": 1, "shares": 200000, "filerUrl": "", "transactionText": "", "filerName": "Ghatalia (Mira Mihir)", "filerRelation": "Managing Director", "moneyText": "", "startDate": "2016-08-05", "ownership": "D"}, {"maxAge": 1, "shares": 400000, "filerUrl": "", "transactionText": "", "filerName": "Ghatalia (Nimit Rajesh)", "filerRelation": "UNREPORTED", "moneyText": "", "startDate": "2016-08-05", "ownership": "D"}, {"maxAge": 1, "shares": 400000, "filerUrl": "", "transactionText": "", "filerName": "Suraj Tradelinks Pvt Ltd", "filerRelation": "Promoter", "moneyText": "", "startDate": "2016-08-05", "ownership": "D"}, {"maxAge": 1, "shares": 1000000, "filerUrl": "", "transactionText": "", "filerName": "Nimit Impex Pvt Ltd", "filerRelation": "Promoter", "moneyText": "", "startDate": "2016-08-05", "ownership": "D"}, {"maxAge": 1, "shares": 30000, "filerUrl": "", "transactionText": "", "filerName": "Ghatalia (Damayanti Pranlal)", "filerRelation": "Promoter", "moneyText": "", "startDate": "2014-11-07", "ownership": "D"}, {"maxAge": 1, "shares": 4000, "filerUrl": "", "transactionText": "", "filerName": "Ghatalia (Damayanti Pranlal)", "filerRelation": "Promoter", "moneyText": "", "startDate": "2014-11-05", "ownership": "D"}, {"maxAge": 1, "shares": 1000, "filerUrl": "", "transactionText": "", "filerName": "Ghatalia (Damayanti Pranlal)", "filerRelation": "Promoter", "moneyText": "", "startDate": "2014-11-03", "ownership": "D"}, {"maxAge": 1, "shares": 8861, "filerUrl": "", "transactionText": "", "filerName": "Ghatalia (Damayanti Pranlal)", "filerRelation": "Promoter", "moneyText": "", "startDate": "2014-10-31", "ownership": "D"}, {"maxAge": 1, "shares": 5000, "filerUrl": "", "transactionText": "", "filerName": "Ghatalia (Damayanti Pranlal)", "filerRelation": "Promoter", "moneyText": "", "startDate": "2014-10-30", "ownership": "D"}, {"maxAge": 1, "shares": 6346, "filerUrl": "", "transactionText": "", "filerName": "Ghatalia (Damayanti Pranlal)", "filerRelation": "Promoter", "moneyText": "", "startDate": "2014-10-29", "ownership": "D"}, {"maxAge": 1, "shares": 20000, "filerUrl": "", "transactionText": "", "filerName": "Ghatalia (Damayanti Pranlal)", "filerRelation": "Promoter", "moneyText": "", "startDate": "2014-10-28", "ownership": "D"}, {"maxAge": 1, "shares": 5000, "filerUrl": "", "transactionText": "", "filerName": "Ghatalia (Damayanti Pranlal)", "filerRelation": "Promoter", "moneyText": "", "startDate": "2014-10-10", "ownership": "D"}, {"maxAge": 1, "shares": 5489, "filerUrl": "", "transactionText": "", "filerName": "Ghatalia (Damayanti Pranlal)", "filerRelation": "Promoter", "moneyText": "", "startDate": "2014-10-09", "ownership": "D"}, {"maxAge": 1, "shares": 9511, "filerUrl": "", "transactionText": "", "filerName": "Ghatalia (Damayanti Pranlal)", "filerRelation": "Promoter", "moneyText": "", "startDate": "2014-10-08", "ownership": "D"}, {"maxAge": 1, "shares": 72721, "filerUrl": "", "transactionText": "", "filerName": "Ghatalia (Rajesh Pranlal)", "filerRelation": "UNREPORTED", "moneyText": "", "startDate": "2013-10-04", "ownership": "D"}, {"maxAge": 1, "shares": 243318, "filerUrl": "", "transactionText": "", "filerName": "Ghatalia (Rajesh Pranlal)", "filerRelation": "UNREPORTED", "moneyText": "", "startDate": "2013-10-04", "ownership": "D"}, {"maxAge": 1, "shares": 45000, "filerUrl": "", "transactionText": "", "filerName": "Mehta (Priti Chetan)", "filerRelation": "UNREPORTED", "moneyText": "", "startDate": "2012-12-20", "ownership": "D"}, {"maxAge": 1, "shares": 50000, "filerUrl": "", "transactionText": "", "filerName": "Ghatalia (Rajesh Pranlal)", "filerRelation": "Chief Financial Officer", "moneyText": "", "startDate": "2012-11-23", "ownership": "D"}, {"maxAge": 1, "shares": 121012, "filerUrl": "", "transactionText": "", "filerName": "Mehta (Chetan Kirti)", "filerRelation": "Director (Non-Executive)", "moneyText": "", "startDate": "2010-02-04", "ownership": "D"}], "maxAge": 1}, "quoteType": {"exchange": "BSE", "quoteType": "EQUITY", "symbol": "AREYDRG.BO", "underlyingSymbol": "AREYDRG.BO", "shortName": "AAREY DRUGS & PHARMACEUTICALS", "longName": "Aarey Drugs &amp; Pharmaceuticals Limited", "firstTradeDateEpochUtc": "2007-04-17 09:15:00", "timeZoneFullName": "Asia/Kolkata", "timeZoneShortName": "IST", "uuid": "4f646fcc-4ae0-3996-ba91-ced3e35b6c0b", "gmtOffSetMilliseconds": 19800000, "maxAge": 1}, "incomeStatementHistory": {"incomeStatementHistory": [{"maxAge": 1, "endDate": "2020-03-31", "totalRevenue": 3000888000, "costOfRevenue": 2901816000, "grossProfit": 99072000, "researchDevelopment": {}, "sellingGeneralAdministrative": 67034000, "nonRecurring": {}, "otherOperatingExpenses": {}, "totalOperatingExpenses": 2977789000, "operatingIncome": 23099000, "totalOtherIncomeExpenseNet": 49320000, "ebit": 23099000, "interestExpense": -17572000, "incomeBeforeTax": 72419000, "incomeTaxExpense": 14484000, "minorityInterest": {}, "netIncomeFromContinuingOps": 57935000, "discontinuedOperations": {}, "extraordinaryItems": {}, "effectOfAccountingCharges": {}, "otherItems": {}, "netIncome": 57935000, "netIncomeApplicableToCommonShares": 57935000}, {"maxAge": 1, "endDate": "2019-03-31", "totalRevenue": 3562194360, "costOfRevenue": 3410012479, "grossProfit": 152181881, "researchDevelopment": {}, "sellingGeneralAdministrative": 12569866, "nonRecurring": {}, "otherOperatingExpenses": 38236721, "totalOperatingExpenses": 3470902337, "operatingIncome": 91292023, "totalOtherIncomeExpenseNet": -1431964, "ebit": 91292023, "interestExpense": -21410041, "incomeBeforeTax": 89860059, "incomeTaxExpense": 24442450, "minorityInterest": {}, "netIncomeFromContinuingOps": 65417609, "discontinuedOperations": {}, "extraordinaryItems": {}, "effectOfAccountingCharges": {}, "otherItems": {}, "netIncome": 65417609, "netIncomeApplicableToCommonShares": 65417609}, {"maxAge": 1, "endDate": "2018-03-31", "totalRevenue": 3493479306, "costOfRevenue": 3373885723, "grossProfit": 119593583, "researchDevelopment": {}, "sellingGeneralAdministrative": 6634366, "nonRecurring": {}, "otherOperatingExpenses": 30563411, "totalOperatingExpenses": 3418199004, "operatingIncome": 75280302, "totalOtherIncomeExpenseNet": 6635707, "ebit": 75280302, "interestExpense": -17896115, "incomeBeforeTax": 81916009, "incomeTaxExpense": 20140115, "minorityInterest": {}, "netIncomeFromContinuingOps": 61775894, "discontinuedOperations": {}, "extraordinaryItems": {}, "effectOfAccountingCharges": {}, "otherItems": {}, "netIncome": 61775894, "netIncomeApplicableToCommonShares": 61775894}, {"maxAge": 1, "endDate": "2017-03-31", "totalRevenue": 3959670409, "costOfRevenue": 3832460000, "grossProfit": 127210409, "researchDevelopment": {}, "sellingGeneralAdministrative": 5782586, "nonRecurring": {}, "otherOperatingExpenses": 23245340, "totalOperatingExpenses": 3867889882, "operatingIncome": 91780527, "totalOtherIncomeExpenseNet": -11996710, "ebit": 91780527, "interestExpense": -42477243, "incomeBeforeTax": 79783817, "incomeTaxExpense": 25045181, "minorityInterest": {}, "netIncomeFromContinuingOps": 54738636, "discontinuedOperations": {}, "extraordinaryItems": {}, "effectOfAccountingCharges": {}, "otherItems": {}, "netIncome": 54738636, "netIncomeApplicableToCommonShares": 54738636}], "maxAge": 86400}, "fundOwnership": {"ownershipList": [], "maxAge": 1}, "summaryDetail": {"maxAge": 1, "priceHint": 2, "previousClose": 29.55, "open": 30.15, "dayLow": 29.5, "dayHigh": 30.65, "regularMarketPreviousClose": 29.55, "regularMarketOpen": 30.15, "regularMarketDayLow": 29.5, "regularMarketDayHigh": 30.65, "trailingPE": 13.773148, "forwardPE": 9.722222, "volume": 140408, "regularMarketVolume": 140408, "averageVolume": 67038, "averageVolume10days": 22939, "averageDailyVolume10Day": 22939, "bid": 29.7, "ask": 29.95, "bidSize": 0, "askSize": 0, "marketCap": 695694848, "fiftyTwoWeekLow": 11.5, "fiftyTwoWeekHigh": 42.0, "fiftyDayAverage": 28.422728, "twoHundredDayAverage": 27.204044, "trailingAnnualDividendRate": 0.0, "trailingAnnualDividendYield": 0.0, "currency": "INR", "fromCurrency": null, "lastMarket": null, "algorithm": null, "tradeable": false}, "sectorTrend": {"maxAge": 1, "symbol": null, "estimates": []}, "incomeStatementHistoryQuarterly": {"incomeStatementHistory": [{"maxAge": 1, "endDate": "2020-06-30", "totalRevenue": 252177000, "costOfRevenue": 225990000, "grossProfit": 26187000, "researchDevelopment": {}, "sellingGeneralAdministrative": 4556000, "nonRecurring": {}, "otherOperatingExpenses": 6521000, "totalOperatingExpenses": 239302000, "operatingIncome": 12875000, "totalOtherIncomeExpenseNet": 2710000, "ebit": 12875000, "interestExpense": -4664000, "incomeBeforeTax": 15585000, "incomeTaxExpense": 2000000, "minorityInterest": {}, "netIncomeFromContinuingOps": 13585000, "discontinuedOperations": {}, "extraordinaryItems": {}, "effectOfAccountingCharges": {}, "otherItems": {}, "netIncome": 13585000, "netIncomeApplicableToCommonShares": 13585000}, {"maxAge": 1, "endDate": "2020-03-31", "totalRevenue": 1106811000, "costOfRevenue": 1097744000, "grossProfit": 9067000, "researchDevelopment": {}, "sellingGeneralAdministrative": 26196000, "nonRecurring": {}, "otherOperatingExpenses": -12217000, "totalOperatingExpenses": 1112847000, "operatingIncome": -6036000, "totalOtherIncomeExpenseNet": 30475000, "ebit": -6036000, "interestExpense": -3697000, "incomeBeforeTax": 24439000, "incomeTaxExpense": 14484000, "minorityInterest": {}, "netIncomeFromContinuingOps": 9955000, "discontinuedOperations": {}, "extraordinaryItems": {}, "effectOfAccountingCharges": {}, "otherItems": {}, "netIncome": 9955000, "netIncomeApplicableToCommonShares": 9955000}, {"maxAge": 1, "endDate": "2019-12-31", "totalRevenue": 596482000, "costOfRevenue": 558225000, "grossProfit": 38257000, "researchDevelopment": {}, "sellingGeneralAdministrative": 16247000, "nonRecurring": {}, "otherOperatingExpenses": 8854000, "totalOperatingExpenses": 585869000, "operatingIncome": 10613000, "totalOtherIncomeExpenseNet": 3408000, "ebit": 10613000, "interestExpense": -5049000, "incomeBeforeTax": 14021000, "incomeTaxExpense": 0, "minorityInterest": {}, "netIncomeFromContinuingOps": 14021000, "discontinuedOperations": {}, "extraordinaryItems": {}, "effectOfAccountingCharges": {}, "otherItems": {}, "netIncome": 14021000, "netIncomeApplicableToCommonShares": 14021000}, {"maxAge": 1, "endDate": "2019-09-30", "totalRevenue": 635564000, "costOfRevenue": 610786000, "grossProfit": 24778000, "researchDevelopment": {}, "sellingGeneralAdministrative": 10260000, "nonRecurring": {}, "otherOperatingExpenses": 3363000, "totalOperatingExpenses": 627171000, "operatingIncome": 8393000, "totalOtherIncomeExpenseNet": 4575000, "ebit": 8393000, "interestExpense": -4598000, "incomeBeforeTax": 12968000, "incomeTaxExpense": 0, "minorityInterest": {}, "netIncomeFromContinuingOps": 12968000, "discontinuedOperations": {}, "extraordinaryItems": {}, "effectOfAccountingCharges": {}, "otherItems": {}, "netIncome": 12968000, "netIncomeApplicableToCommonShares": 12968000}], "maxAge": 86400}, "cashflowStatementHistoryQuarterly": {"cashflowStatements": [{"maxAge": 1, "endDate": "2020-06-30", "netIncome": 13585000, "changeToLiabilities": 0}, {"maxAge": 1, "endDate": "2020-03-31", "netIncome": 9955000, "changeToLiabilities": 0}, {"maxAge": 1, "endDate": "2019-12-31", "netIncome": 14021000, "changeToLiabilities": 0}, {"maxAge": 1, "endDate": "2019-09-30", "netIncome": 12968000, "changeToLiabilities": 0}], "maxAge": 86400}, "insiderHolders": {"holders": [{"maxAge": 1, "name": "Ghatalia (Bina Rajesh)", "relation": "UNREPORTED", "url": "", "transactionDescription": "Other", "latestTransDate": "2020-10-05", "positionIndirect": 3350834, "positionIndirectDate": 1601856000}, {"maxAge": 1, "name": "Ghatalia (Damayanti Pranlal)", "relation": "Promoter", "url": "", "transactionDescription": "Sale", "latestTransDate": "2014-11-07", "positionDirect": 1042337, "positionDirectDate": "2014-11-07"}, {"maxAge": 1, "name": "Ghatalia (Mira Mihir)", "relation": "Managing Director", "url": "", "transactionDescription": "Other", "latestTransDate": "2017-09-14", "positionDirect": 440000, "positionDirectDate": "2017-09-14"}, {"maxAge": 1, "name": "Ghatalia (Nimit Rajesh)", "relation": "UNREPORTED", "url": "", "transactionDescription": "Other", "latestTransDate": "2017-09-14", "positionDirect": 2000000, "positionDirectDate": "2017-09-14"}, {"maxAge": 1, "name": "Ghatalia (Rajesh Pranlal)", "relation": "UNREPORTED", "url": "", "transactionDescription": "Sale", "latestTransDate": "2013-10-04", "positionDirect": 116726, "positionDirectDate": "2013-10-04"}, {"maxAge": 1, "name": "Mehta (Chetan Kirti)", "relation": "Director (Non-Executive)", "url": "", "transactionDescription": "Sale", "latestTransDate": "2010-02-04", "positionDirect": 7066, "positionDirectDate": "2010-02-04"}, {"maxAge": 1, "name": "Mehta (Priti Chetan)", "relation": "UNREPORTED", "url": "", "transactionDescription": "Sale", "latestTransDate": "2012-12-20", "positionDirect": 403177, "positionDirectDate": "2012-12-20"}, {"maxAge": 1, "name": "Nimit Impex Pvt Ltd", "relation": "Promoter", "url": "", "transactionDescription": "Other", "latestTransDate": "2017-09-14", "positionDirect": 1960000, "positionDirectDate": "2017-09-14"}, {"maxAge": 1, "name": "Suraj Tradelinks Pvt Ltd", "relation": "Promoter", "url": "", "transactionDescription": "Other", "latestTransDate": "2017-09-14", "positionDirect": 1960000, "positionDirectDate": "2017-09-14"}], "maxAge": 1}, "earnings": {"maxAge": 86400, "earningsChart": {"quarterly": [], "earningsDate": ["2020-08-25 05:30:S"]}, "financialsChart": {"yearly": [{"date": 2017, "revenue": 3959670409, "earnings": 54738636}, {"date": 2018, "revenue": 3493479306, "earnings": 61775894}, {"date": 2019, "revenue": 3562194360, "earnings": 65417609}, {"date": 2020, "revenue": 3000888000, "earnings": 57935000}], "quarterly": [{"date": "3Q2019", "revenue": 635564000, "earnings": 12968000}, {"date": "4Q2019", "revenue": 596482000, "earnings": 14021000}, {"date": "1Q2020", "revenue": 1106811000, "earnings": 9955000}, {"date": "2Q2020", "revenue": 252177000, "earnings": 13585000}]}, "financialCurrency": "INR"}, "calendarEvents": {"maxAge": 1, "earnings": {"earningsDate": ["2020-08-25 05:30:S"]}}, "upgradeDowngradeHistory": {"history": [], "maxAge": 86400}, "price": {"maxAge": 1, "regularMarketChangePercent": 0.0067682154, "regularMarketChange": 0.20000076, "regularMarketTime": "2021-04-30 15:29:32", "priceHint": 2, "regularMarketPrice": 29.75, "regularMarketDayHigh": 30.65, "regularMarketDayLow": 29.5, "regularMarketVolume": 140408, "averageDailyVolume10Day": 22939, "averageDailyVolume3Month": 67038, "regularMarketPreviousClose": 29.55, "regularMarketSource": "FREE_REALTIME", "regularMarketOpen": 30.15, "exchange": "BSE", "exchangeName": "BSE", "exchangeDataDelayedBy": 0, "marketState": "CLOSED", "quoteType": "EQUITY", "symbol": "AREYDRG.BO", "underlyingSymbol": null, "shortName": "AAREY DRUGS & PHARMACEUTICALS", "longName": "Aarey Drugs &amp; Pharmaceuticals Limited", "currency": "INR", "quoteSourceName": "Delayed Quote", "currencySymbol": "\u20b9", "fromCurrency": null, "lastMarket": null, "marketCap": 695694848}, "balanceSheetHistory": {"balanceSheetStatements": [{"maxAge": 1, "endDate": "2020-03-31", "cash": 5027172, "shortTermInvestments": 46432777, "netReceivables": 961332778, "inventory": 169960270, "otherCurrentAssets": 630686549, "totalCurrentAssets": 1813439546, "longTermInvestments": 4400000, "propertyPlantEquipment": 122992821, "otherAssets": -1, "totalAssets": 1940832366, "accountsPayable": 777496753, "otherCurrentLiab": 46596934, "longTermDebt": 191178, "otherLiab": 14401588, "totalCurrentLiabilities": 1002778034, "totalLiab": 1017370800, "commonStock": 233846840, "treasuryStock": 689614726, "otherStockholderEquity": 689614726, "totalStockholderEquity": 923461566, "netTangibleAssets": 923461566}, {"maxAge": 1, "endDate": "2019-03-31", "cash": 3687424, "netReceivables": 1089832516, "inventory": 212503545, "otherCurrentAssets": 23900695, "totalCurrentAssets": 1329924180, "longTermInvestments": 4003565, "propertyPlantEquipment": 122745600, "otherAssets": 480778, "totalAssets": 1457154123, "accountsPayable": 372785443, "otherCurrentLiab": 39569070, "longTermDebt": 386383, "otherLiab": 14917505, "totalCurrentLiabilities": 576324116, "totalLiab": 591628004, "commonStock": 233846840, "retainedEarnings": 258007226, "treasuryStock": 25150000, "capitalSurplus": 348522053, "otherStockholderEquity": 25150000, "totalStockholderEquity": 865526119, "netTangibleAssets": 865526119}, {"maxAge": 1, "endDate": "2018-03-31", "cash": 33896638, "netReceivables": 952972329, "inventory": 536598471, "otherCurrentAssets": 49418218, "totalCurrentAssets": 1572885656, "longTermInvestments": 4003565, "propertyPlantEquipment": 120547704, "otherAssets": 480778, "totalAssets": 1697917703, "accountsPayable": 759372859, "otherCurrentLiab": 72839586, "longTermDebt": 563947, "otherLiab": 12975055, "totalCurrentLiabilities": 881931716, "totalLiab": 895470718, "commonStock": 233846840, "retainedEarnings": 194928092, "treasuryStock": 25150000, "capitalSurplus": 348522053, "otherStockholderEquity": 25150000, "totalStockholderEquity": 802446985, "netTangibleAssets": 802446985}, {"maxAge": 1, "endDate": "2017-03-31", "cash": 10379162, "netReceivables": 818566121, "inventory": 450160960, "otherCurrentAssets": 19726414, "totalCurrentAssets": 1298832657, "longTermInvestments": 4000000, "propertyPlantEquipment": 121454851, "otherAssets": 668473, "totalAssets": 1424955981, "accountsPayable": 730679527, "otherCurrentLiab": 66757465, "longTermDebt": 725464, "otherLiab": 15335940, "totalCurrentLiabilities": 916991985, "totalLiab": 933053389, "commonStock": 180846840, "retainedEarnings": 133152199, "treasuryStock": 12306670, "capitalSurplus": 165596883, "otherStockholderEquity": 12306670, "totalStockholderEquity": 491902592, "netTangibleAssets": 491902592}], "maxAge": 86400}, "earningsTrend": {"trend": [{"maxAge": 1, "period": "0q", "endDate": null, "growth": {}, "earningsEstimate": {"avg": 0.0, "low": 0.0, "high": 0.0, "yearAgoEps": {}, "numberOfAnalysts": 0, "growth": {}}, "revenueEstimate": {"avg": 0, "low": 0, "high": 0, "numberOfAnalysts": 0, "yearAgoRevenue": {}, "growth": {}}, "epsTrend": {"current": 0.0, "7daysAgo": 0.0, "30daysAgo": 0.0, "60daysAgo": 0.0, "90daysAgo": 0.0}, "epsRevisions": {"upLast7days": 0, "upLast30days": 0, "downLast30days": 0, "downLast90days": {}}}, {"maxAge": 1, "period": "+1q", "endDate": null, "growth": {}, "earningsEstimate": {"avg": 0.0, "low": 0.0, "high": 0.0, "yearAgoEps": {}, "numberOfAnalysts": 0, "growth": {}}, "revenueEstimate": {"avg": 0, "low": 0, "high": 0, "numberOfAnalysts": 0, "yearAgoRevenue": {}, "growth": {}}, "epsTrend": {"current": 0.0, "7daysAgo": 0.0, "30daysAgo": 0.0, "60daysAgo": 0.0, "90daysAgo": 0.0}, "epsRevisions": {"upLast7days": 0, "upLast30days": 0, "downLast30days": 0, "downLast90days": {}}}, {"maxAge": 1, "period": "0y", "endDate": null, "growth": {}, "earningsEstimate": {"avg": 0.0, "low": 0.0, "high": 0.0, "yearAgoEps": {}, "numberOfAnalysts": 0, "growth": {}}, "revenueEstimate": {"avg": 0, "low": 0, "high": 0, "numberOfAnalysts": 0, "yearAgoRevenue": {}, "growth": {}}, "epsTrend": {"current": 0.0, "7daysAgo": 0.0, "30daysAgo": 0.0, "60daysAgo": 0.0, "90daysAgo": 0.0}, "epsRevisions": {"upLast7days": 0, "upLast30days": 0, "downLast30days": 0, "downLast90days": {}}}, {"maxAge": 1, "period": "+1y", "endDate": null, "growth": {}, "earningsEstimate": {"avg": 0.0, "low": 0.0, "high": 0.0, "yearAgoEps": {}, "numberOfAnalysts": 0, "growth": {}}, "revenueEstimate": {"avg": 0, "low": 0, "high": 0, "numberOfAnalysts": 0, "yearAgoRevenue": {}, "growth": {}}, "epsTrend": {"current": 0.0, "7daysAgo": 0.0, "30daysAgo": 0.0, "60daysAgo": 0.0, "90daysAgo": 0.0}, "epsRevisions": {"upLast7days": 0, "upLast30days": 0, "downLast30days": 0, "downLast90days": {}}}, {"maxAge": 1, "period": "+5y", "endDate": null, "growth": {}, "earningsEstimate": {"avg": {}, "low": {}, "high": {}, "yearAgoEps": {}, "numberOfAnalysts": {}, "growth": {}}, "revenueEstimate": {"avg": {}, "low": {}, "high": {}, "numberOfAnalysts": {}, "yearAgoRevenue": {}, "growth": {}}, "epsTrend": {"current": {}, "7daysAgo": {}, "30daysAgo": {}, "60daysAgo": {}, "90daysAgo": {}}, "epsRevisions": {"upLast7days": {}, "upLast30days": {}, "downLast30days": {}, "downLast90days": {}}}, {"maxAge": 1, "period": "-5y", "endDate": null, "growth": {}, "earningsEstimate": {"avg": {}, "low": {}, "high": {}, "yearAgoEps": {}, "numberOfAnalysts": {}, "growth": {}}, "revenueEstimate": {"avg": {}, "low": {}, "high": {}, "numberOfAnalysts": {}, "yearAgoRevenue": {}, "growth": {}}, "epsTrend": {"current": {}, "7daysAgo": {}, "30daysAgo": {}, "60daysAgo": {}, "90daysAgo": {}}, "epsRevisions": {"upLast7days": {}, "upLast30days": {}, "downLast30days": {}, "downLast90days": {}}}], "maxAge": 1}, "financialData": {"maxAge": 86400, "currentPrice": 29.75, "recommendationKey": "none", "grossProfits": 99072000, "financialCurrency": "INR"}}}