{"ARFIN.BO": {"recommendationTrend": {"trend": [{"period": "0m", "strongBuy": 0, "buy": 0, "hold": 0, "sell": 0, "strongSell": 0}, {"period": "-1m", "strongBuy": 0, "buy": 0, "hold": 0, "sell": 0, "strongSell": 0}, {"period": "-2m", "strongBuy": 0, "buy": 0, "hold": 0, "sell": 0, "strongSell": 0}, {"period": "-3m", "strongBuy": 0, "buy": 0, "hold": 0, "sell": 0, "strongSell": 0}], "maxAge": 86400}, "cashflowStatementHistory": {"cashflowStatements": [{"maxAge": 1, "endDate": "2020-03-31", "netIncome": -215718000, "depreciation": 26572000, "changeToNetincome": 127044000, "changeToAccountReceivables": 215420000, "changeToLiabilities": 9915000, "changeToInventory": 67161000, "changeToOperatingActivities": 4296000, "totalCashFromOperatingActivities": 234690000, "capitalExpenditures": -107422000, "otherCashflowsFromInvestingActivities": 48670000, "totalCashflowsFromInvestingActivities": -54972000, "netBorrowings": -43256000, "otherCashflowsFromFinancingActivities": -136151000, "totalCashFromFinancingActivities": -179407000, "changeInCash": 311000}, {"maxAge": 1, "endDate": "2019-03-31", "netIncome": 65616000, "depreciation": 20386000, "changeToNetincome": 39192000, "changeToAccountReceivables": 272603000, "changeToLiabilities": -30330000, "changeToInventory": -226244000, "changeToOperatingActivities": -9532000, "totalCashFromOperatingActivities": 131691000, "capitalExpenditures": -174928000, "otherCashflowsFromInvestingActivities": 5428000, "totalCashflowsFromInvestingActivities": -168664000, "dividendsPaid": -26488000, "netBorrowings": 184392000, "otherCashflowsFromFinancingActivities": -121923000, "totalCashFromFinancingActivities": 35981000, "changeInCash": -992000}, {"maxAge": 1, "endDate": "2018-03-31", "netIncome": 217006000, "depreciation": 15613000, "changeToNetincome": 142345000, "changeToAccountReceivables": -236327000, "changeToLiabilities": -146025000, "changeToInventory": -89530000, "changeToOperatingActivities": -4087000, "totalCashFromOperatingActivities": -101005000, "capitalExpenditures": -205870000, "otherCashflowsFromInvestingActivities": 827000, "totalCashflowsFromInvestingActivities": -201867000, "dividendsPaid": -8103000, "netBorrowings": 336794000, "otherCashflowsFromFinancingActivities": -94571000, "totalCashFromFinancingActivities": 302696000, "changeInCash": -176000, "issuanceOfStock": 68576000}, {"maxAge": 1, "endDate": "2017-03-31", "netIncome": 130093000, "depreciation": 11894000, "changeToNetincome": 91459000, "changeToAccountReceivables": -243271000, "changeToLiabilities": -108734000, "changeToInventory": -94789000, "changeToOperatingActivities": -3002000, "totalCashFromOperatingActivities": -216350000, "capitalExpenditures": -45359000, "investments": -32730000, "otherCashflowsFromInvestingActivities": 4676000, "totalCashflowsFromInvestingActivities": -73028000, "dividendsPaid": -5295000, "netBorrowings": 175776000, "otherCashflowsFromFinancingActivities": -60063000, "totalCashFromFinancingActivities": 291168000, "changeInCash": 1789000, "issuanceOfStock": 180750000}], "maxAge": 86400}, "institutionOwnership": {"ownershipList": [], "maxAge": 1}, "balanceSheetHistoryQuarterly": {"balanceSheetStatements": [{"maxAge": 1, "endDate": "2020-06-30", "totalStockholderEquity": 648800000, "netTangibleAssets": 648800000}, {"maxAge": 1, "endDate": "2020-03-31", "cash": 1913000, "shortTermInvestments": 1238000, "netReceivables": 315218000, "inventory": 962348000, "otherCurrentAssets": 102004000, "totalCurrentAssets": 1385045000, "propertyPlantEquipment": 586417000, "otherAssets": 18959000, "totalAssets": 1990421000, "accountsPayable": 184344000, "shortLongTermDebt": 25426000, "otherCurrentLiab": 4638000, "longTermDebt": 131375000, "otherLiab": 44558000, "deferredLongTermLiab": 8554000, "totalCurrentLiabilities": 1165688000, "totalLiab": 1341621000, "commonStock": 158924000, "retainedEarnings": 208331000, "treasuryStock": 66709000, "capitalSurplus": 214836000, "otherStockholderEquity": 66709000, "totalStockholderEquity": 648800000, "netTangibleAssets": 648800000}, {"maxAge": 1, "endDate": "2019-12-31", "totalStockholderEquity": 893058000, "netTangibleAssets": 893058000}, {"maxAge": 1, "endDate": "2019-09-30", "cash": 29398000, "shortTermInvestments": 653000, "netReceivables": 543303000, "inventory": 1124379000, "otherCurrentAssets": 47615000, "totalCurrentAssets": 1744695000, "longTermInvestments": 48336000, "propertyPlantEquipment": 574587000, "otherAssets": 20443000, "totalAssets": 2388061000, "accountsPayable": 205410000, "shortLongTermDebt": 23874000, "otherCurrentLiab": 17891000, "longTermDebt": 149605000, "otherLiab": 33325000, "deferredLongTermLiab": 9611000, "totalCurrentLiabilities": 1312073000, "totalLiab": 1495003000, "commonStock": 158924000, "treasuryStock": 734134000, "otherStockholderEquity": 734134000, "totalStockholderEquity": 893058000, "netTangibleAssets": 893058000}], "maxAge": 86400}, "earningsHistory": {"history": [{"maxAge": 1, "epsActual": {}, "epsEstimate": {}, "epsDifference": {}, "surprisePercent": {}, "quarter": {}, "period": "-4q"}, {"maxAge": 1, "epsActual": {}, "epsEstimate": {}, "epsDifference": {}, "surprisePercent": {}, "quarter": {}, "period": "-3q"}, {"maxAge": 1, "epsActual": 3.98, "epsEstimate": 5.23, "epsDifference": -1.25, "surprisePercent": -0.239, "quarter": "2018-03-31", "period": "-2q"}, {"maxAge": 1, "epsActual": 2.12, "epsEstimate": 4.28, "epsDifference": -2.16, "surprisePercent": -0.505, "quarter": "2018-06-30", "period": "-1q"}], "maxAge": 86400}, "indexTrend": {"maxAge": 1, "symbol": "SP5", "peRatio": 19.7411, "pegRatio": 1.34172, "estimates": [{"period": "0q", "growth": 0.549}, {"period": "+1q", "growth": 0.431}, {"period": "0y", "growth": 0.305}, {"period": "+1y", "growth": 0.109}, {"period": "+5y", "growth": 0.120859005}, {"period": "-5y"}]}, "industryTrend": {"maxAge": 1, "symbol": null, "estimates": []}, "insiderTransactions": {"transactions": [{"maxAge": 1, "shares": 1273864, "filerUrl": "", "transactionText": "", "filerName": "Shah (Rani Jatin)", "filerRelation": "Promoter", "moneyText": "", "startDate": "2018-03-28", "ownership": "D"}, {"maxAge": 1, "shares": 541500, "filerUrl": "", "transactionText": "", "filerName": "Shah (Jatin Mahendra Shah) HUF", "filerRelation": "Promoter", "moneyText": "", "startDate": "2018-03-28", "ownership": "D"}, {"maxAge": 1, "shares": 1202392, "filerUrl": "", "transactionText": "", "filerName": "Shah (Pushpa Mahendrakumar)", "filerRelation": "Promoter", "moneyText": "", "startDate": "2018-03-28", "ownership": "D"}, {"maxAge": 1, "shares": 1487728, "filerUrl": "", "transactionText": "", "filerName": "Shah (Jatin Mahendrakumar)", "filerRelation": "Promoter", "moneyText": "", "startDate": "2018-03-28", "ownership": "D"}, {"maxAge": 1, "shares": 75000, "filerUrl": "", "transactionText": "", "filerName": "Shah (Krish Jatin)", "filerRelation": "Promoter", "moneyText": "", "startDate": "2018-03-28", "ownership": "D"}, {"maxAge": 1, "shares": 225000, "filerUrl": "", "transactionText": "", "filerName": "Shah (Krish Jatin)", "filerRelation": "Promoter", "moneyText": "", "startDate": "2018-03-28", "ownership": "D"}, {"maxAge": 1, "shares": 1469488, "filerUrl": "", "transactionText": "", "filerName": "Shah (Pooja Mahendrabhai)", "filerRelation": "Promoter", "moneyText": "", "startDate": "2018-03-28", "ownership": "D"}, {"maxAge": 1, "shares": 2002688, "filerUrl": "", "transactionText": "", "filerName": "Shah (Pooja Mahendrabhai)", "filerRelation": "Promoter", "moneyText": "", "startDate": "2018-03-28", "ownership": "D"}, {"maxAge": 1, "shares": 30000, "filerUrl": "", "transactionText": "", "filerName": "Shah (Rani Jatin)", "filerRelation": "Promoter", "moneyText": "", "startDate": "2017-01-11", "ownership": "D"}, {"maxAge": 1, "shares": 75000, "filerUrl": "", "transactionText": "", "filerName": "Shah (Pushpa Mahendrakumar)", "filerRelation": "Director (Executive)", "moneyText": "", "startDate": "2017-01-11", "ownership": "D"}, {"maxAge": 1, "shares": 55000, "filerUrl": "", "transactionText": "", "filerName": "Shah (Jatin Mahendrakumar)", "filerRelation": "Managing Director", "moneyText": "", "startDate": "2017-01-11", "ownership": "D"}, {"maxAge": 1, "shares": 75000, "filerUrl": "", "transactionText": "", "filerName": "Shah (Mahendrakumar Rikhavchand)", "filerRelation": "Wholetime Director", "moneyText": "", "startDate": "2017-01-11", "ownership": "D"}, {"maxAge": 1, "shares": 80000, "filerUrl": "", "transactionText": "", "filerName": "Shah (Mahendrakumar Rikhavchand)", "filerRelation": "Wholetime Director", "moneyText": "", "startDate": "2017-01-05", "ownership": "D"}, {"maxAge": 1, "shares": 70000, "filerUrl": "", "transactionText": "", "filerName": "Shah (Rani Jatin)", "filerRelation": "Promoter", "moneyText": "", "startDate": "2017-01-05", "ownership": "D"}, {"maxAge": 1, "shares": 80000, "filerUrl": "", "transactionText": "", "filerName": "Shah (Pushpa Mahendrakumar)", "filerRelation": "Director (Executive)", "moneyText": "", "startDate": "2017-01-05", "ownership": "D"}, {"maxAge": 1, "shares": 100000, "filerUrl": "", "transactionText": "", "filerName": "Shah (Jatin Mahendrakumar)", "filerRelation": "Managing Director", "moneyText": "", "startDate": "2017-01-05", "ownership": "D"}, {"maxAge": 1, "shares": 1000, "filerUrl": "", "transactionText": "", "filerName": "Shah (Pooja Mahendrabhai)", "filerRelation": "UNREPORTED", "moneyText": "", "startDate": "2016-07-05", "ownership": "D"}, {"maxAge": 1, "shares": 5000, "filerUrl": "", "transactionText": "", "filerName": "Shah (Mahendrakumar Rikhavchand)", "filerRelation": "Wholetime Director", "moneyText": "", "startDate": "2016-07-05", "ownership": "D"}, {"maxAge": 1, "shares": 2000, "filerUrl": "", "transactionText": "", "filerName": "Shah (Pushpa Mahendrakumar)", "filerRelation": "Director (Executive)", "moneyText": "", "startDate": "2016-07-05", "ownership": "D"}, {"maxAge": 1, "shares": 1000, "filerUrl": "", "transactionText": "", "filerName": "Shah (Jatin Mahendrakumar)", "filerRelation": "Managing Director", "moneyText": "", "startDate": "2016-07-05", "ownership": "D"}, {"maxAge": 1, "shares": 1000, "filerUrl": "", "transactionText": "", "filerName": "Jatin (Mahendrakumar) HUF", "filerRelation": "Promoter", "moneyText": "", "startDate": "2016-07-05", "ownership": "D"}, {"maxAge": 1, "shares": 1800, "filerUrl": "", "transactionText": "", "filerName": "Jatin (Mahendrakumar) HUF", "filerRelation": "UNREPORTED", "moneyText": "", "startDate": "2016-06-20", "ownership": "D"}, {"maxAge": 1, "shares": 2000, "filerUrl": "", "transactionText": "", "filerName": "Shah (Pooja Mahendrabhai)", "filerRelation": "Promoter", "moneyText": "", "startDate": "2016-06-20", "ownership": "D"}, {"maxAge": 1, "shares": 2000, "filerUrl": "", "transactionText": "", "filerName": "Shah (Mahendrakumar Rikhavchand)", "filerRelation": "Wholetime Director", "moneyText": "", "startDate": "2016-06-20", "ownership": "D"}, {"maxAge": 1, "shares": 2000, "filerUrl": "", "transactionText": "", "filerName": "Shah (Pushpa Mahendrakumar)", "filerRelation": "Director (Executive)", "moneyText": "", "startDate": "2016-06-20", "ownership": "D"}, {"maxAge": 1, "shares": 2000, "filerUrl": "", "transactionText": "", "filerName": "Shah (Jatin Mahendrakumar)", "filerRelation": "Managing Director", "moneyText": "", "startDate": "2016-06-20", "ownership": "D"}, {"maxAge": 1, "shares": 2000, "filerUrl": "", "transactionText": "", "filerName": "Shah (Pushpa Mahendrakumar)", "filerRelation": "Director (Executive)", "moneyText": "", "startDate": "2016-04-21", "ownership": "D"}, {"maxAge": 1, "shares": 7000, "filerUrl": "", "transactionText": "", "filerName": "Shah (Mahendrakumar Rikhavchand)", "filerRelation": "Chairman of the Board", "moneyText": "", "startDate": "2016-04-21", "ownership": "D"}, {"maxAge": 1, "shares": 2000, "filerUrl": "", "transactionText": "", "filerName": "Shah (Jatin Mahendrakumar)", "filerRelation": "Managing Director", "moneyText": "", "startDate": "2016-04-21", "ownership": "D"}], "maxAge": 1}, "quoteType": {"exchange": "BSE", "quoteType": "EQUITY", "symbol": "ARFIN.BO", "underlyingSymbol": "ARFIN.BO", "shortName": "Arfin India Limited", "longName": "Arfin India Limited", "firstTradeDateEpochUtc": "2015-05-29 09:15:00", "timeZoneFullName": "Asia/Kolkata", "timeZoneShortName": "IST", "uuid": "f98c3c83-2bcb-35e5-92a9-75c2f6ed2752", "gmtOffSetMilliseconds": 19800000, "maxAge": 1}, "incomeStatementHistory": {"incomeStatementHistory": [{"maxAge": 1, "endDate": "2020-03-31", "totalRevenue": 3585727000, "costOfRevenue": 2961509000, "grossProfit": 624218000, "researchDevelopment": {}, "sellingGeneralAdministrative": 51774000, "nonRecurring": {}, "otherOperatingExpenses": 377297000, "totalOperatingExpenses": 3417152000, "operatingIncome": 168575000, "totalOtherIncomeExpenseNet": -372834000, "ebit": 168575000, "interestExpense": -121541000, "incomeBeforeTax": -204259000, "incomeTaxExpense": 11459000, "minorityInterest": {}, "netIncomeFromContinuingOps": -215718000, "discontinuedOperations": {}, "extraordinaryItems": {}, "effectOfAccountingCharges": {}, "otherItems": {}, "netIncome": -215718000, "netIncomeApplicableToCommonShares": -215718000}, {"maxAge": 1, "endDate": "2019-03-31", "totalRevenue": 4128805000, "costOfRevenue": 3345708000, "grossProfit": 783097000, "researchDevelopment": {}, "sellingGeneralAdministrative": 80762000, "nonRecurring": {}, "otherOperatingExpenses": 467202000, "totalOperatingExpenses": 3914058000, "operatingIncome": 214747000, "totalOtherIncomeExpenseNet": -113230000, "ebit": 214747000, "interestExpense": -104448000, "incomeBeforeTax": 101517000, "incomeTaxExpense": 35901000, "minorityInterest": {}, "netIncomeFromContinuingOps": 65616000, "discontinuedOperations": {}, "extraordinaryItems": {}, "effectOfAccountingCharges": {}, "otherItems": {}, "netIncome": 65616000, "netIncomeApplicableToCommonShares": 65616000}, {"maxAge": 1, "endDate": "2018-03-31", "totalRevenue": 4662073000, "costOfRevenue": 3761159000, "grossProfit": 900914000, "researchDevelopment": {}, "sellingGeneralAdministrative": 62679000, "nonRecurring": {}, "otherOperatingExpenses": 387789000, "totalOperatingExpenses": 4227240000, "operatingIncome": 434833000, "totalOtherIncomeExpenseNet": -94864000, "ebit": 434833000, "interestExpense": -89675000, "incomeBeforeTax": 339969000, "incomeTaxExpense": 122963000, "minorityInterest": {}, "netIncomeFromContinuingOps": 217006000, "discontinuedOperations": {}, "extraordinaryItems": {}, "effectOfAccountingCharges": {}, "otherItems": {}, "netIncome": 217006000, "netIncomeApplicableToCommonShares": 217006000}, {"maxAge": 1, "endDate": "2017-03-31", "totalRevenue": 3437954000, "costOfRevenue": 2853965000, "grossProfit": 583989000, "researchDevelopment": {}, "sellingGeneralAdministrative": 44060000, "nonRecurring": {}, "otherOperatingExpenses": 266796000, "totalOperatingExpenses": 3176715000, "operatingIncome": 261239000, "totalOtherIncomeExpenseNet": -58334000, "ebit": 261239000, "interestExpense": -53855000, "incomeBeforeTax": 202905000, "incomeTaxExpense": 72812000, "minorityInterest": {}, "netIncomeFromContinuingOps": 130093000, "discontinuedOperations": {}, "extraordinaryItems": {}, "effectOfAccountingCharges": {}, "otherItems": {}, "netIncome": 130093000, "netIncomeApplicableToCommonShares": 130093000}], "maxAge": 86400}, "fundOwnership": {"ownershipList": [], "maxAge": 1}, "summaryDetail": {"maxAge": 1, "priceHint": 2, "previousClose": 59.8, "open": 58.0, "dayLow": 57.1, "dayHigh": 59.8, "regularMarketPreviousClose": 59.8, "regularMarketOpen": 58.0, "regularMarketDayLow": 57.1, "regularMarketDayHigh": 59.8, "forwardPE": 2.8169708, "volume": 274, "regularMarketVolume": 274, "averageVolume": 3272, "averageVolume10days": 2659, "averageDailyVolume10Day": 2659, "bid": 57.5, "ask": 59.8, "bidSize": 0, "askSize": 0, "marketCap": 907456000, "fiftyTwoWeekLow": 21.65, "fiftyTwoWeekHigh": 74.8, "fiftyDayAverage": 58.92576, "twoHundredDayAverage": 42.23015, "trailingAnnualDividendRate": 1.667, "trailingAnnualDividendYield": 0.027876256, "currency": "INR", "fromCurrency": null, "lastMarket": null, "algorithm": null, "tradeable": false}, "sectorTrend": {"maxAge": 1, "symbol": null, "estimates": []}, "incomeStatementHistoryQuarterly": {"incomeStatementHistory": [{"maxAge": 1, "endDate": "2020-06-30", "totalRevenue": 406248000, "costOfRevenue": 334338000, "grossProfit": 71910000, "researchDevelopment": {}, "sellingGeneralAdministrative": 8381000, "nonRecurring": {}, "otherOperatingExpenses": 33686000, "totalOperatingExpenses": 383381000, "operatingIncome": 22867000, "totalOtherIncomeExpenseNet": -19375000, "ebit": 22867000, "interestExpense": -31047000, "incomeBeforeTax": 3492000, "incomeTaxExpense": 3016000, "minorityInterest": {}, "netIncomeFromContinuingOps": 476000, "discontinuedOperations": {}, "extraordinaryItems": {}, "effectOfAccountingCharges": {}, "otherItems": {}, "netIncome": 476000, "netIncomeApplicableToCommonShares": 476000}, {"maxAge": 1, "endDate": "2020-03-31", "totalRevenue": 779631000, "costOfRevenue": 579147000, "grossProfit": 200484000, "researchDevelopment": {}, "sellingGeneralAdministrative": 14631000, "nonRecurring": {}, "otherOperatingExpenses": 172358000, "totalOperatingExpenses": 773191000, "operatingIncome": 6440000, "totalOtherIncomeExpenseNet": -272750000, "ebit": 6440000, "interestExpense": -16185000, "incomeBeforeTax": -266310000, "incomeTaxExpense": -9718000, "minorityInterest": {}, "netIncomeFromContinuingOps": -256592000, "discontinuedOperations": {}, "extraordinaryItems": {}, "effectOfAccountingCharges": {}, "otherItems": {}, "netIncome": -256592000, "netIncomeApplicableToCommonShares": -256592000}, {"maxAge": 1, "endDate": "2019-12-31", "totalRevenue": 1036798000, "costOfRevenue": 858094000, "grossProfit": 178704000, "researchDevelopment": {}, "sellingGeneralAdministrative": 12830000, "nonRecurring": {}, "otherOperatingExpenses": 96083000, "totalOperatingExpenses": 974053000, "operatingIncome": 62745000, "totalOtherIncomeExpenseNet": -36364000, "ebit": 62745000, "interestExpense": -38667000, "incomeBeforeTax": 26381000, "incomeTaxExpense": 15501000, "minorityInterest": {}, "netIncomeFromContinuingOps": 10880000, "discontinuedOperations": {}, "extraordinaryItems": {}, "effectOfAccountingCharges": {}, "otherItems": {}, "netIncome": 10880000, "netIncomeApplicableToCommonShares": 10880000}, {"maxAge": 1, "endDate": "2019-09-30", "totalRevenue": 811312000, "costOfRevenue": 686372000, "grossProfit": 124940000, "researchDevelopment": {}, "sellingGeneralAdministrative": 12551000, "nonRecurring": {}, "otherOperatingExpenses": 53823000, "totalOperatingExpenses": 759475000, "operatingIncome": 51837000, "totalOtherIncomeExpenseNet": -32047000, "ebit": 51837000, "interestExpense": -33919000, "incomeBeforeTax": 19790000, "incomeTaxExpense": 352000, "minorityInterest": {}, "netIncomeFromContinuingOps": 19438000, "discontinuedOperations": {}, "extraordinaryItems": {}, "effectOfAccountingCharges": {}, "otherItems": {}, "netIncome": 19438000, "netIncomeApplicableToCommonShares": 19438000}], "maxAge": 86400}, "cashflowStatementHistoryQuarterly": {"cashflowStatements": [{"maxAge": 1, "endDate": "2020-06-30", "netIncome": 476000, "changeToLiabilities": 0}, {"maxAge": 1, "endDate": "2020-03-31", "netIncome": -256592000, "changeToLiabilities": 0}, {"maxAge": 1, "endDate": "2019-12-31", "netIncome": 10880000, "changeToLiabilities": 0}, {"maxAge": 1, "endDate": "2019-09-30", "netIncome": 19438000, "changeToLiabilities": 0}], "maxAge": 86400}, "insiderHolders": {"holders": [{"maxAge": 1, "name": "Jatin (Mahendrakumar) HUF", "relation": "Promoter", "url": "", "transactionDescription": "Acquisition", "latestTransDate": "2016-07-05", "positionDirect": 180500, "positionDirectDate": "2016-07-05"}, {"maxAge": 1, "name": "Shah (Jatin Mahendra Shah) HUF", "relation": "Promoter", "url": "", "transactionDescription": "Other", "latestTransDate": "2018-03-28", "positionDirect": 541500, "positionDirectDate": "2018-03-28"}, {"maxAge": 1, "name": "Shah (Jatin Mahendrakumar)", "relation": "Promoter", "url": "", "transactionDescription": "Other", "latestTransDate": "2018-03-28", "positionDirect": 2096628, "positionDirectDate": "2018-03-28"}, {"maxAge": 1, "name": "Shah (Krish Jatin)", "relation": "Promoter", "url": "", "transactionDescription": "Other", "latestTransDate": "2018-03-28", "positionDirect": 75000, "positionDirectDate": "2018-03-28"}, {"maxAge": 1, "name": "Shah (Mahendrakumar Rikhavchand)", "relation": "Wholetime Director", "url": "", "transactionDescription": "Other", "latestTransDate": "2017-01-11", "positionDirect": 682400, "positionDirectDate": "2017-01-11"}, {"maxAge": 1, "name": "Shah (Pooja Mahendrabhai)", "relation": "Promoter", "url": "", "transactionDescription": "Other", "latestTransDate": "2018-03-28", "positionDirect": 668700, "positionDirectDate": "2018-03-28"}, {"maxAge": 1, "name": "Shah (Pushpa Mahendrakumar)", "relation": "Promoter", "url": "", "transactionDescription": "Other", "latestTransDate": "2018-03-28", "positionDirect": 1800092, "positionDirectDate": "2018-03-28"}, {"maxAge": 1, "name": "Shah (Rani Jatin)", "relation": "Promoter", "url": "", "transactionDescription": "Other", "latestTransDate": "2018-03-28", "positionDirect": 1777764, "positionDirectDate": "2018-03-28"}], "maxAge": 1}, "earnings": {"maxAge": 86400, "earningsChart": {"quarterly": [{"date": "1Q2018", "actual": 3.98, "estimate": 5.23}, {"date": "2Q2018", "actual": 2.12, "estimate": 4.28}], "currentQuarterEstimateDate": "3Q", "currentQuarterEstimateYear": 2018, "earningsDate": ["2020-07-31 05:30:S"]}, "financialsChart": {"yearly": [{"date": 2017, "revenue": 3437954000, "earnings": 130093000}, {"date": 2018, "revenue": 4662073000, "earnings": 217006000}, {"date": 2019, "revenue": 4128805000, "earnings": 65616000}, {"date": 2020, "revenue": 3585727000, "earnings": -215718000}], "quarterly": [{"date": "3Q2019", "revenue": 811312000, "earnings": 19438000}, {"date": "4Q2019", "revenue": 1036798000, "earnings": 10880000}, {"date": "1Q2020", "revenue": 779631000, "earnings": -256592000}, {"date": "2Q2020", "revenue": 406248000, "earnings": 476000}]}, "financialCurrency": "INR"}, "calendarEvents": {"maxAge": 1, "earnings": {"earningsDate": ["2020-07-31 05:30:S"]}}, "upgradeDowngradeHistory": {"history": [], "maxAge": 86400}, "price": {"maxAge": 1, "regularMarketChangePercent": -0.045150515, "regularMarketChange": -2.7000008, "regularMarketTime": "2021-04-30 15:01:09", "priceHint": 2, "regularMarketPrice": 57.1, "regularMarketDayHigh": 59.8, "regularMarketDayLow": 57.1, "regularMarketVolume": 274, "averageDailyVolume10Day": 2659, "averageDailyVolume3Month": 3272, "regularMarketPreviousClose": 59.8, "regularMarketSource": "FREE_REALTIME", "regularMarketOpen": 58.0, "exchange": "BSE", "exchangeName": "BSE", "exchangeDataDelayedBy": 0, "marketState": "CLOSED", "quoteType": "EQUITY", "symbol": "ARFIN.BO", "underlyingSymbol": null, "shortName": "Arfin India Limited", "longName": "Arfin India Limited", "currency": "INR", "quoteSourceName": "Delayed Quote", "currencySymbol": "\u20b9", "fromCurrency": null, "lastMarket": null, "marketCap": 907456000}, "balanceSheetHistory": {"balanceSheetStatements": [{"maxAge": 1, "endDate": "2020-03-31", "cash": 1913000, "shortTermInvestments": 1238000, "netReceivables": 315218000, "inventory": 962348000, "otherCurrentAssets": 102004000, "totalCurrentAssets": 1385045000, "propertyPlantEquipment": 586417000, "otherAssets": 18959000, "totalAssets": 1990421000, "accountsPayable": 184344000, "shortLongTermDebt": 25426000, "otherCurrentLiab": 4638000, "longTermDebt": 131375000, "otherLiab": 44558000, "deferredLongTermLiab": 8554000, "totalCurrentLiabilities": 1165688000, "totalLiab": 1341621000, "commonStock": 158924000, "retainedEarnings": 208331000, "treasuryStock": 66709000, "capitalSurplus": 214836000, "otherStockholderEquity": 66709000, "totalStockholderEquity": 648800000, "netTangibleAssets": 648800000}, {"maxAge": 1, "endDate": "2019-03-31", "cash": 1602000, "shortTermInvestments": 1651000, "netReceivables": 504938000, "inventory": 1029509000, "otherCurrentAssets": 124631000, "totalCurrentAssets": 1665140000, "propertyPlantEquipment": 554432000, "otherAssets": 22202000, "totalAssets": 2241774000, "accountsPayable": 186420000, "shortLongTermDebt": 22094000, "otherCurrentLiab": 22215000, "longTermDebt": 106263000, "otherLiab": 31676000, "deferredLongTermLiab": 10650000, "totalCurrentLiabilities": 1241582000, "totalLiab": 1379521000, "commonStock": 158924000, "retainedEarnings": 424049000, "treasuryStock": 64444000, "capitalSurplus": 214836000, "otherStockholderEquity": 64444000, "totalStockholderEquity": 862253000, "netTangibleAssets": 862253000}, {"maxAge": 1, "endDate": "2018-03-31", "cash": 2593000, "netReceivables": 786196000, "inventory": 803266000, "otherCurrentAssets": 76098000, "totalCurrentAssets": 1669335000, "propertyPlantEquipment": 401748000, "otherAssets": 55451000, "totalAssets": 2126534000, "accountsPayable": 216793000, "shortLongTermDebt": 18579000, "otherCurrentLiab": 101521000, "longTermDebt": 109685000, "otherLiab": 24117000, "deferredLongTermLiab": 2006000, "totalCurrentLiabilities": 1166391000, "totalLiab": 1300193000, "commonStock": 132437000, "retainedEarnings": 416800000, "treasuryStock": 62268000, "capitalSurplus": 214836000, "otherStockholderEquity": 62268000, "totalStockholderEquity": 826341000, "netTangibleAssets": 826341000}, {"maxAge": 1, "endDate": "2017-03-31", "cash": 2770000, "netReceivables": 590639000, "inventory": 713736000, "otherCurrentAssets": 32417000, "totalCurrentAssets": 1340216000, "longTermInvestments": 41483000, "propertyPlantEquipment": 215746000, "otherAssets": 6207000, "totalAssets": 1603652000, "accountsPayable": 351900000, "shortLongTermDebt": 9621000, "otherCurrentLiab": 51299000, "longTermDebt": 46214000, "otherLiab": 18509000, "deferredLongTermLiab": 826000, "totalCurrentLiabilities": 990129000, "totalLiab": 1054852000, "commonStock": 40512000, "retainedEarnings": 290569000, "treasuryStock": 2883000, "capitalSurplus": 214836000, "otherStockholderEquity": 2883000, "totalStockholderEquity": 548800000, "netTangibleAssets": 548800000}], "maxAge": 86400}, "earningsTrend": {"trend": [{"maxAge": 1, "period": "0q", "endDate": "2018-09-30", "growth": {}, "earningsEstimate": {"avg": 0.0, "low": 0.0, "high": 0.0, "yearAgoEps": {}, "numberOfAnalysts": 0, "growth": {}}, "revenueEstimate": {"avg": 0, "low": 0, "high": 0, "numberOfAnalysts": 0, "yearAgoRevenue": {}, "growth": {}}, "epsTrend": {"current": 0.0, "7daysAgo": 0.0, "30daysAgo": 0.0, "60daysAgo": 0.0, "90daysAgo": 0.0}, "epsRevisions": {"upLast7days": 0, "upLast30days": 0, "downLast30days": 0, "downLast90days": {}}}, {"maxAge": 1, "period": "+1q", "endDate": "2018-12-31", "growth": {}, "earningsEstimate": {"avg": 0.0, "low": 0.0, "high": 0.0, "yearAgoEps": {}, "numberOfAnalysts": 0, "growth": {}}, "revenueEstimate": {"avg": 0, "low": 0, "high": 0, "numberOfAnalysts": 0, "yearAgoRevenue": {}, "growth": {}}, "epsTrend": {"current": 0.0, "7daysAgo": 0.0, "30daysAgo": 0.0, "60daysAgo": 0.0, "90daysAgo": 0.0}, "epsRevisions": {"upLast7days": 0, "upLast30days": 0, "downLast30days": 0, "downLast90days": {}}}, {"maxAge": 1, "period": "0y", "endDate": "2019-03-31", "growth": {}, "earningsEstimate": {"avg": 0.0, "low": 0.0, "high": 0.0, "yearAgoEps": {}, "numberOfAnalysts": 0, "growth": {}}, "revenueEstimate": {"avg": 5633150000, "low": 5633150000, "high": 5633150000, "numberOfAnalysts": 1, "yearAgoRevenue": 4773850000, "growth": 0.18}, "epsTrend": {"current": 0.0, "7daysAgo": 16.55, "30daysAgo": 16.55, "60daysAgo": 16.55, "90daysAgo": 16.55}, "epsRevisions": {"upLast7days": 0, "upLast30days": 0, "downLast30days": 0, "downLast90days": {}}}, {"maxAge": 1, "period": "+1y", "endDate": "2020-03-31", "growth": {}, "earningsEstimate": {"avg": 0.0, "low": 0.0, "high": 0.0, "yearAgoEps": {}, "numberOfAnalysts": 0, "growth": {}}, "revenueEstimate": {"avg": 6759780000, "low": 6759780000, "high": 6759780000, "numberOfAnalysts": 1, "yearAgoRevenue": 5633150000, "growth": 0.2}, "epsTrend": {"current": 0.0, "7daysAgo": 20.27, "30daysAgo": 20.27, "60daysAgo": 20.27, "90daysAgo": 20.27}, "epsRevisions": {"upLast7days": 0, "upLast30days": 0, "downLast30days": 0, "downLast90days": {}}}, {"maxAge": 1, "period": "+5y", "endDate": null, "growth": {}, "earningsEstimate": {"avg": {}, "low": {}, "high": {}, "yearAgoEps": {}, "numberOfAnalysts": {}, "growth": {}}, "revenueEstimate": {"avg": {}, "low": {}, "high": {}, "numberOfAnalysts": {}, "yearAgoRevenue": {}, "growth": {}}, "epsTrend": {"current": {}, "7daysAgo": {}, "30daysAgo": {}, "60daysAgo": {}, "90daysAgo": {}}, "epsRevisions": {"upLast7days": {}, "upLast30days": {}, "downLast30days": {}, "downLast90days": {}}}, {"maxAge": 1, "period": "-5y", "endDate": null, "growth": {}, "earningsEstimate": {"avg": {}, "low": {}, "high": {}, "yearAgoEps": {}, "numberOfAnalysts": {}, "growth": {}}, "revenueEstimate": {"avg": {}, "low": {}, "high": {}, "numberOfAnalysts": {}, "yearAgoRevenue": {}, "growth": {}}, "epsTrend": {"current": {}, "7daysAgo": {}, "30daysAgo": {}, "60daysAgo": {}, "90daysAgo": {}}, "epsRevisions": {"upLast7days": {}, "upLast30days": {}, "downLast30days": {}, "downLast90days": {}}}], "maxAge": 1}, "financialData": {"maxAge": 86400, "currentPrice": 57.1, "recommendationKey": "none", "grossProfits": 624218000, "financialCurrency": "INR"}}}