{"ARIES.BO": {"recommendationTrend": {"trend": [{"period": "0m", "strongBuy": 0, "buy": 0, "hold": 0, "sell": 0, "strongSell": 0}, {"period": "-1m", "strongBuy": 0, "buy": 0, "hold": 0, "sell": 0, "strongSell": 0}, {"period": "-2m", "strongBuy": 0, "buy": 0, "hold": 0, "sell": 0, "strongSell": 0}, {"period": "-3m", "strongBuy": 0, "buy": 0, "hold": 0, "sell": 0, "strongSell": 0}], "maxAge": 86400}, "cashflowStatementHistory": {"cashflowStatements": [{"maxAge": 1, "endDate": "2020-03-31", "netIncome": 97424470, "depreciation": 52936192, "changeToNetincome": 222226192, "changeToAccountReceivables": -7081493, "changeToLiabilities": 69906185, "changeToInventory": -82438697, "changeToOperatingActivities": 176741823, "totalCashFromOperatingActivities": 530422686, "capitalExpenditures": -135120369, "otherCashflowsFromInvestingActivities": 93814420, "totalCashflowsFromInvestingActivities": -353274423, "dividendsPaid": -29911783, "netBorrowings": 68008339, "otherCashflowsFromFinancingActivities": -252315578, "totalCashFromFinancingActivities": -214219022, "changeInCash": -37070759}, {"maxAge": 1, "endDate": "2019-03-31", "netIncome": 98824646, "depreciation": 23728524, "changeToNetincome": 259386357, "changeToAccountReceivables": -37134066, "changeToLiabilities": -15765869, "changeToInventory": -26389660, "changeToOperatingActivities": 140552663, "totalCashFromOperatingActivities": 443626164, "capitalExpenditures": -82810534, "otherCashflowsFromInvestingActivities": 20384156, "totalCashflowsFromInvestingActivities": -99385260, "dividendsPaid": -29910833, "netBorrowings": 8642890, "otherCashflowsFromFinancingActivities": -339007956, "totalCashFromFinancingActivities": -360275899, "changeInCash": -16034995}, {"maxAge": 1, "endDate": "2018-03-31", "netIncome": 104836475, "depreciation": 22362667, "changeToNetincome": 263846338, "changeToAccountReceivables": -397929682, "changeToLiabilities": 228657191, "changeToInventory": 143623684, "changeToOperatingActivities": -226402559, "totalCashFromOperatingActivities": 139266383, "capitalExpenditures": -101630609, "investments": 60000, "otherCashflowsFromInvestingActivities": 19033922, "totalCashflowsFromInvestingActivities": -18355027, "dividendsPaid": -26008678, "netBorrowings": 309270133, "otherCashflowsFromFinancingActivities": -400667605, "totalCashFromFinancingActivities": -117406150, "changeInCash": 3505206}, {"maxAge": 1, "endDate": "2017-03-31", "netIncome": 70608545, "depreciation": 66712524, "changeToNetincome": 253179155, "changeToAccountReceivables": -240586511, "changeToLiabilities": 60257256, "changeToInventory": 8709100, "changeToOperatingActivities": 258055261, "totalCashFromOperatingActivities": 477115432, "capitalExpenditures": -53366918, "investments": 60000, "otherCashflowsFromInvestingActivities": 14857807, "totalCashflowsFromInvestingActivities": 125999278, "dividendsPaid": -19506509, "netBorrowings": -283052519, "otherCashflowsFromFinancingActivities": -284383536, "totalCashFromFinancingActivities": -586942564, "changeInCash": 16172145}], "maxAge": 86400}, "institutionOwnership": {"maxAge": 1, "ownershipList": []}, "balanceSheetHistoryQuarterly": {"balanceSheetStatements": [{"maxAge": 1, "endDate": "2020-06-30", "totalStockholderEquity": 1942184000, "netTangibleAssets": 1939930000}, {"maxAge": 1, "endDate": "2020-03-31", "cash": 7713418, "netReceivables": 1165050794, "inventory": 1380306872, "otherCurrentAssets": 1122930083, "totalCurrentAssets": 3676001167, "longTermInvestments": 594323132, "propertyPlantEquipment": 598501543, "intangibleAssets": 2253901, "totalAssets": 4871079743, "accountsPayable": 584489921, "shortLongTermDebt": 54118701, "otherCurrentLiab": 455527883, "longTermDebt": 143387662, "otherLiab": 71676796, "minorityInterest": 88281494, "totalCurrentLiabilities": 2583436961, "totalLiab": 2840614721, "commonStock": 130043390, "retainedEarnings": 1199990887, "treasuryStock": 122112201, "capitalSurplus": 490037050, "otherStockholderEquity": 122112201, "totalStockholderEquity": 1942183528, "netTangibleAssets": 1939929627}, {"maxAge": 1, "endDate": "2019-12-31", "totalStockholderEquity": 2007103000, "netTangibleAssets": 2004559000}, {"maxAge": 1, "endDate": "2019-09-30", "cash": 70094000, "netReceivables": 1294190000, "inventory": 1390396000, "otherCurrentAssets": 1019115000, "totalCurrentAssets": 3773795000, "longTermInvestments": 561231000, "propertyPlantEquipment": 540215000, "intangibleAssets": 2544000, "totalAssets": 4877785000, "accountsPayable": 616725000, "shortLongTermDebt": 2948000, "otherCurrentLiab": 612376000, "longTermDebt": 191854000, "otherLiab": 58065000, "minorityInterest": 89700000, "totalCurrentLiabilities": 2531063000, "totalLiab": 2780982000, "commonStock": 130043000, "treasuryStock": 1877060000, "otherStockholderEquity": 1877060000, "totalStockholderEquity": 2007103000, "netTangibleAssets": 2004559000}], "maxAge": 86400}, "earningsHistory": {"history": [{"maxAge": 1, "epsActual": {}, "epsEstimate": {}, "epsDifference": {}, "surprisePercent": {}, "quarter": {}, "period": "-4q"}, {"maxAge": 1, "epsActual": {}, "epsEstimate": {}, "epsDifference": {}, "surprisePercent": {}, "quarter": {}, "period": "-3q"}, {"maxAge": 1, "epsActual": {}, "epsEstimate": {}, "epsDifference": {}, "surprisePercent": {}, "quarter": {}, "period": "-2q"}, {"maxAge": 1, "epsActual": {}, "epsEstimate": {}, "epsDifference": {}, "surprisePercent": {}, "quarter": {}, "period": "-1q"}], "maxAge": 86400}, "indexTrend": {"maxAge": 1, "symbol": "SP5", "peRatio": 19.7411, "pegRatio": 1.34172, "estimates": [{"period": "0q", "growth": 0.549}, {"period": "+1q", "growth": 0.431}, {"period": "0y", "growth": 0.305}, {"period": "+1y", "growth": 0.109}, {"period": "+5y", "growth": 0.120865}, {"period": "-5y"}]}, "industryTrend": {"maxAge": 1, "symbol": null, "estimates": []}, "insiderTransactions": {"transactions": [{"maxAge": 1, "shares": 59300, "value": 7993, "filerUrl": "", "transactionText": "Sale at price 0.13 per share.", "filerName": "Mirchandani (Amol J)", "filerRelation": "Promoter", "moneyText": "", "startDate": "2020-08-24", "ownership": "D"}, {"maxAge": 1, "shares": 39800, "value": 5309, "filerUrl": "", "transactionText": "Acquisition at price 0.13 per share.", "filerName": "Mirchandani (Rahul)", "filerRelation": "Executive Chairman", "moneyText": "", "startDate": "2020-08-21", "ownership": "D"}, {"maxAge": 1, "shares": 59300, "value": 7904, "filerUrl": "", "transactionText": "Sale at price 0.13 per share.", "filerName": "Mirchandani (Akshay)", "filerRelation": "Promoter", "moneyText": "", "startDate": "2020-08-20", "ownership": "D"}, {"maxAge": 1, "shares": 39800, "value": 5305, "filerUrl": "", "transactionText": "Sale at price 0.13 per share.", "filerName": "Mirchandani (Amol J)", "filerRelation": "Promoter", "moneyText": "", "startDate": "2020-08-20", "ownership": "D"}, {"maxAge": 1, "shares": 90000, "value": 12069, "filerUrl": "", "transactionText": "Sale at price 0.13 per share.", "filerName": "Mirchandani (Jimmy)", "filerRelation": "Director", "moneyText": "", "startDate": "2020-08-18", "ownership": "D"}, {"maxAge": 1, "shares": 90000, "value": 12069, "filerUrl": "", "transactionText": "Acquisition at price 0.13 per share.", "filerName": "Mirchandani (Rahul)", "filerRelation": "Executive Chairman", "moneyText": "", "startDate": "2020-08-18", "ownership": "D"}, {"maxAge": 1, "shares": 90000, "filerUrl": "", "transactionText": "", "filerName": "Mirchandani (Jimmy)", "filerRelation": "Director", "moneyText": "", "startDate": "2019-08-19", "ownership": "D"}, {"maxAge": 1, "shares": 90000, "filerUrl": "", "transactionText": "", "filerName": "Mirchandani (Rahul)", "filerRelation": "Executive Chairman", "moneyText": "", "startDate": "2019-08-19", "ownership": "D"}], "maxAge": 1}, "quoteType": {"exchange": "BSE", "quoteType": "EQUITY", "symbol": "ARIES.BO", "underlyingSymbol": "ARIES.BO", "shortName": "ARIES AGRO LTD.", "longName": "Aries Agro Limited", "firstTradeDateEpochUtc": "2008-01-11 09:15:00", "timeZoneFullName": "Asia/Kolkata", "timeZoneShortName": "IST", "uuid": "14b531df-dc7e-3ab1-8762-f9d2fbd1f62e", "messageBoardId": null, "gmtOffSetMilliseconds": 19800000, "maxAge": 1}, "incomeStatementHistory": {"incomeStatementHistory": [{"maxAge": 1, "endDate": "2020-03-31", "totalRevenue": 2961445743, "costOfRevenue": 1256937140, "grossProfit": 1704508603, "researchDevelopment": {}, "sellingGeneralAdministrative": 627728803, "nonRecurring": {}, "otherOperatingExpenses": 654081543, "totalOperatingExpenses": 2592391692, "operatingIncome": 369054051, "totalOtherIncomeExpenseNet": -216295447, "ebit": 369054051, "interestExpense": -240149234, "incomeBeforeTax": 152758604, "incomeTaxExpense": 74772884, "minorityInterest": 88281494, "netIncomeFromContinuingOps": 77985720, "discontinuedOperations": {}, "extraordinaryItems": {}, "effectOfAccountingCharges": {}, "otherItems": {}, "netIncome": 97424470, "netIncomeApplicableToCommonShares": 97424470}, {"maxAge": 1, "endDate": "2019-03-31", "totalRevenue": 2653165416, "costOfRevenue": 1154297378, "grossProfit": 1498868038, "researchDevelopment": {}, "sellingGeneralAdministrative": 433892301, "nonRecurring": {}, "otherOperatingExpenses": 627374691, "totalOperatingExpenses": 2239716462, "operatingIncome": 413448954, "totalOtherIncomeExpenseNet": -258037950, "ebit": 413448954, "interestExpense": -267941202, "incomeBeforeTax": 155411004, "incomeTaxExpense": 78418126, "minorityInterest": 237514720, "netIncomeFromContinuingOps": 76992878, "discontinuedOperations": {}, "extraordinaryItems": {}, "effectOfAccountingCharges": {}, "otherItems": {}, "netIncome": 98824646, "netIncomeApplicableToCommonShares": 98824646}, {"maxAge": 1, "endDate": "2018-03-31", "totalRevenue": 2912942547, "costOfRevenue": 1479668010, "grossProfit": 1433274537, "researchDevelopment": {}, "sellingGeneralAdministrative": 464432766, "nonRecurring": {}, "otherOperatingExpenses": 498353721, "totalOperatingExpenses": 2465089433, "operatingIncome": 447853114, "totalOtherIncomeExpenseNet": -280729364, "ebit": 447853114, "interestExpense": -261500435, "incomeBeforeTax": 167123750, "incomeTaxExpense": 76239621, "minorityInterest": 262458417, "netIncomeFromContinuingOps": 90884129, "discontinuedOperations": {}, "extraordinaryItems": {}, "effectOfAccountingCharges": {}, "otherItems": {}, "netIncome": 104836475, "netIncomeApplicableToCommonShares": 104836475}, {"maxAge": 1, "endDate": "2017-03-31", "totalRevenue": 2525056250, "costOfRevenue": 1197561175, "grossProfit": 1327495075, "researchDevelopment": {}, "sellingGeneralAdministrative": 430219747, "nonRecurring": {}, "otherOperatingExpenses": 472733104, "totalOperatingExpenses": 2167406652, "operatingIncome": 357649598, "totalOtherIncomeExpenseNet": -238157233, "ebit": 357649598, "interestExpense": -208298583, "incomeBeforeTax": 119492365, "incomeTaxExpense": 65001481, "minorityInterest": 382211473, "netIncomeFromContinuingOps": 54490884, "discontinuedOperations": {}, "extraordinaryItems": {}, "effectOfAccountingCharges": {}, "otherItems": {}, "netIncome": 70608545, "netIncomeApplicableToCommonShares": 70608545}], "maxAge": 86400}, "fundOwnership": {"maxAge": 1, "ownershipList": []}, "summaryDetail": {"maxAge": 1, "priceHint": 2, "previousClose": 90.9, "open": 91.9, "dayLow": 89.35, "dayHigh": 91.9, "regularMarketPreviousClose": 90.9, "regularMarketOpen": 91.9, "regularMarketDayLow": 89.35, "regularMarketDayHigh": 91.9, "trailingPE": 10.176136, "volume": 5187, "regularMarketVolume": 5187, "averageVolume": 14389, "averageVolume10days": 8628, "averageDailyVolume10Day": 8628, "bid": 88.15, "ask": 91.0, "bidSize": 0, "askSize": 0, "marketCap": 1164535168, "fiftyTwoWeekLow": 33.55, "fiftyTwoWeekHigh": 118.45, "fiftyDayAverage": 98.417145, "twoHundredDayAverage": 87.881386, "trailingAnnualDividendRate": 1.8, "trailingAnnualDividendYield": 0.01980198, "currency": "INR", "fromCurrency": null, "toCurrency": null, "lastMarket": null, "algorithm": null, "tradeable": false}, "sectorTrend": {"maxAge": 1, "symbol": null, "estimates": []}, "incomeStatementHistoryQuarterly": {"incomeStatementHistory": [{"maxAge": 1, "endDate": "2020-06-30", "totalRevenue": 866528000, "costOfRevenue": 447959000, "grossProfit": 418569000, "researchDevelopment": {}, "sellingGeneralAdministrative": 85259000, "nonRecurring": {}, "otherOperatingExpenses": 179309000, "totalOperatingExpenses": 726014000, "operatingIncome": 140514000, "totalOtherIncomeExpenseNet": -64469000, "ebit": 140514000, "interestExpense": -63943000, "incomeBeforeTax": 76045000, "incomeTaxExpense": 22841000, "minorityInterest": {}, "netIncomeFromContinuingOps": 53204000, "discontinuedOperations": {}, "extraordinaryItems": {}, "effectOfAccountingCharges": {}, "otherItems": {}, "netIncome": 56720000, "netIncomeApplicableToCommonShares": 56720000}, {"maxAge": 1, "endDate": "2020-03-31", "totalRevenue": 555191743, "costOfRevenue": 238143140, "grossProfit": 317048603, "researchDevelopment": {}, "sellingGeneralAdministrative": 344878803, "nonRecurring": {}, "otherOperatingExpenses": -33048457, "totalOperatingExpenses": 583497692, "operatingIncome": -28305949, "totalOtherIncomeExpenseNet": -80298447, "ebit": -28305949, "interestExpense": -56879234, "incomeBeforeTax": -108604396, "incomeTaxExpense": -2238116, "minorityInterest": 88281494, "netIncomeFromContinuingOps": -106366280, "discontinuedOperations": {}, "extraordinaryItems": {}, "effectOfAccountingCharges": {}, "otherItems": {}, "netIncome": -103217530, "netIncomeApplicableToCommonShares": -103217530}, {"maxAge": 1, "endDate": "2019-12-31", "totalRevenue": 835532000, "costOfRevenue": 383482000, "grossProfit": 452050000, "researchDevelopment": {}, "sellingGeneralAdministrative": 111848000, "nonRecurring": {}, "otherOperatingExpenses": 249554000, "totalOperatingExpenses": 752773000, "operatingIncome": 82759000, "totalOtherIncomeExpenseNet": -34041000, "ebit": 82759000, "interestExpense": -66420000, "incomeBeforeTax": 48718000, "incomeTaxExpense": 5708000, "minorityInterest": 88281494, "netIncomeFromContinuingOps": 43010000, "discontinuedOperations": {}, "extraordinaryItems": {}, "effectOfAccountingCharges": {}, "otherItems": {}, "netIncome": 47434000, "netIncomeApplicableToCommonShares": 47434000}, {"maxAge": 1, "endDate": "2019-09-30", "totalRevenue": 926726000, "costOfRevenue": 347184000, "grossProfit": 579542000, "researchDevelopment": {}, "sellingGeneralAdministrative": 95787000, "nonRecurring": {}, "otherOperatingExpenses": 280559000, "totalOperatingExpenses": 729722000, "operatingIncome": 197004000, "totalOtherIncomeExpenseNet": -51986000, "ebit": 197004000, "interestExpense": -66919000, "incomeBeforeTax": 145018000, "incomeTaxExpense": 38134000, "minorityInterest": 89700000, "netIncomeFromContinuingOps": 106884000, "discontinuedOperations": {}, "extraordinaryItems": {}, "effectOfAccountingCharges": {}, "otherItems": {}, "netIncome": 113543000, "netIncomeApplicableToCommonShares": 113543000}], "maxAge": 86400}, "cashflowStatementHistoryQuarterly": {"cashflowStatements": [{"maxAge": 1, "endDate": "2020-06-30", "netIncome": 56720000, "changeToLiabilities": 0}, {"maxAge": 1, "endDate": "2020-03-31", "netIncome": -103217530, "changeToLiabilities": 0}, {"maxAge": 1, "endDate": "2019-12-31", "netIncome": 47434000, "changeToLiabilities": 0}, {"maxAge": 1, "endDate": "2019-09-30", "netIncome": 113543000, "changeToLiabilities": 0}], "maxAge": 86400}, "insiderHolders": {"holders": [{"maxAge": 1, "name": "Mirchandani (Akshay)", "relation": "Promoter", "url": "", "transactionDescription": "Sale", "latestTransDate": "2020-08-20", "positionDirect": 421175, "positionDirectDate": "2020-08-20"}, {"maxAge": 1, "name": "Mirchandani (Amol J)", "relation": "Promoter", "url": "", "transactionDescription": "Sale", "latestTransDate": "2020-08-24", "positionDirect": 235900, "positionDirectDate": "2020-08-24"}, {"maxAge": 1, "name": "Mirchandani (Jimmy)", "relation": "Director", "url": "", "transactionDescription": "Sale", "latestTransDate": "2020-08-18", "positionDirect": 3164830, "positionDirectDate": "2020-08-18"}, {"maxAge": 1, "name": "Mirchandani (Rahul)", "relation": "Executive Chairman", "url": "", "transactionDescription": "Acquisition", "latestTransDate": "2020-08-21", "positionDirect": 3023021, "positionDirectDate": "2020-08-21"}], "maxAge": 1}, "earnings": {"maxAge": 86400, "earningsChart": {"quarterly": [], "earningsDate": ["2020-11-09 05:30:S", "2020-11-13 05:30:S"]}, "financialsChart": {"yearly": [{"date": 2017, "revenue": 2525056250, "earnings": 70608545}, {"date": 2018, "revenue": 2912942547, "earnings": 104836475}, {"date": 2019, "revenue": 2653165416, "earnings": 98824646}, {"date": 2020, "revenue": 2961445743, "earnings": 97424470}], "quarterly": [{"date": "3Q2019", "revenue": 926726000, "earnings": 113543000}, {"date": "4Q2019", "revenue": 835532000, "earnings": 47434000}, {"date": "1Q2020", "revenue": 555191743, "earnings": -103217530}, {"date": "2Q2020", "revenue": 866528000, "earnings": 56720000}]}, "financialCurrency": "INR"}, "calendarEvents": {"maxAge": 1, "earnings": {"earningsDate": ["2020-11-09 05:30:S", "2020-11-13 05:30:S"]}}, "price": {"maxAge": 1, "regularMarketChangePercent": -0.014851468, "regularMarketChange": -1.3499985, "regularMarketTime": "2021-04-30 15:22:35", "priceHint": 2, "regularMarketPrice": 89.55, "regularMarketDayHigh": 91.9, "regularMarketDayLow": 89.35, "regularMarketVolume": 5187, "averageDailyVolume10Day": 8628, "averageDailyVolume3Month": 14389, "regularMarketPreviousClose": 90.9, "regularMarketSource": "FREE_REALTIME", "regularMarketOpen": 91.9, "exchange": "BSE", "exchangeName": "BSE", "exchangeDataDelayedBy": 0, "marketState": "CLOSED", "quoteType": "EQUITY", "symbol": "ARIES.BO", "underlyingSymbol": null, "shortName": "ARIES AGRO LTD.", "longName": "Aries Agro Limited", "currency": "INR", "quoteSourceName": "Delayed Quote", "currencySymbol": "\u20b9", "fromCurrency": null, "toCurrency": null, "lastMarket": null, "marketCap": 1164535168}, "balanceSheetHistory": {"balanceSheetStatements": [{"maxAge": 1, "endDate": "2020-03-31", "cash": 7713418, "netReceivables": 1165050794, "inventory": 1380306872, "otherCurrentAssets": 1122930083, "totalCurrentAssets": 3676001167, "longTermInvestments": 594323132, "propertyPlantEquipment": 598501543, "intangibleAssets": 2253901, "totalAssets": 4871079743, "accountsPayable": 584489921, "shortLongTermDebt": 54118701, "otherCurrentLiab": 455527883, "longTermDebt": 143387662, "otherLiab": 71676796, "minorityInterest": 88281494, "totalCurrentLiabilities": 2583436961, "totalLiab": 2840614721, "commonStock": 130043390, "retainedEarnings": 1199990887, "treasuryStock": 122112201, "capitalSurplus": 490037050, "otherStockholderEquity": 122112201, "totalStockholderEquity": 1942183528, "netTangibleAssets": 1939929627}, {"maxAge": 1, "endDate": "2019-03-31", "cash": 44827007, "netReceivables": 1861777647, "inventory": 1297868174, "otherCurrentAssets": 639395093, "totalCurrentAssets": 3843867921, "longTermInvestments": 15000, "propertyPlantEquipment": 1096763335, "intangibleAssets": 2752412, "otherAssets": -1, "totalAssets": 4943398667, "accountsPayable": 562527017, "shortLongTermDebt": 42528757, "otherCurrentLiab": 346874502, "longTermDebt": 132694137, "otherLiab": 59791530, "minorityInterest": 237514720, "totalCurrentLiabilities": 2622363136, "totalLiab": 2814848803, "commonStock": 130043390, "retainedEarnings": 1154299234, "treasuryStock": 116655470, "capitalSurplus": 490037050, "otherStockholderEquity": 116655470, "totalStockholderEquity": 1891035144, "netTangibleAssets": 1888282732}, {"maxAge": 1, "endDate": "2018-03-31", "cash": 60862002, "netReceivables": 1825122378, "inventory": 1271478514, "otherCurrentAssets": 599535412, "totalCurrentAssets": 3756998306, "longTermInvestments": 15000, "propertyPlantEquipment": 1010189319, "intangibleAssets": 1656735, "totalAssets": 4768859360, "accountsPayable": 578292886, "shortLongTermDebt": 40382134, "otherCurrentLiab": 227992334, "longTermDebt": 164247637, "otherLiab": 55291583, "minorityInterest": 262458417, "totalCurrentLiabilities": 2457804192, "totalLiab": 2677343412, "commonStock": 130043390, "retainedEarnings": 1117309256, "treasuryStock": 91667835, "capitalSurplus": 490037050, "otherStockholderEquity": 91667835, "totalStockholderEquity": 1829057531, "netTangibleAssets": 1827400796}, {"maxAge": 1, "endDate": "2017-03-31", "cash": 57356796, "netReceivables": 1426718077, "inventory": 1415102198, "otherCurrentAssets": 668956950, "totalCurrentAssets": 3568134021, "propertyPlantEquipment": 930722536, "intangibleAssets": 1171853, "totalAssets": 4500028410, "accountsPayable": 349635695, "shortLongTermDebt": 16366644, "otherCurrentLiab": 476212833, "longTermDebt": 139895247, "otherLiab": 57534251, "minorityInterest": 382211473, "totalCurrentLiabilities": 2168459916, "totalLiab": 2365889414, "commonStock": 130043390, "retainedEarnings": 1043776214, "treasuryStock": 88070869, "capitalSurplus": 490037050, "otherStockholderEquity": 88070869, "totalStockholderEquity": 1751927523, "netTangibleAssets": 1750755670}], "maxAge": 86400}, "earningsTrend": {"trend": [{"maxAge": 1, "period": "0q", "endDate": null, "growth": {}, "earningsEstimate": {"avg": 0.0, "low": 0.0, "high": 0.0, "yearAgoEps": {}, "numberOfAnalysts": 0, "growth": {}}, "revenueEstimate": {"avg": 0, "low": 0, "high": 0, "numberOfAnalysts": 0, "yearAgoRevenue": {}, "growth": {}}, "epsTrend": {"current": 0.0, "7daysAgo": 0.0, "30daysAgo": 0.0, "60daysAgo": 0.0, "90daysAgo": 0.0}, "epsRevisions": {"upLast7days": 0, "upLast30days": 0, "downLast30days": 0, "downLast90days": {}}}, {"maxAge": 1, "period": "+1q", "endDate": null, "growth": {}, "earningsEstimate": {"avg": 0.0, "low": 0.0, "high": 0.0, "yearAgoEps": {}, "numberOfAnalysts": 0, "growth": {}}, "revenueEstimate": {"avg": 0, "low": 0, "high": 0, "numberOfAnalysts": 0, "yearAgoRevenue": {}, "growth": {}}, "epsTrend": {"current": 0.0, "7daysAgo": 0.0, "30daysAgo": 0.0, "60daysAgo": 0.0, "90daysAgo": 0.0}, "epsRevisions": {"upLast7days": 0, "upLast30days": 0, "downLast30days": 0, "downLast90days": {}}}, {"maxAge": 1, "period": "0y", "endDate": null, "growth": {}, "earningsEstimate": {"avg": 0.0, "low": 0.0, "high": 0.0, "yearAgoEps": {}, "numberOfAnalysts": 0, "growth": {}}, "revenueEstimate": {"avg": 0, "low": 0, "high": 0, "numberOfAnalysts": 0, "yearAgoRevenue": {}, "growth": {}}, "epsTrend": {"current": 0.0, "7daysAgo": 0.0, "30daysAgo": 0.0, "60daysAgo": 0.0, "90daysAgo": 0.0}, "epsRevisions": {"upLast7days": 0, "upLast30days": 0, "downLast30days": 0, "downLast90days": {}}}, {"maxAge": 1, "period": "+1y", "endDate": null, "growth": {}, "earningsEstimate": {"avg": 0.0, "low": 0.0, "high": 0.0, "yearAgoEps": {}, "numberOfAnalysts": 0, "growth": {}}, "revenueEstimate": {"avg": 0, "low": 0, "high": 0, "numberOfAnalysts": 0, "yearAgoRevenue": {}, "growth": {}}, "epsTrend": {"current": 0.0, "7daysAgo": 0.0, "30daysAgo": 0.0, "60daysAgo": 0.0, "90daysAgo": 0.0}, "epsRevisions": {"upLast7days": 0, "upLast30days": 0, "downLast30days": 0, "downLast90days": {}}}, {"maxAge": 1, "period": "+5y", "endDate": null, "growth": {}, "earningsEstimate": {"avg": {}, "low": {}, "high": {}, "yearAgoEps": {}, "numberOfAnalysts": {}, "growth": {}}, "revenueEstimate": {"avg": {}, "low": {}, "high": {}, "numberOfAnalysts": {}, "yearAgoRevenue": {}, "growth": {}}, "epsTrend": {"current": {}, "7daysAgo": {}, "30daysAgo": {}, "60daysAgo": {}, "90daysAgo": {}}, "epsRevisions": {"upLast7days": {}, "upLast30days": {}, "downLast30days": {}, "downLast90days": {}}}, {"maxAge": 1, "period": "-5y", "endDate": null, "growth": {}, "earningsEstimate": {"avg": {}, "low": {}, "high": {}, "yearAgoEps": {}, "numberOfAnalysts": {}, "growth": {}}, "revenueEstimate": {"avg": {}, "low": {}, "high": {}, "numberOfAnalysts": {}, "yearAgoRevenue": {}, "growth": {}}, "epsTrend": {"current": {}, "7daysAgo": {}, "30daysAgo": {}, "60daysAgo": {}, "90daysAgo": {}}, "epsRevisions": {"upLast7days": {}, "upLast30days": {}, "downLast30days": {}, "downLast90days": {}}}], "maxAge": 1}, "financialData": {"maxAge": 86400, "currentPrice": 89.55, "targetHighPrice": 210.0, "targetLowPrice": 210.0, "targetMeanPrice": 210.0, "targetMedianPrice": 210.0, "recommendationKey": "none", "numberOfAnalystOpinions": 1, "grossProfits": 1704508603, "financialCurrency": "INR"}}}