{"ARIHCAPM.BO": {"cashflowStatementHistory": {"cashflowStatements": [{"maxAge": 1, "endDate": "2020-03-31", "netIncome": 174877783, "depreciation": 11455766, "changeToNetincome": 49841614, "changeToAccountReceivables": 534785070, "changeToLiabilities": 543940235, "changeToInventory": 34899141, "changeToOperatingActivities": -173187051, "totalCashFromOperatingActivities": 1183068069, "capitalExpenditures": -10509777, "investments": -21601058, "otherCashflowsFromInvestingActivities": 7658524, "totalCashflowsFromInvestingActivities": -24452311, "dividendsPaid": -22716920, "netBorrowings": -677611769, "otherCashflowsFromFinancingActivities": -74317209, "totalCashFromFinancingActivities": -774645898, "changeInCash": 383969860}, {"maxAge": 1, "endDate": "2019-03-31", "netIncome": 167534699, "depreciation": 10748891, "changeToNetincome": 96852182, "changeToAccountReceivables": -117808383, "changeToLiabilities": -59459165, "changeToInventory": 18165742, "changeToOperatingActivities": -193967748, "totalCashFromOperatingActivities": -40321776, "capitalExpenditures": -11659749, "investments": -30040422, "otherCashflowsFromInvestingActivities": 1414200, "totalCashflowsFromInvestingActivities": -40285971, "dividendsPaid": -15616920, "netBorrowings": 140797357, "otherCashflowsFromFinancingActivities": -91359804, "totalCashFromFinancingActivities": 33820633, "changeInCash": -46787113}, {"maxAge": 1, "endDate": "2018-03-31", "netIncome": 206683001, "depreciation": 10131345, "changeToNetincome": -56760939, "changeToAccountReceivables": -523647849, "changeToLiabilities": 33426844, "changeToInventory": -132802551, "changeToOperatingActivities": -193967748, "totalCashFromOperatingActivities": -462968949, "capitalExpenditures": -26624822, "investments": 178384877, "otherCashflowsFromInvestingActivities": 4068335, "totalCashflowsFromInvestingActivities": 155828390, "dividendsPaid": -15616920, "netBorrowings": 866202322, "otherCashflowsFromFinancingActivities": -3180438, "totalCashFromFinancingActivities": 847404964, "changeInCash": 540264405}, {"maxAge": 1, "endDate": "2017-03-31", "netIncome": 166851124, "depreciation": 8575923, "changeToNetincome": -12664702, "changeToAccountReceivables": -393036124, "changeToLiabilities": 345998301, "changeToInventory": 21987054, "changeToOperatingActivities": -193967748, "totalCashFromOperatingActivities": 138045996, "capitalExpenditures": -21202210, "investments": -139513282, "otherCashflowsFromInvestingActivities": 1921816, "totalCashflowsFromInvestingActivities": -158793676, "dividendsPaid": -15616920, "netBorrowings": 84644086, "otherCashflowsFromFinancingActivities": -334420, "totalCashFromFinancingActivities": 84309666, "changeInCash": 63561986}], "maxAge": 86400}, "institutionOwnership": {"maxAge": 1, "ownershipList": []}, "balanceSheetHistoryQuarterly": {"balanceSheetStatements": [{"maxAge": 1, "endDate": "2020-03-31", "cash": 530629776, "netReceivables": 887898133, "inventory": 284701188, "otherCurrentAssets": 1270607156, "totalCurrentAssets": 3146052765, "propertyPlantEquipment": 182623682, "intangibleAssets": 7087733, "otherAssets": 23263428, "deferredLongTermAssetCharges": 4736248, "totalAssets": 3359027608, "accountsPayable": 1153348010, "otherCurrentLiab": 236601616, "otherLiab": 17231454, "totalCurrentLiabilities": 1845683293, "totalLiab": 1862914747, "commonStock": 104112800, "retainedEarnings": 1386941134, "treasuryStock": 5058927, "otherStockholderEquity": 5058927, "totalStockholderEquity": 1496112861, "netTangibleAssets": 1489025128}, {"maxAge": 1, "endDate": "2019-12-31", "totalStockholderEquity": 1429572000, "netTangibleAssets": 1422891000}, {"maxAge": 1, "endDate": "2019-09-30", "cash": 1298039000, "netReceivables": 989619000, "inventory": 302517000, "totalCurrentAssets": 2792060000, "longTermInvestments": 341574000, "propertyPlantEquipment": 200046000, "intangibleAssets": 6681000, "otherAssets": 22665000, "totalAssets": 3363026000, "accountsPayable": 699829000, "otherCurrentLiab": 10202000, "otherLiab": 419335000, "totalCurrentLiabilities": 1514119000, "totalLiab": 1933454000, "commonStock": 104113000, "treasuryStock": 1325459000, "otherStockholderEquity": 1325459000, "totalStockholderEquity": 1429572000, "netTangibleAssets": 1422891000}, {"maxAge": 1, "endDate": "2019-06-30", "totalStockholderEquity": 1360309791, "netTangibleAssets": 1353399477}], "maxAge": 86400}, "indexTrend": {"maxAge": 1, "symbol": "SP5", "peRatio": 19.7411, "pegRatio": 1.34172, "estimates": [{"period": "0q", "growth": 0.549}, {"period": "+1q", "growth": 0.431}, {"period": "0y", "growth": 0.305}, {"period": "+1y", "growth": 0.109}, {"period": "+5y", "growth": 0.120859005}, {"period": "-5y"}]}, "insiderTransactions": {"transactions": [{"maxAge": 1, "shares": 29941, "value": 21473, "filerUrl": "", "transactionText": "Acquisition at price 0.72 per share.", "filerName": "Jain (Ashok Kumar)", "filerRelation": "UNREPORTED", "moneyText": "", "startDate": "2020-09-16", "ownership": "D"}, {"maxAge": 1, "shares": 6649, "filerUrl": "", "transactionText": "", "filerName": "Jain (Ashok Kumar)", "filerRelation": "UNREPORTED", "moneyText": "", "startDate": "2020-09-10", "ownership": "D"}], "maxAge": 1}, "quoteType": {"exchange": "BSE", "quoteType": "EQUITY", "symbol": "ARIHCAPM.BO", "underlyingSymbol": "ARIHCAPM.BO", "shortName": "ARIHANT CAPITAL MARKETS LTD.", "longName": "Arihant Capital Markets Limited", "firstTradeDateEpochUtc": "2002-07-01 09:15:00", "timeZoneFullName": "Asia/Kolkata", "timeZoneShortName": "IST", "uuid": "85c113fa-d0cf-3e6f-91ab-005765b23109", "messageBoardId": null, "gmtOffSetMilliseconds": 19800000, "maxAge": 1}, "incomeStatementHistory": {"incomeStatementHistory": [{"maxAge": 1, "endDate": "2020-03-31", "totalRevenue": 826561060, "costOfRevenue": 302419376, "grossProfit": 524141684, "researchDevelopment": {}, "sellingGeneralAdministrative": 179467959, "nonRecurring": {}, "otherOperatingExpenses": 84197141, "totalOperatingExpenses": 597765804, "operatingIncome": 228795256, "totalOtherIncomeExpenseNet": 429830, "ebit": 0, "interestExpense": {}, "incomeBeforeTax": 229225086, "incomeTaxExpense": 54347303, "minorityInterest": {}, "netIncomeFromContinuingOps": 174877783, "discontinuedOperations": {}, "extraordinaryItems": {}, "effectOfAccountingCharges": {}, "otherItems": {}, "netIncome": 174877783, "netIncomeApplicableToCommonShares": 174877783}, {"maxAge": 1, "endDate": "2019-03-31", "totalRevenue": 833610599, "costOfRevenue": 334630174, "grossProfit": 498980425, "researchDevelopment": {}, "sellingGeneralAdministrative": 174270351, "nonRecurring": {}, "otherOperatingExpenses": 65156218, "totalOperatingExpenses": 594155048, "operatingIncome": 239455551, "totalOtherIncomeExpenseNet": 1735797, "ebit": 0, "interestExpense": {}, "incomeBeforeTax": 241191348, "incomeTaxExpense": 73656649, "minorityInterest": {}, "netIncomeFromContinuingOps": 167534699, "discontinuedOperations": {}, "extraordinaryItems": {}, "effectOfAccountingCharges": {}, "otherItems": {}, "netIncome": 167534699, "netIncomeApplicableToCommonShares": 167534699}, {"maxAge": 1, "endDate": "2018-03-31", "totalRevenue": 952503093, "costOfRevenue": 17455865, "grossProfit": 935047228, "researchDevelopment": {}, "sellingGeneralAdministrative": 148269088, "nonRecurring": {}, "otherOperatingExpenses": 478873713, "totalOperatingExpenses": 654547520, "operatingIncome": 297955573, "totalOtherIncomeExpenseNet": 47166, "ebit": 0, "interestExpense": {}, "incomeBeforeTax": 298002739, "incomeTaxExpense": 91319738, "minorityInterest": {}, "netIncomeFromContinuingOps": 206683001, "discontinuedOperations": {}, "extraordinaryItems": {}, "effectOfAccountingCharges": {}, "otherItems": {}, "netIncome": 206683001, "netIncomeApplicableToCommonShares": 206683001}, {"maxAge": 1, "endDate": "2017-03-31", "totalRevenue": 833713551, "costOfRevenue": 10734383, "grossProfit": 822979168, "researchDevelopment": {}, "sellingGeneralAdministrative": 127558274, "nonRecurring": {}, "otherOperatingExpenses": 436196726, "totalOperatingExpenses": 583070614, "operatingIncome": 250642937, "totalOtherIncomeExpenseNet": -112081, "ebit": 0, "interestExpense": {}, "incomeBeforeTax": 250530856, "incomeTaxExpense": 83679732, "minorityInterest": {}, "netIncomeFromContinuingOps": 166851124, "discontinuedOperations": {}, "extraordinaryItems": {}, "effectOfAccountingCharges": {}, "otherItems": {}, "netIncome": 166851124, "netIncomeApplicableToCommonShares": 166851124}], "maxAge": 86400}, "fundOwnership": {"maxAge": 1, "ownershipList": []}, "summaryDetail": {"maxAge": 1, "priceHint": 2, "previousClose": 72.4, "open": 72.7, "dayLow": 72.7, "dayHigh": 75.75, "regularMarketPreviousClose": 72.4, "regularMarketOpen": 72.7, "regularMarketDayLow": 72.7, "regularMarketDayHigh": 75.75, "trailingPE": 8.7580385, "volume": 8679, "regularMarketVolume": 8679, "averageVolume": 21937, "averageVolume10days": 7676, "averageDailyVolume10Day": 7676, "bid": 73.2, "ask": 74.0, "bidSize": 0, "askSize": 0, "marketCap": 1531502336, "fiftyTwoWeekLow": 24.1, "fiftyTwoWeekHigh": 91.8, "fiftyDayAverage": 83.31286, "twoHundredDayAverage": 68.51533, "trailingAnnualDividendRate": 1.0, "trailingAnnualDividendYield": 0.0138121545, "currency": "INR", "fromCurrency": null, "toCurrency": null, "lastMarket": null, "algorithm": null, "tradeable": false}, "incomeStatementHistoryQuarterly": {"incomeStatementHistory": [{"maxAge": 1, "endDate": "2020-03-31", "totalRevenue": 186758060, "costOfRevenue": -2615624, "grossProfit": 189373684, "researchDevelopment": {}, "sellingGeneralAdministrative": 62772959, "nonRecurring": {}, "otherOperatingExpenses": 84197141, "totalOperatingExpenses": 166523804, "operatingIncome": 20234256, "totalOtherIncomeExpenseNet": 428830, "ebit": 0, "interestExpense": {}, "incomeBeforeTax": 20663086, "incomeTaxExpense": -1199697, "minorityInterest": {}, "netIncomeFromContinuingOps": 21862783, "discontinuedOperations": {}, "extraordinaryItems": {}, "effectOfAccountingCharges": {}, "otherItems": {}, "netIncome": 21862783, "netIncomeApplicableToCommonShares": 21862783}, {"maxAge": 1, "endDate": "2019-12-31", "totalRevenue": 202094000, "costOfRevenue": 98463000, "grossProfit": 103631000, "researchDevelopment": {}, "sellingGeneralAdministrative": 38662000, "nonRecurring": {}, "otherOperatingExpenses": 84197141, "totalOperatingExpenses": 140510000, "operatingIncome": 61584000, "totalOtherIncomeExpenseNet": 0, "ebit": 0, "interestExpense": {}, "incomeBeforeTax": 61584000, "incomeTaxExpense": 18561000, "minorityInterest": {}, "netIncomeFromContinuingOps": 43023000, "discontinuedOperations": {}, "extraordinaryItems": {}, "effectOfAccountingCharges": {}, "otherItems": {}, "netIncome": 43023000, "netIncomeApplicableToCommonShares": 43023000}, {"maxAge": 1, "endDate": "2019-09-30", "totalRevenue": 219876000, "costOfRevenue": 94302000, "grossProfit": 125574000, "researchDevelopment": {}, "sellingGeneralAdministrative": 38460000, "nonRecurring": {}, "otherOperatingExpenses": 84197141, "totalOperatingExpenses": 135836000, "operatingIncome": 84040000, "totalOtherIncomeExpenseNet": 0, "ebit": 0, "interestExpense": {}, "incomeBeforeTax": 84040000, "incomeTaxExpense": 20963000, "minorityInterest": {}, "netIncomeFromContinuingOps": 63077000, "discontinuedOperations": {}, "extraordinaryItems": {}, "effectOfAccountingCharges": {}, "otherItems": {}, "netIncome": 63077000, "netIncomeApplicableToCommonShares": 63077000}, {"maxAge": 1, "endDate": "2019-06-30", "totalRevenue": 217834000, "costOfRevenue": 112270000, "grossProfit": 105564000, "researchDevelopment": {}, "sellingGeneralAdministrative": 39573000, "nonRecurring": {}, "otherOperatingExpenses": 84197141, "totalOperatingExpenses": 154896000, "operatingIncome": 62938000, "totalOtherIncomeExpenseNet": -1000, "ebit": 0, "interestExpense": {}, "incomeBeforeTax": 62937000, "incomeTaxExpense": 16022000, "minorityInterest": {}, "netIncomeFromContinuingOps": 46915000, "discontinuedOperations": {}, "extraordinaryItems": {}, "effectOfAccountingCharges": {}, "otherItems": {}, "netIncome": 46915000, "netIncomeApplicableToCommonShares": 46915000}], "maxAge": 86400}, "cashflowStatementHistoryQuarterly": {"cashflowStatements": [{"maxAge": 1, "endDate": "2020-03-31", "netIncome": 21862783, "changeToLiabilities": 0}, {"maxAge": 1, "endDate": "2019-12-31", "netIncome": 43023000, "changeToLiabilities": 0}, {"maxAge": 1, "endDate": "2019-09-30", "netIncome": 63077000, "changeToLiabilities": 0}, {"maxAge": 1, "endDate": "2019-06-30", "netIncome": 46915000, "changeToLiabilities": 0}], "maxAge": 86400}, "insiderHolders": {"holders": [{"maxAge": 1, "name": "Jain (Ashok Kumar)", "relation": "UNREPORTED", "url": "", "transactionDescription": "Acquisition", "latestTransDate": "2020-09-16", "positionDirect": 6099630, "positionDirectDate": "2020-09-16"}], "maxAge": 1}, "calendarEvents": {"maxAge": 1, "earnings": {"earningsDate": []}}, "price": {"maxAge": 1, "regularMarketChangePercent": 0.015883999, "regularMarketChange": 1.1500015, "regularMarketTime": "2021-04-30 15:29:28", "priceHint": 2, "regularMarketPrice": 73.55, "regularMarketDayHigh": 75.75, "regularMarketDayLow": 72.7, "regularMarketVolume": 8679, "averageDailyVolume10Day": 7676, "averageDailyVolume3Month": 21937, "regularMarketPreviousClose": 72.4, "regularMarketSource": "FREE_REALTIME", "regularMarketOpen": 72.7, "exchange": "BSE", "exchangeName": "BSE", "exchangeDataDelayedBy": 0, "marketState": "CLOSED", "quoteType": "EQUITY", "symbol": "ARIHCAPM.BO", "underlyingSymbol": null, "shortName": "ARIHANT CAPITAL MARKETS LTD.", "longName": "Arihant Capital Markets Limited", "currency": "INR", "quoteSourceName": "Delayed Quote", "currencySymbol": "\u20b9", "fromCurrency": null, "toCurrency": null, "lastMarket": null, "marketCap": 1531502336}, "balanceSheetHistory": {"balanceSheetStatements": [{"maxAge": 1, "endDate": "2020-03-31", "cash": 530629776, "netReceivables": 887898133, "inventory": 284701188, "otherCurrentAssets": 1270607156, "totalCurrentAssets": 3146052765, "propertyPlantEquipment": 182623682, "intangibleAssets": 7087733, "otherAssets": 23263428, "deferredLongTermAssetCharges": 4736248, "totalAssets": 3359027608, "accountsPayable": 1153348010, "otherCurrentLiab": 236601616, "otherLiab": 17231454, "totalCurrentLiabilities": 1845683293, "totalLiab": 1862914747, "commonStock": 104112800, "retainedEarnings": 1386941134, "treasuryStock": 5058927, "otherStockholderEquity": 5058927, "totalStockholderEquity": 1496112861, "netTangibleAssets": 1489025128}, {"maxAge": 1, "endDate": "2019-03-31", "cash": 146659915, "netReceivables": 1471190219, "inventory": 319600329, "otherCurrentAssets": 1126674336, "totalCurrentAssets": 3216378145, "propertyPlantEquipment": 185084719, "intangibleAssets": 6910314, "otherAssets": 19305636, "deferredLongTermAssetCharges": 625250, "totalAssets": 3427678814, "accountsPayable": 609407774, "otherCurrentLiab": 321278053, "otherLiab": 16618865, "totalCurrentLiabilities": 2065411327, "totalLiab": 2082030192, "commonStock": 104112800, "retainedEarnings": 1237649771, "treasuryStock": 3886051, "otherStockholderEquity": 3886051, "totalStockholderEquity": 1345648622, "netTangibleAssets": 1338738308}, {"maxAge": 1, "endDate": "2018-03-31", "cash": 1062168572, "netReceivables": 1233132165, "inventory": 337766071, "otherCurrentAssets": 67950591, "totalCurrentAssets": 2829366186, "longTermInvestments": 27816390, "propertyPlantEquipment": 202822926, "intangibleAssets": 7051105, "otherAssets": 22131103, "totalAssets": 3089187710, "accountsPayable": 668866940, "otherCurrentLiab": 262323450, "otherLiab": 12911433, "totalCurrentLiabilities": 1887341202, "totalLiab": 1900252635, "commonStock": 104112800, "retainedEarnings": 1081307716, "treasuryStock": 3514559, "otherStockholderEquity": 3514559, "totalStockholderEquity": 1188935075, "netTangibleAssets": 1181883970}, {"maxAge": 1, "endDate": "2017-03-31", "cash": 521904166, "netReceivables": 677548968, "inventory": 316289051, "otherCurrentAssets": 101506739, "totalCurrentAssets": 1634272179, "longTermInvestments": 151403060, "propertyPlantEquipment": 191323247, "intangibleAssets": 2257308, "otherAssets": 20305000, "totalAssets": 1999560794, "accountsPayable": 672133101, "otherCurrentLiab": 227025787, "otherLiab": 11639298, "totalCurrentLiabilities": 986873264, "totalLiab": 998512562, "commonStock": 104112800, "retainedEarnings": 893420873, "treasuryStock": 3514559, "otherStockholderEquity": 3514559, "totalStockholderEquity": 1001048232, "netTangibleAssets": 998790924}], "maxAge": 86400}, "financialData": {"maxAge": 86400, "currentPrice": 73.55, "recommendationKey": "none", "grossProfits": 524141684, "financialCurrency": "INR"}}}