{"ARIHANT.BO": {"recommendationTrend": {"trend": [{"period": "0m", "strongBuy": 0, "buy": 0, "hold": 0, "sell": 0, "strongSell": 0}, {"period": "-1m", "strongBuy": 0, "buy": 0, "hold": 0, "sell": 0, "strongSell": 0}, {"period": "-2m", "strongBuy": 0, "buy": 0, "hold": 0, "sell": 0, "strongSell": 0}, {"period": "-3m", "strongBuy": 0, "buy": 0, "hold": 0, "sell": 0, "strongSell": 0}], "maxAge": 86400}, "cashflowStatementHistory": {"cashflowStatements": [{"maxAge": 1, "endDate": "2020-03-31", "netIncome": -67400000, "depreciation": 21300000, "changeToNetincome": -54000000, "changeToAccountReceivables": -81900000, "changeToLiabilities": 316500000, "changeToInventory": -44600000, "changeToOperatingActivities": -2292200000, "totalCashFromOperatingActivities": -2202300000, "capitalExpenditures": -500000, "investments": 20600000, "otherCashflowsFromInvestingActivities": 178800000, "totalCashflowsFromInvestingActivities": 288900000, "netBorrowings": 2449000000, "otherCashflowsFromFinancingActivities": -359800000, "totalCashFromFinancingActivities": 2089200000, "changeInCash": 175800000}, {"maxAge": 1, "endDate": "2019-03-31", "netIncome": -25084775, "depreciation": 6866254, "changeToNetincome": -27162853, "changeToAccountReceivables": 395338097, "changeToLiabilities": -34036952, "changeToInventory": -34913542, "changeToOperatingActivities": -560580612, "totalCashFromOperatingActivities": -279042621, "capitalExpenditures": -4370326, "investments": 116045300, "otherCashflowsFromInvestingActivities": 197192673, "totalCashflowsFromInvestingActivities": 427848807, "netBorrowings": -100305866, "otherCashflowsFromFinancingActivities": -104420916, "totalCashFromFinancingActivities": -204726782, "changeInCash": -55920596}, {"maxAge": 1, "endDate": "2018-03-31", "netIncome": -26398969, "depreciation": 9720649, "changeToNetincome": -34772345, "changeToAccountReceivables": -343159463, "changeToLiabilities": -304672077, "changeToInventory": 219315334, "changeToOperatingActivities": 473221422, "totalCashFromOperatingActivities": -6205785, "capitalExpenditures": -3598491, "investments": -117068663, "otherCashflowsFromInvestingActivities": 199182147, "totalCashflowsFromInvestingActivities": 78564993, "netBorrowings": 59087993, "otherCashflowsFromFinancingActivities": -81564105, "totalCashFromFinancingActivities": -22476112, "changeInCash": 49883096}, {"maxAge": 1, "endDate": "2017-03-31", "netIncome": -68853316, "depreciation": 10758042, "changeToNetincome": 98080270, "changeToAccountReceivables": 234302982, "changeToLiabilities": 55620623, "changeToInventory": 148568391, "changeToOperatingActivities": -520242426, "totalCashFromOperatingActivities": -41402942, "capitalExpenditures": -11977030, "investments": 88439128, "otherCashflowsFromInvestingActivities": 121267604, "totalCashflowsFromInvestingActivities": 198219702, "netBorrowings": 358850695, "otherCashflowsFromFinancingActivities": -521914175, "totalCashFromFinancingActivities": -163063480, "changeInCash": -6246720}], "maxAge": 86400}, "institutionOwnership": {"maxAge": 1, "ownershipList": []}, "balanceSheetHistoryQuarterly": {"balanceSheetStatements": [{"maxAge": 1, "endDate": "2020-06-30", "totalStockholderEquity": 1106500000, "netTangibleAssets": 1105600000}, {"maxAge": 1, "endDate": "2020-03-31", "cash": 205300000, "shortTermInvestments": 82900000, "netReceivables": 543500000, "inventory": 1128300000, "otherCurrentAssets": 2073400000, "totalCurrentAssets": 4033400000, "longTermInvestments": 324800000, "propertyPlantEquipment": 74900000, "intangibleAssets": 900000, "otherAssets": 2107000000, "deferredLongTermAssetCharges": 327700000, "totalAssets": 6541000000, "accountsPayable": 548500000, "shortLongTermDebt": 358600000, "otherCurrentLiab": 689400000, "longTermDebt": 2109500000, "otherLiab": 192500000, "minorityInterest": -162100000, "totalCurrentLiabilities": 3294600000, "totalLiab": 5596600000, "commonStock": 86000000, "treasuryStock": 1020500000, "otherStockholderEquity": 1020500000, "totalStockholderEquity": 1106500000, "netTangibleAssets": 1105600000}, {"maxAge": 1, "endDate": "2019-12-31", "totalStockholderEquity": 1606200000, "netTangibleAssets": 1604900000}, {"maxAge": 1, "endDate": "2019-09-30", "cash": 40800000, "shortTermInvestments": 59900000, "netReceivables": 962800000, "inventory": 1057600000, "otherCurrentAssets": 505400000, "totalCurrentAssets": 2626500000, "longTermInvestments": 302800000, "propertyPlantEquipment": 74700000, "intangibleAssets": 1300000, "otherAssets": 1407200000, "deferredLongTermAssetCharges": 7600000, "totalAssets": 4412500000, "accountsPayable": 253200000, "shortLongTermDebt": 279800000, "otherCurrentLiab": 640100000, "longTermDebt": 1546000000, "otherLiab": 6600000, "deferredLongTermLiab": 87500000, "minorityInterest": 80600000, "totalCurrentLiabilities": 1173100000, "totalLiab": 2725700000, "commonStock": 86000000, "treasuryStock": 1520200000, "otherStockholderEquity": 1520200000, "totalStockholderEquity": 1606200000, "netTangibleAssets": 1604900000}], "maxAge": 86400}, "earningsHistory": {"history": [{"maxAge": 1, "epsActual": {}, "epsEstimate": {}, "epsDifference": {}, "surprisePercent": {}, "quarter": {}, "period": "-4q"}, {"maxAge": 1, "epsActual": {}, "epsEstimate": {}, "epsDifference": {}, "surprisePercent": {}, "quarter": {}, "period": "-3q"}, {"maxAge": 1, "epsActual": {}, "epsEstimate": {}, "epsDifference": {}, "surprisePercent": {}, "quarter": {}, "period": "-2q"}, {"maxAge": 1, "epsActual": {}, "epsEstimate": {}, "epsDifference": {}, "surprisePercent": {}, "quarter": {}, "period": "-1q"}], "maxAge": 86400}, "indexTrend": {"maxAge": 1, "symbol": "SP5", "peRatio": 19.7411, "pegRatio": 1.34172, "estimates": [{"period": "0q", "growth": 0.549}, {"period": "+1q", "growth": 0.431}, {"period": "0y", "growth": 0.305}, {"period": "+1y", "growth": 0.109}, {"period": "+5y", "growth": 0.120865}, {"period": "-5y"}]}, "industryTrend": {"maxAge": 1, "symbol": null, "estimates": []}, "insiderTransactions": {"transactions": [{"maxAge": 1, "shares": 215000, "filerUrl": "", "transactionText": "", "filerName": "Lunawath (Vimal)", "filerRelation": "Director", "moneyText": "", "startDate": "2010-03-16", "ownership": "D"}, {"maxAge": 1, "shares": 215000, "filerUrl": "", "transactionText": "", "filerName": "Lunawath (Kamal)", "filerRelation": "Managing Director", "moneyText": "", "startDate": "2010-02-16", "ownership": "D"}, {"maxAge": 1, "shares": 24000, "filerUrl": "", "transactionText": "", "filerName": "Siva Projects Engineering & Enterprises Ltd", "filerRelation": "Institution- Corporation", "moneyText": "", "startDate": "2010-01-08", "ownership": "D"}, {"maxAge": 1, "shares": 13020, "filerUrl": "", "transactionText": "", "filerName": "Siva Projects Engineering & Enterprises Ltd", "filerRelation": "Institution- Corporation", "moneyText": "", "startDate": "2010-01-07", "ownership": "D"}, {"maxAge": 1, "shares": 9500, "filerUrl": "", "transactionText": "", "filerName": "Siva Projects Engineering & Enterprises Ltd", "filerRelation": "Institution- Corporation", "moneyText": "", "startDate": "2010-01-06", "ownership": "D"}, {"maxAge": 1, "shares": 2569, "filerUrl": "", "transactionText": "", "filerName": "Siva Projects Engineering & Enterprises Ltd", "filerRelation": "Institution- Corporation", "moneyText": "", "startDate": "2010-01-04", "ownership": "D"}, {"maxAge": 1, "shares": 286, "filerUrl": "", "transactionText": "", "filerName": "Siva Projects Engineering & Enterprises Ltd", "filerRelation": "Institution- Corporation", "moneyText": "", "startDate": "2009-12-22", "ownership": "D"}, {"maxAge": 1, "shares": 4790, "filerUrl": "", "transactionText": "", "filerName": "Siva Projects Engineering & Enterprises Ltd", "filerRelation": "Institution- Corporation", "moneyText": "", "startDate": "2009-12-18", "ownership": "D"}, {"maxAge": 1, "shares": 2948, "filerUrl": "", "transactionText": "", "filerName": "Siva Projects Engineering & Enterprises Ltd", "filerRelation": "Institution- Corporation", "moneyText": "", "startDate": "2009-12-11", "ownership": "D"}, {"maxAge": 1, "shares": 3026, "filerUrl": "", "transactionText": "", "filerName": "Siva Projects Engineering & Enterprises Ltd", "filerRelation": "Institution- Corporation", "moneyText": "", "startDate": "2009-12-10", "ownership": "D"}, {"maxAge": 1, "shares": 270, "filerUrl": "", "transactionText": "", "filerName": "Siva Projects Engineering & Enterprises Ltd", "filerRelation": "Institution- Corporation", "moneyText": "", "startDate": "2009-12-09", "ownership": "D"}, {"maxAge": 1, "shares": 10000, "filerUrl": "", "transactionText": "", "filerName": "Siva Projects Engineering & Enterprises Ltd", "filerRelation": "Institution- Corporation", "moneyText": "", "startDate": "2009-10-09", "ownership": "D"}, {"maxAge": 1, "shares": 28000, "filerUrl": "", "transactionText": "", "filerName": "Siva Projects Engineering & Enterprises Ltd", "filerRelation": "Institution- Corporation", "moneyText": "", "startDate": "2009-08-21", "ownership": "D"}, {"maxAge": 1, "shares": 30000, "filerUrl": "", "transactionText": "", "filerName": "Siva Projects Engineering & Enterprises Ltd", "filerRelation": "Institution- Corporation", "moneyText": "", "startDate": "2009-08-20", "ownership": "D"}, {"maxAge": 1, "shares": 485, "filerUrl": "", "transactionText": "", "filerName": "Siva Projects Engineering & Enterprises Ltd", "filerRelation": "Institution- Corporation", "moneyText": "", "startDate": "2009-08-19", "ownership": "D"}, {"maxAge": 1, "shares": 10055, "filerUrl": "", "transactionText": "", "filerName": "Siva Projects Engineering & Enterprises Ltd", "filerRelation": "Institution- Corporation", "moneyText": "", "startDate": "2009-08-17", "ownership": "D"}, {"maxAge": 1, "shares": 10055, "filerUrl": "", "transactionText": "", "filerName": "Siva Projects Engineering & Enterprises Ltd", "filerRelation": "Institution- Corporation", "moneyText": "", "startDate": "2009-08-17", "ownership": "D"}], "maxAge": 1}, "quoteType": {"exchange": "BSE", "quoteType": "EQUITY", "symbol": "ARIHANT.BO", "underlyingSymbol": "ARIHANT.BO", "shortName": "ARIHANT FOUNDATIONS & HOUSING", "longName": "Arihant Foundations & Housing Limited", "firstTradeDateEpochUtc": "2001-07-18 09:15:00", "timeZoneFullName": "Asia/Kolkata", "timeZoneShortName": "IST", "uuid": "45be57a1-d061-3970-a682-e6362fd64c4d", "messageBoardId": null, "gmtOffSetMilliseconds": 19800000, "maxAge": 1}, "incomeStatementHistory": {"incomeStatementHistory": [{"maxAge": 1, "endDate": "2020-03-31", "totalRevenue": 468400000, "costOfRevenue": 535400000, "grossProfit": -67000000, "researchDevelopment": {}, "sellingGeneralAdministrative": 38200000, "nonRecurring": {}, "otherOperatingExpenses": 78000000, "totalOperatingExpenses": 672900000, "operatingIncome": -204500000, "totalOtherIncomeExpenseNet": 149900000, "ebit": -204500000, "interestExpense": -160800000, "incomeBeforeTax": -54600000, "incomeTaxExpense": 16200000, "minorityInterest": -162100000, "netIncomeFromContinuingOps": -70800000, "discontinuedOperations": {}, "extraordinaryItems": {}, "effectOfAccountingCharges": {}, "otherItems": {}, "netIncome": -67400000, "netIncomeApplicableToCommonShares": -67400000}, {"maxAge": 1, "endDate": "2019-03-31", "totalRevenue": 799918724, "costOfRevenue": 726024589, "grossProfit": 73894135, "researchDevelopment": {}, "sellingGeneralAdministrative": 63943343, "nonRecurring": {}, "otherOperatingExpenses": 19439987, "totalOperatingExpenses": 816805935, "operatingIncome": -16887211, "totalOtherIncomeExpenseNet": 56667161, "ebit": -16887211, "interestExpense": -243866607, "incomeBeforeTax": 39779950, "incomeTaxExpense": 29473064, "minorityInterest": 79356309, "netIncomeFromContinuingOps": 10306886, "discontinuedOperations": {}, "extraordinaryItems": {}, "effectOfAccountingCharges": {}, "otherItems": {}, "netIncome": -25084775, "netIncomeApplicableToCommonShares": -25084775}, {"maxAge": 1, "endDate": "2018-03-31", "totalRevenue": 656249502, "costOfRevenue": 486114501, "grossProfit": 170135001, "researchDevelopment": {}, "sellingGeneralAdministrative": 58303728, "nonRecurring": {}, "otherOperatingExpenses": 32861680, "totalOperatingExpenses": 587540222, "operatingIncome": 68709280, "totalOtherIncomeExpenseNet": -47331409, "ebit": 68709280, "interestExpense": -184446542, "incomeBeforeTax": 21377871, "incomeTaxExpense": 35407015, "minorityInterest": 57718207, "netIncomeFromContinuingOps": -14029144, "discontinuedOperations": {}, "extraordinaryItems": {}, "effectOfAccountingCharges": {}, "otherItems": {}, "netIncome": -26398969, "netIncomeApplicableToCommonShares": -26398969}, {"maxAge": 1, "endDate": "2017-03-31", "totalRevenue": 680022950, "costOfRevenue": 422285655, "grossProfit": 257737295, "researchDevelopment": {}, "sellingGeneralAdministrative": 52893128, "nonRecurring": {}, "otherOperatingExpenses": 127004534, "totalOperatingExpenses": 613303851, "operatingIncome": 66719099, "totalOtherIncomeExpenseNet": -137461230, "ebit": 66719099, "interestExpense": -232693053, "incomeBeforeTax": -70742131, "incomeTaxExpense": -1856520, "minorityInterest": 45293541, "netIncomeFromContinuingOps": -68885611, "discontinuedOperations": {}, "extraordinaryItems": {}, "effectOfAccountingCharges": {}, "otherItems": {}, "netIncome": -68853316, "netIncomeApplicableToCommonShares": -68853316}], "maxAge": 86400}, "fundOwnership": {"maxAge": 1, "ownershipList": []}, "summaryDetail": {"maxAge": 1, "priceHint": 2, "previousClose": 19.95, "open": 19.45, "dayLow": 18.55, "dayHigh": 19.95, "regularMarketPreviousClose": 19.95, "regularMarketOpen": 19.45, "regularMarketDayLow": 18.55, "regularMarketDayHigh": 19.95, "volume": 23, "regularMarketVolume": 23, "averageVolume": 1616, "averageVolume10days": 235, "averageDailyVolume10Day": 235, "bid": 18.4, "ask": 20.0, "bidSize": 0, "askSize": 0, "marketCap": 171570000, "fiftyTwoWeekLow": 11.76, "fiftyTwoWeekHigh": 31.0, "fiftyDayAverage": 24.435715, "twoHundredDayAverage": 19.540941, "currency": "INR", "fromCurrency": null, "toCurrency": null, "lastMarket": null, "algorithm": null, "tradeable": false}, "sectorTrend": {"maxAge": 1, "symbol": null, "estimates": []}, "incomeStatementHistoryQuarterly": {"incomeStatementHistory": [{"maxAge": 1, "endDate": "2020-06-30", "totalRevenue": 59800000, "costOfRevenue": 78600000, "grossProfit": -18800000, "researchDevelopment": {}, "sellingGeneralAdministrative": 8600000, "nonRecurring": {}, "otherOperatingExpenses": 14300000, "totalOperatingExpenses": 102800000, "operatingIncome": -43000000, "totalOtherIncomeExpenseNet": 20300000, "ebit": -43000000, "interestExpense": -22200000, "incomeBeforeTax": -22700000, "incomeTaxExpense": 1200000, "minorityInterest": {}, "netIncomeFromContinuingOps": -23900000, "discontinuedOperations": {}, "extraordinaryItems": {}, "effectOfAccountingCharges": {}, "otherItems": {}, "netIncome": -19800000, "netIncomeApplicableToCommonShares": -19800000}, {"maxAge": 1, "endDate": "2020-03-31", "totalRevenue": 222600000, "costOfRevenue": 297400000, "grossProfit": -74800000, "researchDevelopment": {}, "sellingGeneralAdministrative": 10900000, "nonRecurring": {}, "otherOperatingExpenses": 24200000, "totalOperatingExpenses": 349500000, "operatingIncome": -126900000, "totalOtherIncomeExpenseNet": 40900000, "ebit": -126900000, "interestExpense": -57000000, "incomeBeforeTax": -86000000, "incomeTaxExpense": 9800000, "minorityInterest": -162100000, "netIncomeFromContinuingOps": -95800000, "discontinuedOperations": {}, "extraordinaryItems": {}, "effectOfAccountingCharges": {}, "otherItems": {}, "netIncome": -78900000, "netIncomeApplicableToCommonShares": -78900000}, {"maxAge": 1, "endDate": "2019-12-31", "totalRevenue": 110700000, "costOfRevenue": 76800000, "grossProfit": 33900000, "researchDevelopment": {}, "sellingGeneralAdministrative": 12000000, "nonRecurring": {}, "otherOperatingExpenses": 14600000, "totalOperatingExpenses": 104800000, "operatingIncome": 5900000, "totalOtherIncomeExpenseNet": 8900000, "ebit": 5900000, "interestExpense": -47000000, "incomeBeforeTax": 14800000, "incomeTaxExpense": 2700000, "minorityInterest": -162100000, "netIncomeFromContinuingOps": 12100000, "discontinuedOperations": {}, "extraordinaryItems": {}, "effectOfAccountingCharges": {}, "otherItems": {}, "netIncome": 5600000, "netIncomeApplicableToCommonShares": 5600000}, {"maxAge": 1, "endDate": "2019-09-30", "totalRevenue": 118600000, "costOfRevenue": 72500000, "grossProfit": 46100000, "researchDevelopment": {}, "sellingGeneralAdministrative": 7100000, "nonRecurring": {}, "otherOperatingExpenses": 13200000, "totalOperatingExpenses": 94000000, "operatingIncome": 24600000, "totalOtherIncomeExpenseNet": 43500000, "ebit": 24600000, "interestExpense": -14500000, "incomeBeforeTax": 68100000, "incomeTaxExpense": 1000000, "minorityInterest": 80600000, "netIncomeFromContinuingOps": 67100000, "discontinuedOperations": {}, "extraordinaryItems": {}, "effectOfAccountingCharges": {}, "otherItems": {}, "netIncome": 30900000, "netIncomeApplicableToCommonShares": 30900000}], "maxAge": 86400}, "cashflowStatementHistoryQuarterly": {"cashflowStatements": [{"maxAge": 1, "endDate": "2020-06-30", "netIncome": -19800000, "changeToLiabilities": 0}, {"maxAge": 1, "endDate": "2020-03-31", "netIncome": -78900000, "changeToLiabilities": 0}, {"maxAge": 1, "endDate": "2019-12-31", "netIncome": 5600000, "changeToLiabilities": 0}, {"maxAge": 1, "endDate": "2019-09-30", "netIncome": 30900000, "changeToLiabilities": 0}], "maxAge": 86400}, "insiderHolders": {"holders": [{"maxAge": 1, "name": "Lunawath (Kamal)", "relation": "Managing Director", "url": "", "transactionDescription": "Acquisition", "latestTransDate": "2010-02-16", "positionDirect": 534100, "positionDirectDate": "2010-02-16"}, {"maxAge": 1, "name": "Lunawath (Vimal)", "relation": "Director", "url": "", "transactionDescription": "Acquisition", "latestTransDate": "2010-03-16", "positionDirect": 481400, "positionDirectDate": "2010-03-16"}, {"maxAge": 1, "name": "Siva Projects Engineering & Enterprises Ltd", "relation": "Institution- Corporation", "url": "", "transactionDescription": "Acquisition", "latestTransDate": "2010-01-08", "positionDirect": 994467, "positionDirectDate": "2010-01-08"}], "maxAge": 1}, "earnings": {"maxAge": 86400, "earningsChart": {"quarterly": [], "earningsDate": ["2020-09-15 05:30:S"]}, "financialsChart": {"yearly": [{"date": 2017, "revenue": 680022950, "earnings": -68853316}, {"date": 2018, "revenue": 656249502, "earnings": -26398969}, {"date": 2019, "revenue": 799918724, "earnings": -25084775}, {"date": 2020, "revenue": 468400000, "earnings": -67400000}], "quarterly": [{"date": "3Q2019", "revenue": 118600000, "earnings": 30900000}, {"date": "4Q2019", "revenue": 110700000, "earnings": 5600000}, {"date": "1Q2020", "revenue": 222600000, "earnings": -78900000}, {"date": "2Q2020", "revenue": 59800000, "earnings": -19800000}]}, "financialCurrency": "INR"}, "calendarEvents": {"maxAge": 1, "earnings": {"earningsDate": ["2020-09-15 05:30:S"]}}, "price": {"maxAge": 1, "regularMarketChangePercent": 0.0, "regularMarketChange": 0.0, "regularMarketTime": "2021-04-29 15:40:03", "priceHint": 2, "regularMarketPrice": 19.95, "regularMarketDayHigh": 19.95, "regularMarketDayLow": 18.55, "regularMarketVolume": 23, "averageDailyVolume10Day": 235, "averageDailyVolume3Month": 1616, "regularMarketPreviousClose": 19.95, "regularMarketSource": "FREE_REALTIME", "regularMarketOpen": 19.45, "exchange": "BSE", "exchangeName": "BSE", "exchangeDataDelayedBy": 0, "marketState": "CLOSED", "quoteType": "EQUITY", "symbol": "ARIHANT.BO", "underlyingSymbol": null, "shortName": "ARIHANT FOUNDATIONS & HOUSING", "longName": "Arihant Foundations & Housing Limited", "currency": "INR", "quoteSourceName": "Delayed Quote", "currencySymbol": "\u20b9", "fromCurrency": null, "toCurrency": null, "lastMarket": null, "marketCap": 171570000}, "balanceSheetHistory": {"balanceSheetStatements": [{"maxAge": 1, "endDate": "2020-03-31", "cash": 205300000, "shortTermInvestments": 82900000, "netReceivables": 543500000, "inventory": 1128300000, "otherCurrentAssets": 2073400000, "totalCurrentAssets": 4033400000, "longTermInvestments": 324800000, "propertyPlantEquipment": 74900000, "intangibleAssets": 900000, "otherAssets": 2107000000, "deferredLongTermAssetCharges": 327700000, "totalAssets": 6541000000, "accountsPayable": 548500000, "shortLongTermDebt": 358600000, "otherCurrentLiab": 689400000, "longTermDebt": 2109500000, "otherLiab": 192500000, "minorityInterest": -162100000, "totalCurrentLiabilities": 3294600000, "totalLiab": 5596600000, "commonStock": 86000000, "treasuryStock": 1020500000, "otherStockholderEquity": 1020500000, "totalStockholderEquity": 1106500000, "netTangibleAssets": 1105600000}, {"maxAge": 1, "endDate": "2019-03-31", "cash": 22068598, "shortTermInvestments": 6323397, "netReceivables": 477755848, "inventory": 1083695578, "otherCurrentAssets": 427925537, "totalCurrentAssets": 2034985548, "longTermInvestments": 347813804, "propertyPlantEquipment": 89963334, "intangibleAssets": 1375320, "otherAssets": 1209547311, "deferredLongTermAssetCharges": 86238353, "totalAssets": 3683685317, "accountsPayable": 232090700, "shortLongTermDebt": 218300006, "otherCurrentLiab": 233659893, "longTermDebt": 1308734275, "otherLiab": 6593137, "deferredLongTermLiab": 131932224, "minorityInterest": 79356309, "totalCurrentLiabilities": 689237187, "totalLiab": 2004564599, "commonStock": 86000000, "retainedEarnings": 926968514, "treasuryStock": 16145895, "capitalSurplus": 570650000, "otherStockholderEquity": 16145895, "totalStockholderEquity": 1599764409, "netTangibleAssets": 1598389089}, {"maxAge": 1, "endDate": "2018-03-31", "cash": 77989195, "shortTermInvestments": 15725603, "netReceivables": 962193618, "inventory": 1048782036, "otherCurrentAssets": 392023632, "totalCurrentAssets": 2514847184, "longTermInvestments": 434673223, "propertyPlantEquipment": 108923365, "intangibleAssets": 1871082, "otherAssets": 1311351069, "deferredLongTermAssetCharges": 96886071, "totalAssets": 4371665923, "accountsPayable": 264127652, "shortLongTermDebt": 351974613, "otherCurrentLiab": 766282721, "longTermDebt": 1404556641, "otherLiab": 7898689, "deferredLongTermLiab": 30503086, "minorityInterest": 57718207, "totalCurrentLiabilities": 1398082101, "totalLiab": 2810537431, "commonStock": 86000000, "retainedEarnings": 835849201, "treasuryStock": 10911084, "capitalSurplus": 570650000, "otherStockholderEquity": 10911084, "totalStockholderEquity": 1503410285, "netTangibleAssets": 1501539203}, {"maxAge": 1, "endDate": "2017-03-31", "cash": 28106099, "shortTermInvestments": 16931897, "netReceivables": 743848792, "inventory": 1268097370, "otherCurrentAssets": 264134398, "totalCurrentAssets": 2606803663, "longTermInvestments": 451905256, "propertyPlantEquipment": 115281171, "intangibleAssets": 2410746, "otherAssets": 1471792536, "deferredLongTermAssetCharges": 37124242, "totalAssets": 4648193372, "accountsPayable": 570799729, "shortLongTermDebt": 161205698, "otherCurrentLiab": 466951127, "longTermDebt": 1345468648, "otherLiab": 245951422, "deferredLongTermLiab": 42777388, "minorityInterest": 45293541, "totalCurrentLiabilities": 1214385687, "totalLiab": 2805805757, "commonStock": 86000000, "retainedEarnings": 1131874682, "treasuryStock": 8569392, "capitalSurplus": 570650000, "otherStockholderEquity": 8569392, "totalStockholderEquity": 1797094074, "netTangibleAssets": 1794683328}], "maxAge": 86400}, "earningsTrend": {"trend": [{"maxAge": 1, "period": "0q", "endDate": null, "growth": {}, "earningsEstimate": {"avg": 0.0, "low": 0.0, "high": 0.0, "yearAgoEps": {}, "numberOfAnalysts": 0, "growth": {}}, "revenueEstimate": {"avg": 0, "low": 0, "high": 0, "numberOfAnalysts": 0, "yearAgoRevenue": {}, "growth": {}}, "epsTrend": {"current": 0.0, "7daysAgo": 0.0, "30daysAgo": 0.0, "60daysAgo": 0.0, "90daysAgo": 0.0}, "epsRevisions": {"upLast7days": 0, "upLast30days": 0, "downLast30days": 0, "downLast90days": {}}}, {"maxAge": 1, "period": "+1q", "endDate": null, "growth": {}, "earningsEstimate": {"avg": 0.0, "low": 0.0, "high": 0.0, "yearAgoEps": {}, "numberOfAnalysts": 0, "growth": {}}, "revenueEstimate": {"avg": 0, "low": 0, "high": 0, "numberOfAnalysts": 0, "yearAgoRevenue": {}, "growth": {}}, "epsTrend": {"current": 0.0, "7daysAgo": 0.0, "30daysAgo": 0.0, "60daysAgo": 0.0, "90daysAgo": 0.0}, "epsRevisions": {"upLast7days": 0, "upLast30days": 0, "downLast30days": 0, "downLast90days": {}}}, {"maxAge": 1, "period": "0y", "endDate": null, "growth": {}, "earningsEstimate": {"avg": 0.0, "low": 0.0, "high": 0.0, "yearAgoEps": {}, "numberOfAnalysts": 0, "growth": {}}, "revenueEstimate": {"avg": 0, "low": 0, "high": 0, "numberOfAnalysts": 0, "yearAgoRevenue": {}, "growth": {}}, "epsTrend": {"current": 0.0, "7daysAgo": 0.0, "30daysAgo": 0.0, "60daysAgo": 0.0, "90daysAgo": 0.0}, "epsRevisions": {"upLast7days": 0, "upLast30days": 0, "downLast30days": 0, "downLast90days": {}}}, {"maxAge": 1, "period": "+1y", "endDate": null, "growth": {}, "earningsEstimate": {"avg": 0.0, "low": 0.0, "high": 0.0, "yearAgoEps": {}, "numberOfAnalysts": 0, "growth": {}}, "revenueEstimate": {"avg": 0, "low": 0, "high": 0, "numberOfAnalysts": 0, "yearAgoRevenue": {}, "growth": {}}, "epsTrend": {"current": 0.0, "7daysAgo": 0.0, "30daysAgo": 0.0, "60daysAgo": 0.0, "90daysAgo": 0.0}, "epsRevisions": {"upLast7days": 0, "upLast30days": 0, "downLast30days": 0, "downLast90days": {}}}, {"maxAge": 1, "period": "+5y", "endDate": null, "growth": {}, "earningsEstimate": {"avg": {}, "low": {}, "high": {}, "yearAgoEps": {}, "numberOfAnalysts": {}, "growth": {}}, "revenueEstimate": {"avg": {}, "low": {}, "high": {}, "numberOfAnalysts": {}, "yearAgoRevenue": {}, "growth": {}}, "epsTrend": {"current": {}, "7daysAgo": {}, "30daysAgo": {}, "60daysAgo": {}, "90daysAgo": {}}, "epsRevisions": {"upLast7days": {}, "upLast30days": {}, "downLast30days": {}, "downLast90days": {}}}, {"maxAge": 1, "period": "-5y", "endDate": null, "growth": {}, "earningsEstimate": {"avg": {}, "low": {}, "high": {}, "yearAgoEps": {}, "numberOfAnalysts": {}, "growth": {}}, "revenueEstimate": {"avg": {}, "low": {}, "high": {}, "numberOfAnalysts": {}, "yearAgoRevenue": {}, "growth": {}}, "epsTrend": {"current": {}, "7daysAgo": {}, "30daysAgo": {}, "60daysAgo": {}, "90daysAgo": {}}, "epsRevisions": {"upLast7days": {}, "upLast30days": {}, "downLast30days": {}, "downLast90days": {}}}], "maxAge": 1}, "financialData": {"maxAge": 86400, "currentPrice": 19.95, "recommendationMean": 2.0, "recommendationKey": "buy", "grossProfits": -67000000, "financialCurrency": "INR"}}}