{"ARMANFIN.BO": {"recommendationTrend": {"trend": [{"period": "0m", "strongBuy": 0, "buy": 0, "hold": 0, "sell": 0, "strongSell": 0}, {"period": "-1m", "strongBuy": 0, "buy": 0, "hold": 0, "sell": 0, "strongSell": 0}, {"period": "-2m", "strongBuy": 0, "buy": 0, "hold": 0, "sell": 0, "strongSell": 0}, {"period": "-3m", "strongBuy": 0, "buy": 0, "hold": 0, "sell": 0, "strongSell": 0}], "maxAge": 86400}, "cashflowStatementHistory": {"cashflowStatements": [{"maxAge": 1, "endDate": "2020-03-31", "netIncome": 415198000, "depreciation": 7984000, "changeToNetincome": 43700000, "changeToLiabilities": -1891000, "changeToOperatingActivities": -1219491000, "totalCashFromOperatingActivities": -754500000, "capitalExpenditures": -8477000, "otherCashflowsFromInvestingActivities": 27464000, "totalCashflowsFromInvestingActivities": 18987000, "dividendsPaid": -11570000, "netBorrowings": 947751000, "otherCashflowsFromFinancingActivities": -1148000, "totalCashFromFinancingActivities": 936520000, "changeInCash": 201007000, "issuanceOfStock": 1487000}, {"maxAge": 1, "endDate": "2019-03-31", "netIncome": 264314000, "depreciation": 4844000, "changeToNetincome": 22179000, "changeToLiabilities": 7034000, "changeToOperatingActivities": -2505935000, "totalCashFromOperatingActivities": -2207564000, "capitalExpenditures": -17676000, "otherCashflowsFromInvestingActivities": 4862000, "totalCashflowsFromInvestingActivities": -6296000, "dividendsPaid": -8461000, "netBorrowings": 2524340000, "otherCashflowsFromFinancingActivities": -1148000, "totalCashFromFinancingActivities": 2517261000, "changeInCash": 303401000, "issuanceOfStock": 1382000}, {"maxAge": 1, "endDate": "2018-03-31", "netIncome": 72956707, "depreciation": 3732412, "changeToNetincome": 380155391, "changeToLiabilities": 0, "changeToOperatingActivities": -2482555293, "totalCashFromOperatingActivities": -2025710783, "capitalExpenditures": -8135599, "investments": -112955681, "otherCashflowsFromInvestingActivities": -3000000, "totalCashflowsFromInvestingActivities": -122445280, "dividendsPaid": -11791326, "netBorrowings": 2436139135, "otherCashflowsFromFinancingActivities": -320336890, "totalCashFromFinancingActivities": 2054010919, "changeInCash": -94145144, "issuanceOfStock": 1382000}, {"maxAge": 1, "endDate": "2017-03-31", "netIncome": 63236437, "depreciation": 2942396, "changeToNetincome": 255929078, "changeToLiabilities": 0, "changeToOperatingActivities": -107897251, "totalCashFromOperatingActivities": 214210660, "capitalExpenditures": -10430663, "investments": 1894526, "otherCashflowsFromInvestingActivities": -10000000, "totalCashflowsFromInvestingActivities": -16813537, "dividendsPaid": -17731718, "netBorrowings": 139912521, "otherCashflowsFromFinancingActivities": -216638439, "totalCashFromFinancingActivities": -94457636, "changeInCash": 102939487, "issuanceOfStock": 1382000}], "maxAge": 86400}, "institutionOwnership": {"maxAge": 1, "ownershipList": []}, "balanceSheetHistoryQuarterly": {"balanceSheetStatements": [{"maxAge": 1, "endDate": "2020-06-30", "totalStockholderEquity": 1722253000, "netTangibleAssets": 1720484000}, {"maxAge": 1, "endDate": "2020-03-31", "cash": 584209000, "netReceivables": 7800187000, "otherCurrentAssets": 484922000, "totalCurrentAssets": 8869318000, "propertyPlantEquipment": 42684000, "intangibleAssets": 1769000, "otherAssets": 47868000, "deferredLongTermAssetCharges": 47868000, "totalAssets": 8961639000, "shortLongTermDebt": 2805431000, "otherCurrentLiab": 73962000, "longTermDebt": 3937840000, "otherLiab": 4607000, "totalCurrentLiabilities": 3290226000, "totalLiab": 7239393000, "commonStock": 84509000, "retainedEarnings": 950537000, "treasuryStock": 5904000, "capitalSurplus": 681296000, "otherStockholderEquity": 5904000, "totalStockholderEquity": 1722246000, "netTangibleAssets": 1720477000}, {"maxAge": 1, "endDate": "2019-12-31", "totalStockholderEquity": 1464365000, "netTangibleAssets": 1462197000}, {"maxAge": 1, "endDate": "2019-09-30", "cash": 1091819000, "netReceivables": 7585589000, "otherCurrentAssets": -1000, "totalCurrentAssets": 8677407000, "longTermInvestments": 38635000, "propertyPlantEquipment": 45520000, "intangibleAssets": 2168000, "otherAssets": 17026000, "deferredLongTermAssetCharges": 16469000, "totalAssets": 8780756000, "accountsPayable": 40462000, "otherCurrentLiab": 30550000, "longTermDebt": 6978896000, "otherLiab": 306945000, "totalCurrentLiabilities": 30550000, "totalLiab": 7316391000, "commonStock": 69813000, "treasuryStock": 1394552000, "otherStockholderEquity": 1394552000, "totalStockholderEquity": 1464365000, "netTangibleAssets": 1462197000}], "maxAge": 86400}, "earningsHistory": {"history": [{"maxAge": 1, "epsActual": {}, "epsEstimate": {}, "epsDifference": {}, "surprisePercent": {}, "quarter": {}, "period": "-4q"}, {"maxAge": 1, "epsActual": {}, "epsEstimate": {}, "epsDifference": {}, "surprisePercent": {}, "quarter": {}, "period": "-3q"}, {"maxAge": 1, "epsActual": {}, "epsEstimate": {}, "epsDifference": {}, "surprisePercent": {}, "quarter": {}, "period": "-2q"}, {"maxAge": 1, "epsActual": {}, "epsEstimate": {}, "epsDifference": {}, "surprisePercent": {}, "quarter": {}, "period": "-1q"}], "maxAge": 86400}, "indexTrend": {"maxAge": 1, "symbol": "SP5", "peRatio": 19.7411, "pegRatio": 1.34172, "estimates": [{"period": "0q", "growth": 0.549}, {"period": "+1q", "growth": 0.431}, {"period": "0y", "growth": 0.305}, {"period": "+1y", "growth": 0.109}, {"period": "+5y", "growth": 0.120865}, {"period": "-5y"}]}, "industryTrend": {"maxAge": 1, "symbol": null, "estimates": []}, "insiderTransactions": {"transactions": [{"maxAge": 1, "shares": 248930, "filerUrl": "", "transactionText": "", "filerName": "Patel (Aakash J.)", "filerRelation": "Director (Non-Executive)", "moneyText": "", "startDate": "2020-03-18", "ownership": "D"}, {"maxAge": 1, "shares": 500, "filerUrl": "", "transactionText": "", "filerName": "Manakiwala (Himaniben Amit)", "filerRelation": "Promoter", "moneyText": "", "startDate": "2019-12-18", "ownership": "D"}, {"maxAge": 1, "shares": 1500, "filerUrl": "", "transactionText": "", "filerName": "Manakiwala (Himaniben Amit)", "filerRelation": "Promoter", "moneyText": "", "startDate": "2019-12-18", "ownership": "D"}, {"maxAge": 1, "shares": 2045, "filerUrl": "", "transactionText": "", "filerName": "Manakiwala (Himaniben Amit)", "filerRelation": "Promoter", "moneyText": "", "startDate": "2019-12-17", "ownership": "D"}, {"maxAge": 1, "shares": 845, "filerUrl": "", "transactionText": "", "filerName": "Manakiwala (Himaniben Amit)", "filerRelation": "Promoter", "moneyText": "", "startDate": "2019-12-16", "ownership": "D"}, {"maxAge": 1, "shares": 1540, "filerUrl": "", "transactionText": "", "filerName": "Manakiwala (Himaniben Amit)", "filerRelation": "Promoter", "moneyText": "", "startDate": "2019-12-16", "ownership": "D"}, {"maxAge": 1, "shares": 782908, "filerUrl": "", "transactionText": "", "filerName": "Namra Holding & Consultancy Services Pvt Ltd", "filerRelation": "Promoter", "moneyText": "", "startDate": "2019-12-12", "ownership": "D"}], "maxAge": 1}, "quoteType": {"exchange": "BSE", "quoteType": "EQUITY", "symbol": "ARMANFIN.BO", "underlyingSymbol": "ARMANFIN.BO", "shortName": "ARMAN FINANCIAL SERVICES LTD.", "longName": "Arman Financial Services Limited", "firstTradeDateEpochUtc": "2002-05-22 09:15:00", "timeZoneFullName": "Asia/Kolkata", "timeZoneShortName": "IST", "uuid": "e24b5fa3-e5c2-3375-ab55-533d5a19b331", "messageBoardId": null, "gmtOffSetMilliseconds": 19800000, "maxAge": 1}, "incomeStatementHistory": {"incomeStatementHistory": [{"maxAge": 1, "endDate": "2020-03-31", "totalRevenue": 1321445000, "costOfRevenue": 1444000, "grossProfit": 1320001000, "researchDevelopment": {}, "sellingGeneralAdministrative": 402195000, "nonRecurring": {}, "otherOperatingExpenses": 171978000, "totalOperatingExpenses": 583601000, "operatingIncome": 737844000, "totalOtherIncomeExpenseNet": -200084000, "ebit": 0, "interestExpense": {}, "incomeBeforeTax": 537760000, "incomeTaxExpense": 122562000, "minorityInterest": {}, "netIncomeFromContinuingOps": 415198000, "discontinuedOperations": {}, "extraordinaryItems": {}, "effectOfAccountingCharges": {}, "otherItems": {}, "netIncome": 415198000, "netIncomeApplicableToCommonShares": 415198000}, {"maxAge": 1, "endDate": "2019-03-31", "totalRevenue": 829710000, "costOfRevenue": 999000, "grossProfit": 828711000, "researchDevelopment": {}, "sellingGeneralAdministrative": 287097000, "nonRecurring": {}, "otherOperatingExpenses": 109972000, "totalOperatingExpenses": 402912000, "operatingIncome": 426798000, "totalOtherIncomeExpenseNet": -64513000, "ebit": 0, "interestExpense": {}, "incomeBeforeTax": 362285000, "incomeTaxExpense": 97971000, "minorityInterest": {}, "netIncomeFromContinuingOps": 264314000, "discontinuedOperations": {}, "extraordinaryItems": {}, "effectOfAccountingCharges": {}, "otherItems": {}, "netIncome": 264314000, "netIncomeApplicableToCommonShares": 264314000}, {"maxAge": 1, "endDate": "2018-03-31", "totalRevenue": 461201374, "costOfRevenue": 959728, "grossProfit": 460241646, "researchDevelopment": {}, "sellingGeneralAdministrative": 176245015, "nonRecurring": {}, "otherOperatingExpenses": 130100433, "totalOperatingExpenses": 363393823, "operatingIncome": 97807551, "totalOtherIncomeExpenseNet": 121547, "ebit": 0, "interestExpense": {}, "incomeBeforeTax": 97929098, "incomeTaxExpense": 24972391, "minorityInterest": {}, "netIncomeFromContinuingOps": 72956707, "discontinuedOperations": {}, "extraordinaryItems": {}, "effectOfAccountingCharges": {}, "otherItems": {}, "netIncome": 72956707, "netIncomeApplicableToCommonShares": 70707721}, {"maxAge": 1, "endDate": "2017-03-31", "totalRevenue": 315056634, "costOfRevenue": 750220, "grossProfit": 314306414, "researchDevelopment": {}, "sellingGeneralAdministrative": 110503755, "nonRecurring": {}, "otherOperatingExpenses": 70373538, "totalOperatingExpenses": 216590535, "operatingIncome": 98466099, "totalOtherIncomeExpenseNet": 216318, "ebit": 0, "interestExpense": {}, "incomeBeforeTax": 98682417, "incomeTaxExpense": 35445980, "minorityInterest": {}, "netIncomeFromContinuingOps": 63236437, "discontinuedOperations": {}, "extraordinaryItems": {}, "effectOfAccountingCharges": {}, "otherItems": {}, "netIncome": 63236437, "netIncomeApplicableToCommonShares": 55413037}], "maxAge": 86400}, "fundOwnership": {"maxAge": 1, "ownershipList": [{"maxAge": 1, "reportDate": "2020-06-30", "organization": "Alps Series Tr-Seven Canyons Strategic Income Fd", "pctHeld": 0.0047999998, "position": 40501, "value": 18006744}]}, "summaryDetail": {"maxAge": 1, "priceHint": 2, "previousClose": 577.55, "open": 577.0, "dayLow": 550.0, "dayHigh": 580.0, "regularMarketPreviousClose": 577.55, "regularMarketOpen": 577.0, "regularMarketDayLow": 550.0, "regularMarketDayHigh": 580.0, "trailingPE": 12.509288, "volume": 1450, "regularMarketVolume": 1450, "averageVolume": 2058, "averageVolume10days": 3831, "averageDailyVolume10Day": 3831, "bid": 551.0, "ask": 563.0, "bidSize": 0, "askSize": 0, "marketCap": 4716151808, "fiftyTwoWeekLow": 287.3, "fiftyTwoWeekHigh": 1119.95, "fiftyDayAverage": 700.4186, "twoHundredDayAverage": 614.85364, "trailingAnnualDividendRate": 1.4, "trailingAnnualDividendYield": 0.0024240327, "currency": "INR", "fromCurrency": null, "toCurrency": null, "lastMarket": null, "algorithm": null, "tradeable": false}, "sectorTrend": {"maxAge": 1, "symbol": null, "estimates": []}, "incomeStatementHistoryQuarterly": {"incomeStatementHistory": [{"maxAge": 1, "endDate": "2020-06-30", "totalRevenue": 270383000, "costOfRevenue": 0, "grossProfit": 270383000, "researchDevelopment": {}, "sellingGeneralAdministrative": 82988000, "nonRecurring": {}, "otherOperatingExpenses": 16606000, "totalOperatingExpenses": 101667000, "operatingIncome": 168716000, "totalOtherIncomeExpenseNet": -102443000, "ebit": 0, "interestExpense": {}, "incomeBeforeTax": 66273000, "incomeTaxExpense": 13187000, "minorityInterest": {}, "netIncomeFromContinuingOps": 53086000, "discontinuedOperations": {}, "extraordinaryItems": {}, "effectOfAccountingCharges": {}, "otherItems": {}, "netIncome": 53086000, "netIncomeApplicableToCommonShares": 53086000}, {"maxAge": 1, "endDate": "2020-03-31", "totalRevenue": 336642000, "costOfRevenue": -14435000, "grossProfit": 351077000, "researchDevelopment": {}, "sellingGeneralAdministrative": 143901000, "nonRecurring": {}, "otherOperatingExpenses": 56206000, "totalOperatingExpenses": 187774000, "operatingIncome": 148868000, "totalOtherIncomeExpenseNet": -119315000, "ebit": 0, "interestExpense": {}, "incomeBeforeTax": 29553000, "incomeTaxExpense": -8500000, "minorityInterest": {}, "netIncomeFromContinuingOps": 38053000, "discontinuedOperations": {}, "extraordinaryItems": {}, "effectOfAccountingCharges": {}, "otherItems": {}, "netIncome": 38053000, "netIncomeApplicableToCommonShares": 38053000}, {"maxAge": 1, "endDate": "2019-12-31", "totalRevenue": 362805000, "costOfRevenue": 5341000, "grossProfit": 357464000, "researchDevelopment": {}, "sellingGeneralAdministrative": 90161000, "nonRecurring": {}, "otherOperatingExpenses": 40399000, "totalOperatingExpenses": 137951000, "operatingIncome": 224854000, "totalOtherIncomeExpenseNet": -43651000, "ebit": 0, "interestExpense": {}, "incomeBeforeTax": 181203000, "incomeTaxExpense": 45581000, "minorityInterest": {}, "netIncomeFromContinuingOps": 135622000, "discontinuedOperations": {}, "extraordinaryItems": {}, "effectOfAccountingCharges": {}, "otherItems": {}, "netIncome": 135622000, "netIncomeApplicableToCommonShares": 135622000}, {"maxAge": 1, "endDate": "2019-09-30", "totalRevenue": 322540000, "costOfRevenue": 5871000, "grossProfit": 316669000, "researchDevelopment": {}, "sellingGeneralAdministrative": 88070000, "nonRecurring": {}, "otherOperatingExpenses": 38863000, "totalOperatingExpenses": 135051000, "operatingIncome": 187489000, "totalOtherIncomeExpenseNet": -22317000, "ebit": 0, "interestExpense": {}, "incomeBeforeTax": 165172000, "incomeTaxExpense": 44755000, "minorityInterest": {}, "netIncomeFromContinuingOps": 120417000, "discontinuedOperations": {}, "extraordinaryItems": {}, "effectOfAccountingCharges": {}, "otherItems": {}, "netIncome": 120417000, "netIncomeApplicableToCommonShares": 120417000}], "maxAge": 86400}, "cashflowStatementHistoryQuarterly": {"cashflowStatements": [{"maxAge": 1, "endDate": "2020-06-30", "netIncome": 53086000, "changeToLiabilities": 0}, {"maxAge": 1, "endDate": "2020-03-31", "netIncome": 38053000, "changeToLiabilities": 0}, {"maxAge": 1, "endDate": "2019-12-31", "netIncome": 135622000, "changeToLiabilities": 0}, {"maxAge": 1, "endDate": "2019-09-30", "netIncome": 120417000, "changeToLiabilities": 0}], "maxAge": 86400}, "insiderHolders": {"holders": [{"maxAge": 1, "name": "Manakiwala (Himaniben Amit)", "relation": "Promoter", "url": "", "transactionDescription": "Sale", "latestTransDate": "2019-12-18", "positionDirect": 25993, "positionDirectDate": "2019-12-18"}, {"maxAge": 1, "name": "Namra Holding & Consultancy Services Pvt Ltd", "relation": "Promoter", "url": "", "transactionDescription": "Other", "latestTransDate": "2019-12-12", "positionDirect": 948308, "positionDirectDate": "2019-12-12"}, {"maxAge": 1, "name": "Patel (Aakash J.)", "relation": "Director (Non-Executive)", "url": "", "transactionDescription": "Other", "latestTransDate": "2020-03-18", "positionDirect": 29900, "positionDirectDate": "2020-03-18"}], "maxAge": 1}, "earnings": {"maxAge": 86400, "earningsChart": {"quarterly": [], "earningsDate": []}, "financialsChart": {"yearly": [{"date": 2017, "revenue": 315056634, "earnings": 63236437}, {"date": 2018, "revenue": 461201374, "earnings": 72956707}, {"date": 2019, "revenue": 829710000, "earnings": 264314000}, {"date": 2020, "revenue": 1321445000, "earnings": 415198000}], "quarterly": [{"date": "3Q2019", "revenue": 322540000, "earnings": 120417000}, {"date": "4Q2019", "revenue": 362805000, "earnings": 135622000}, {"date": "1Q2020", "revenue": 336642000, "earnings": 38053000}, {"date": "2Q2020", "revenue": 270383000, "earnings": 53086000}]}, "financialCurrency": "INR"}, "calendarEvents": {"maxAge": 1, "earnings": {"earningsDate": []}}, "price": {"maxAge": 1, "regularMarketChangePercent": -0.03791873, "regularMarketChange": -21.899963, "regularMarketTime": "2021-04-30 15:29:30", "priceHint": 2, "regularMarketPrice": 555.65, "regularMarketDayHigh": 580.0, "regularMarketDayLow": 550.0, "regularMarketVolume": 1450, "averageDailyVolume10Day": 3831, "averageDailyVolume3Month": 2058, "regularMarketPreviousClose": 577.55, "regularMarketSource": "FREE_REALTIME", "regularMarketOpen": 577.0, "exchange": "BSE", "exchangeName": "BSE", "exchangeDataDelayedBy": 0, "marketState": "CLOSED", "quoteType": "EQUITY", "symbol": "ARMANFIN.BO", "underlyingSymbol": null, "shortName": "ARMAN FINANCIAL SERVICES LTD.", "longName": "Arman Financial Services Limited", "currency": "INR", "quoteSourceName": "Delayed Quote", "currencySymbol": "\u20b9", "fromCurrency": null, "toCurrency": null, "lastMarket": null, "marketCap": 4716151808}, "balanceSheetHistory": {"balanceSheetStatements": [{"maxAge": 1, "endDate": "2020-03-31", "cash": 584209000, "netReceivables": 7800187000, "otherCurrentAssets": 484922000, "totalCurrentAssets": 8869318000, "propertyPlantEquipment": 42684000, "intangibleAssets": 1769000, "otherAssets": 47868000, "deferredLongTermAssetCharges": 47868000, "totalAssets": 8961639000, "shortLongTermDebt": 2805431000, "otherCurrentLiab": 73962000, "longTermDebt": 3937840000, "otherLiab": 4607000, "totalCurrentLiabilities": 3290226000, "totalLiab": 7239393000, "commonStock": 84509000, "retainedEarnings": 950537000, "treasuryStock": 5904000, "capitalSurplus": 681296000, "otherStockholderEquity": 5904000, "totalStockholderEquity": 1722246000, "netTangibleAssets": 1720477000}, {"maxAge": 1, "endDate": "2019-03-31", "cash": 383202000, "netReceivables": 6714034000, "otherCurrentAssets": 376906000, "totalCurrentAssets": 7474142000, "longTermInvestments": 27015995, "propertyPlantEquipment": 32501000, "intangibleAssets": 2588000, "otherAssets": 19231000, "deferredLongTermAssetCharges": 19231000, "totalAssets": 7528462000, "shortLongTermDebt": 2835379000, "otherCurrentLiab": 55237000, "longTermDebt": 2883244000, "otherLiab": 2744000, "totalCurrentLiabilities": 3410341000, "totalLiab": 6296329000, "commonStock": 69523000, "retainedEarnings": 606558000, "treasuryStock": 431952000, "capitalSurplus": 124100000, "otherStockholderEquity": 431952000, "totalStockholderEquity": 1232133000, "netTangibleAssets": 1229545000}, {"maxAge": 1, "endDate": "2018-03-31", "cash": 188549650, "netReceivables": 4240742609, "otherCurrentAssets": 24472477, "totalCurrentAssets": 4453764736, "propertyPlantEquipment": 25912717, "intangibleAssets": 2238554, "otherAssets": 163198406, "deferredLongTermAssetCharges": 10624107, "totalAssets": 4645114413, "shortLongTermDebt": 1235898117, "otherCurrentLiab": 55043938, "longTermDebt": 2221029625, "otherLiab": 6644873, "totalCurrentLiabilities": 1848423397, "totalLiab": 4076097895, "commonStock": 69246530, "retainedEarnings": 380645508, "capitalSurplus": 119124480, "totalStockholderEquity": 569016518, "netTangibleAssets": 566777964}, {"maxAge": 1, "endDate": "2017-03-31", "cash": 213831136, "netReceivables": 1809551920, "otherCurrentAssets": 6892005, "totalCurrentAssets": 2030275061, "propertyPlantEquipment": 23318748, "intangibleAssets": 1953789, "otherAssets": 97250141, "deferredLongTermAssetCharges": 4411789, "totalAssets": 2152797739, "shortLongTermDebt": 614300180, "otherCurrentLiab": 35524319, "longTermDebt": 481655414, "otherLiab": 2608561, "totalCurrentLiabilities": 1108515767, "totalLiab": 1592779742, "commonStock": 69246530, "retainedEarnings": 318272161, "capitalSurplus": 122499306, "totalStockholderEquity": 510017997, "netTangibleAssets": 508064208}], "maxAge": 86400}, "earningsTrend": {"trend": [{"maxAge": 1, "period": "0q", "endDate": null, "growth": {}, "earningsEstimate": {"avg": 0.0, "low": 0.0, "high": 0.0, "yearAgoEps": {}, "numberOfAnalysts": 0, "growth": {}}, "revenueEstimate": {"avg": 0, "low": 0, "high": 0, "numberOfAnalysts": 0, "yearAgoRevenue": {}, "growth": {}}, "epsTrend": {"current": 0.0, "7daysAgo": 0.0, "30daysAgo": 0.0, "60daysAgo": 0.0, "90daysAgo": 0.0}, "epsRevisions": {"upLast7days": 0, "upLast30days": 0, "downLast30days": 0, "downLast90days": {}}}, {"maxAge": 1, "period": "+1q", "endDate": null, "growth": {}, "earningsEstimate": {"avg": 0.0, "low": 0.0, "high": 0.0, "yearAgoEps": {}, "numberOfAnalysts": 0, "growth": {}}, "revenueEstimate": {"avg": 0, "low": 0, "high": 0, "numberOfAnalysts": 0, "yearAgoRevenue": {}, "growth": {}}, "epsTrend": {"current": 0.0, "7daysAgo": 0.0, "30daysAgo": 0.0, "60daysAgo": 0.0, "90daysAgo": 0.0}, "epsRevisions": {"upLast7days": 0, "upLast30days": 0, "downLast30days": 0, "downLast90days": {}}}, {"maxAge": 1, "period": "0y", "endDate": null, "growth": {}, "earningsEstimate": {"avg": 0.0, "low": 0.0, "high": 0.0, "yearAgoEps": {}, "numberOfAnalysts": 0, "growth": {}}, "revenueEstimate": {"avg": 0, "low": 0, "high": 0, "numberOfAnalysts": 0, "yearAgoRevenue": {}, "growth": {}}, "epsTrend": {"current": 0.0, "7daysAgo": 0.0, "30daysAgo": 0.0, "60daysAgo": 0.0, "90daysAgo": 0.0}, "epsRevisions": {"upLast7days": 0, "upLast30days": 0, "downLast30days": 0, "downLast90days": {}}}, {"maxAge": 1, "period": "+1y", "endDate": null, "growth": {}, "earningsEstimate": {"avg": 0.0, "low": 0.0, "high": 0.0, "yearAgoEps": {}, "numberOfAnalysts": 0, "growth": {}}, "revenueEstimate": {"avg": 0, "low": 0, "high": 0, "numberOfAnalysts": 0, "yearAgoRevenue": {}, "growth": {}}, "epsTrend": {"current": 0.0, "7daysAgo": 0.0, "30daysAgo": 0.0, "60daysAgo": 0.0, "90daysAgo": 0.0}, "epsRevisions": {"upLast7days": 0, "upLast30days": 0, "downLast30days": 0, "downLast90days": {}}}, {"maxAge": 1, "period": "+5y", "endDate": null, "growth": {}, "earningsEstimate": {"avg": {}, "low": {}, "high": {}, "yearAgoEps": {}, "numberOfAnalysts": {}, "growth": {}}, "revenueEstimate": {"avg": {}, "low": {}, "high": {}, "numberOfAnalysts": {}, "yearAgoRevenue": {}, "growth": {}}, "epsTrend": {"current": {}, "7daysAgo": {}, "30daysAgo": {}, "60daysAgo": {}, "90daysAgo": {}}, "epsRevisions": {"upLast7days": {}, "upLast30days": {}, "downLast30days": {}, "downLast90days": {}}}, {"maxAge": 1, "period": "-5y", "endDate": null, "growth": {}, "earningsEstimate": {"avg": {}, "low": {}, "high": {}, "yearAgoEps": {}, "numberOfAnalysts": {}, "growth": {}}, "revenueEstimate": {"avg": {}, "low": {}, "high": {}, "numberOfAnalysts": {}, "yearAgoRevenue": {}, "growth": {}}, "epsTrend": {"current": {}, "7daysAgo": {}, "30daysAgo": {}, "60daysAgo": {}, "90daysAgo": {}}, "epsRevisions": {"upLast7days": {}, "upLast30days": {}, "downLast30days": {}, "downLast90days": {}}}], "maxAge": 1}, "financialData": {"maxAge": 86400, "currentPrice": 555.65, "targetHighPrice": 350.0, "targetLowPrice": 350.0, "targetMeanPrice": 350.0, "targetMedianPrice": 350.0, "recommendationKey": "none", "numberOfAnalystOpinions": 1, "grossProfits": 1320001000, "financialCurrency": "INR"}}}