{"ARNOLD.BO": {"cashflowStatementHistory": {"cashflowStatements": [{"maxAge": 1, "endDate": "2020-03-31", "netIncome": 15653300, "changeToNetincome": 6581600, "changeToAccountReceivables": 1039600, "changeToLiabilities": -5611400, "changeToInventory": -16277400, "changeToOperatingActivities": -794900, "totalCashFromOperatingActivities": 590800, "investments": 4045800, "otherCashflowsFromInvestingActivities": 41531500, "totalCashflowsFromInvestingActivities": 45577300, "netBorrowings": -73193700, "otherCashflowsFromFinancingActivities": -1030300, "totalCashFromFinancingActivities": -74224000, "changeInCash": -28055900}, {"maxAge": 1, "endDate": "2019-03-31", "netIncome": 2845400, "depreciation": 30700, "changeToNetincome": -1359100, "changeToAccountReceivables": 2318400, "changeToLiabilities": 7000, "changeToInventory": 1172700, "changeToOperatingActivities": 7877800, "totalCashFromOperatingActivities": 12892900, "investments": -5000000, "otherCashflowsFromInvestingActivities": 35507700, "totalCashflowsFromInvestingActivities": 30507700, "netBorrowings": -293800, "otherCashflowsFromFinancingActivities": -4131000, "totalCashFromFinancingActivities": -4424800, "changeInCash": 38975800}, {"maxAge": 1, "endDate": "2018-03-31", "netIncome": 3863186, "depreciation": 52595, "changeToNetincome": 8451245, "changeToAccountReceivables": 40055256, "changeToLiabilities": -2934867, "changeToInventory": 92338764, "changeToOperatingActivities": -21813976, "totalCashFromOperatingActivities": 120012203, "capitalExpenditures": -13971370, "investments": -5000000, "otherCashflowsFromInvestingActivities": -119465367, "totalCashflowsFromInvestingActivities": -133436737, "netBorrowings": 40379112, "otherCashflowsFromFinancingActivities": -6488289, "totalCashFromFinancingActivities": 33890823, "changeInCash": 20466289}, {"maxAge": 1, "endDate": "2017-03-31", "netIncome": 1275419, "depreciation": 26278, "changeToNetincome": -1009674, "changeToAccountReceivables": -43962500, "changeToLiabilities": 5127023, "changeToInventory": 105621253, "changeToOperatingActivities": -616752, "totalCashFromOperatingActivities": 67135298, "capitalExpenditures": -13971370, "investments": -5000000, "otherCashflowsFromInvestingActivities": 43721216, "totalCashflowsFromInvestingActivities": 43721216, "netBorrowings": -122626383, "otherCashflowsFromFinancingActivities": -417213, "totalCashFromFinancingActivities": -123043596, "changeInCash": -12187082}], "maxAge": 86400}, "institutionOwnership": {"ownershipList": [], "maxAge": 1}, "balanceSheetHistoryQuarterly": {"balanceSheetStatements": [{"maxAge": 1, "endDate": "2020-06-30", "totalStockholderEquity": 534001300, "netTangibleAssets": 534001300}, {"maxAge": 1, "endDate": "2020-03-31", "cash": 32854300, "netReceivables": 390015500, "otherCurrentAssets": 954500, "totalCurrentAssets": 530809700, "longTermInvestments": 1054200, "propertyPlantEquipment": 13920400, "otherAssets": 6983500, "deferredLongTermAssetCharges": 288800, "totalAssets": 552767800, "accountsPayable": 12100, "otherCurrentLiab": 8514300, "longTermDebt": 10052100, "totalCurrentLiabilities": 8714400, "totalLiab": 18766500, "commonStock": 300750000, "retainedEarnings": 223090100, "treasuryStock": 10161200, "otherStockholderEquity": 10161200, "totalStockholderEquity": 534001300, "netTangibleAssets": 534001300}, {"maxAge": 1, "endDate": "2019-12-31", "cash": 32854300, "netReceivables": 390015500, "otherCurrentAssets": 954500, "totalCurrentAssets": 530809700, "longTermInvestments": 1054200, "propertyPlantEquipment": 13920400, "otherAssets": 6983500, "deferredLongTermAssetCharges": 288800, "totalAssets": 552767800, "accountsPayable": 12100, "otherCurrentLiab": 8514300, "longTermDebt": 10052100, "totalCurrentLiabilities": 8714400, "totalLiab": 18766500, "commonStock": 300750000, "retainedEarnings": 223090100, "treasuryStock": 10161200, "otherStockholderEquity": 10161200, "totalStockholderEquity": 534001300, "netTangibleAssets": 534001300}, {"maxAge": 1, "endDate": "2019-09-30", "cash": 1581800, "netReceivables": 20331700, "inventory": 93051100, "totalCurrentAssets": 114964600, "longTermInvestments": 26030000, "propertyPlantEquipment": 13920400, "otherAssets": 425450100, "deferredLongTermAssetCharges": 288800, "totalAssets": 580365100, "accountsPayable": 10011300, "otherCurrentLiab": 6917600, "longTermDebt": 34824800, "totalCurrentLiabilities": 16928900, "totalLiab": 51753700, "commonStock": 300750000, "treasuryStock": 227861400, "otherStockholderEquity": 227861400, "totalStockholderEquity": 528611400, "netTangibleAssets": 528611400}], "maxAge": 86400}, "indexTrend": {"maxAge": 1, "symbol": "SP5", "peRatio": 19.7411, "pegRatio": 1.34172, "estimates": [{"period": "0q", "growth": 0.549}, {"period": "+1q", "growth": 0.431}, {"period": "0y", "growth": 0.305}, {"period": "+1y", "growth": 0.109}, {"period": "+5y", "growth": 0.120859005}, {"period": "-5y"}]}, "insiderTransactions": {"transactions": [{"maxAge": 1, "shares": 134797, "filerUrl": "", "transactionText": "", "filerName": "Hazoor Multi Products, Ltd.", "filerRelation": "Institution- Corporation", "moneyText": "", "startDate": "2020-08-14", "ownership": "D"}], "maxAge": 1}, "quoteType": {"exchange": "BSE", "quoteType": "EQUITY", "symbol": "ARNOLD.BO", "underlyingSymbol": "ARNOLD.BO", "shortName": "ARNOLD HOLDINGS LTD", "longName": "Arnold Holdings Ltd", "firstTradeDateEpochUtc": "2013-12-23 09:15:00", "timeZoneFullName": "Asia/Kolkata", "timeZoneShortName": "IST", "uuid": "54ea0644-8a02-3716-88c7-3ed4bc56d03e", "gmtOffSetMilliseconds": 19800000, "maxAge": 1}, "incomeStatementHistory": {"incomeStatementHistory": [{"maxAge": 1, "endDate": "2020-03-31", "totalRevenue": 220140900, "costOfRevenue": 213941400, "grossProfit": 6199500, "researchDevelopment": {}, "sellingGeneralAdministrative": 2678600, "nonRecurring": {}, "otherOperatingExpenses": 2437500, "totalOperatingExpenses": 197816300, "operatingIncome": 22324600, "totalOtherIncomeExpenseNet": -1077900, "ebit": 22324600, "interestExpense": -1030300, "incomeBeforeTax": 21246700, "incomeTaxExpense": 5593400, "minorityInterest": {}, "netIncomeFromContinuingOps": 15653300, "discontinuedOperations": {}, "extraordinaryItems": {}, "effectOfAccountingCharges": {}, "otherItems": {}, "netIncome": 15653300, "netIncomeApplicableToCommonShares": 15653300}, {"maxAge": 1, "endDate": "2019-03-31", "totalRevenue": 164396800, "costOfRevenue": 128879100, "grossProfit": 35517700, "researchDevelopment": {}, "sellingGeneralAdministrative": 2906600, "nonRecurring": {}, "otherOperatingExpenses": 3434400, "totalOperatingExpenses": 156492000, "operatingIncome": 7904800, "totalOtherIncomeExpenseNet": -3922100, "ebit": 7904800, "interestExpense": -4131000, "incomeBeforeTax": 3982700, "incomeTaxExpense": 1137300, "minorityInterest": {}, "netIncomeFromContinuingOps": 2845400, "discontinuedOperations": {}, "extraordinaryItems": {}, "effectOfAccountingCharges": {}, "otherItems": {}, "netIncome": 2845400, "netIncomeApplicableToCommonShares": 2845400}, {"maxAge": 1, "endDate": "2018-03-31", "totalRevenue": 306182430, "costOfRevenue": 275288111, "grossProfit": 30894319, "researchDevelopment": {}, "sellingGeneralAdministrative": 3065099, "nonRecurring": {}, "otherOperatingExpenses": 3302868, "totalOperatingExpenses": 294097747, "operatingIncome": 12084683, "totalOtherIncomeExpenseNet": -6602637, "ebit": 12084683, "interestExpense": -6602637, "incomeBeforeTax": 5482046, "incomeTaxExpense": 1618860, "minorityInterest": {}, "netIncomeFromContinuingOps": 3863186, "discontinuedOperations": {}, "extraordinaryItems": {}, "effectOfAccountingCharges": {}, "otherItems": {}, "netIncome": 3863186, "netIncomeApplicableToCommonShares": 3863186}, {"maxAge": 1, "endDate": "2017-03-31", "totalRevenue": 375280407, "costOfRevenue": 366633034, "grossProfit": 8647373, "researchDevelopment": {}, "sellingGeneralAdministrative": 1732105, "nonRecurring": {}, "otherOperatingExpenses": 4689709, "totalOperatingExpenses": 373116797, "operatingIncome": 2163610, "totalOtherIncomeExpenseNet": -417212, "ebit": 2163610, "interestExpense": -417213, "incomeBeforeTax": 1746398, "incomeTaxExpense": 470979, "minorityInterest": {}, "netIncomeFromContinuingOps": 1275419, "discontinuedOperations": {}, "extraordinaryItems": {}, "effectOfAccountingCharges": {}, "otherItems": {}, "netIncome": 1275419, "netIncomeApplicableToCommonShares": 1275419}], "maxAge": 86400}, "fundOwnership": {"ownershipList": [], "maxAge": 1}, "summaryDetail": {"maxAge": 1, "priceHint": 2, "previousClose": 18.6, "open": 19.45, "dayLow": 17.85, "dayHigh": 19.45, "regularMarketPreviousClose": 18.6, "regularMarketOpen": 19.45, "regularMarketDayLow": 17.85, "regularMarketDayHigh": 19.45, "trailingPE": 49.744247, "volume": 15, "regularMarketVolume": 15, "averageVolume": 42139, "averageVolume10days": 94692, "averageDailyVolume10Day": 94692, "bid": 18.45, "ask": 19.45, "bidSize": 0, "askSize": 0, "marketCap": 2924794112, "fiftyTwoWeekLow": 6.42, "fiftyTwoWeekHigh": 40.0, "fiftyDayAverage": 28.992424, "twoHundredDayAverage": 29.62353, "currency": "INR", "fromCurrency": null, "lastMarket": null, "algorithm": null, "tradeable": false}, "incomeStatementHistoryQuarterly": {"incomeStatementHistory": [{"maxAge": 1, "endDate": "2020-06-30", "totalRevenue": 49668600, "costOfRevenue": 47442800, "grossProfit": 2225800, "researchDevelopment": {}, "sellingGeneralAdministrative": 464000, "nonRecurring": {}, "otherOperatingExpenses": 862100, "totalOperatingExpenses": 48768900, "operatingIncome": 899700, "totalOtherIncomeExpenseNet": 100, "ebit": 899700, "interestExpense": {}, "incomeBeforeTax": 899800, "incomeTaxExpense": 0, "minorityInterest": {}, "netIncomeFromContinuingOps": 899800, "discontinuedOperations": {}, "extraordinaryItems": {}, "effectOfAccountingCharges": {}, "otherItems": {}, "netIncome": 899800, "netIncomeApplicableToCommonShares": 899800}, {"maxAge": 1, "endDate": "2020-03-31", "totalRevenue": 61470150, "costOfRevenue": 73086750, "grossProfit": -11616600, "researchDevelopment": {}, "sellingGeneralAdministrative": 896100, "nonRecurring": {}, "otherOperatingExpenses": -7922750, "totalOperatingExpenses": 55439500, "operatingIncome": 6030650, "totalOtherIncomeExpenseNet": -539000, "ebit": 6030650, "interestExpense": -515150, "incomeBeforeTax": 5491650, "incomeTaxExpense": 2796700, "minorityInterest": {}, "netIncomeFromContinuingOps": 2694950, "discontinuedOperations": {}, "extraordinaryItems": {}, "effectOfAccountingCharges": {}, "otherItems": {}, "netIncome": 2694950, "netIncomeApplicableToCommonShares": 2694950}, {"maxAge": 1, "endDate": "2019-12-31", "totalRevenue": 61470150, "costOfRevenue": 73086750, "grossProfit": -11616600, "researchDevelopment": {}, "sellingGeneralAdministrative": 896100, "nonRecurring": {}, "otherOperatingExpenses": -7922750, "totalOperatingExpenses": 55439500, "operatingIncome": 6030650, "totalOtherIncomeExpenseNet": -539000, "ebit": 6030650, "interestExpense": -515150, "incomeBeforeTax": 5491650, "incomeTaxExpense": 2796700, "minorityInterest": {}, "netIncomeFromContinuingOps": 2694950, "discontinuedOperations": {}, "extraordinaryItems": {}, "effectOfAccountingCharges": {}, "otherItems": {}, "netIncome": 2694950, "netIncomeApplicableToCommonShares": 2694950}, {"maxAge": 1, "endDate": "2019-09-30", "totalRevenue": 55093900, "costOfRevenue": 31911700, "grossProfit": 23182200, "researchDevelopment": {}, "sellingGeneralAdministrative": 504900, "nonRecurring": {}, "otherOperatingExpenses": 17170800, "totalOperatingExpenses": 49587400, "operatingIncome": 5506500, "totalOtherIncomeExpenseNet": 0, "ebit": 5506500, "interestExpense": -515150, "incomeBeforeTax": 5506500, "incomeTaxExpense": 0, "minorityInterest": {}, "netIncomeFromContinuingOps": 5506500, "discontinuedOperations": {}, "extraordinaryItems": {}, "effectOfAccountingCharges": {}, "otherItems": {}, "netIncome": 5506500, "netIncomeApplicableToCommonShares": 5506500}], "maxAge": 86400}, "cashflowStatementHistoryQuarterly": {"cashflowStatements": [{"maxAge": 1, "endDate": "2020-06-30", "netIncome": 899800, "changeToLiabilities": 0}, {"maxAge": 1, "endDate": "2020-03-31", "netIncome": 2694950, "changeToNetincome": 7664525, "changeToAccountReceivables": 5606050, "changeToLiabilities": -5003100, "changeToInventory": -15978200, "changeToOperatingActivities": -3039175, "totalCashFromOperatingActivities": -8054950, "investments": 14987900, "otherCashflowsFromInvestingActivities": -8260400, "totalCashflowsFromInvestingActivities": 6712200, "netBorrowings": -12577000, "otherCashflowsFromFinancingActivities": -515150, "totalCashFromFinancingActivities": -13092150, "changeInCash": -14434900}, {"maxAge": 1, "endDate": "2019-12-31", "netIncome": 2694950, "changeToNetincome": 7664525, "changeToAccountReceivables": 5606050, "changeToLiabilities": -5003100, "changeToInventory": -15978200, "changeToOperatingActivities": -3039175, "totalCashFromOperatingActivities": -8054950, "investments": 14987900, "otherCashflowsFromInvestingActivities": -8260400, "totalCashflowsFromInvestingActivities": 6712200, "netBorrowings": -12577000, "otherCashflowsFromFinancingActivities": -515150, "totalCashFromFinancingActivities": -13092150, "changeInCash": -14434900}, {"maxAge": 1, "endDate": "2019-09-30", "netIncome": 5506500, "changeToNetincome": 7664525, "changeToAccountReceivables": 5606050, "changeToLiabilities": 0, "changeToInventory": -15978200, "changeToOperatingActivities": -3039175, "totalCashFromOperatingActivities": -8054950, "investments": 14987900, "otherCashflowsFromInvestingActivities": -8260400, "totalCashflowsFromInvestingActivities": 6712200, "netBorrowings": -12577000, "otherCashflowsFromFinancingActivities": -515150, "totalCashFromFinancingActivities": -13092150, "changeInCash": -14434900}], "maxAge": 86400}, "insiderHolders": {"holders": [{"maxAge": 1, "name": "Hazoor Multi Products, Ltd.", "relation": "Institution- Corporation", "url": "", "transactionDescription": "Acquisition", "latestTransDate": "2020-08-14", "positionDirect": 2235348, "positionDirectDate": "2020-08-14"}], "maxAge": 1}, "calendarEvents": {"maxAge": 1, "earnings": {"earningsDate": ["2020-09-15 05:30:S"]}}, "upgradeDowngradeHistory": {"history": [], "maxAge": 86400}, "price": {"maxAge": 1, "regularMarketChangePercent": 0.045698944, "regularMarketChange": 0.8500004, "regularMarketTime": "2021-04-30 14:10:59", "priceHint": 2, "regularMarketPrice": 19.45, "regularMarketDayHigh": 19.45, "regularMarketDayLow": 17.85, "regularMarketVolume": 15, "averageDailyVolume10Day": 94692, "averageDailyVolume3Month": 42139, "regularMarketPreviousClose": 18.6, "regularMarketSource": "FREE_REALTIME", "regularMarketOpen": 19.45, "exchange": "BSE", "exchangeName": "BSE", "exchangeDataDelayedBy": 0, "marketState": "CLOSED", "quoteType": "EQUITY", "symbol": "ARNOLD.BO", "underlyingSymbol": null, "shortName": "ARNOLD HOLDINGS LTD", "longName": "Arnold Holdings Ltd", "currency": "INR", "quoteSourceName": "Delayed Quote", "currencySymbol": "\u20b9", "fromCurrency": null, "lastMarket": null, "marketCap": 2924794112}, "balanceSheetHistory": {"balanceSheetStatements": [{"maxAge": 1, "endDate": "2020-03-31", "cash": 32854300, "netReceivables": 390015500, "otherCurrentAssets": 954500, "totalCurrentAssets": 530809700, "longTermInvestments": 1054200, "propertyPlantEquipment": 13920400, "otherAssets": 6983500, "deferredLongTermAssetCharges": 288800, "totalAssets": 552767800, "accountsPayable": 12100, "otherCurrentLiab": 8514300, "longTermDebt": 10052100, "totalCurrentLiabilities": 8714400, "totalLiab": 18766500, "commonStock": 300750000, "retainedEarnings": 223090100, "treasuryStock": 10161200, "otherStockholderEquity": 10161200, "totalStockholderEquity": 534001300, "netTangibleAssets": 534001300}, {"maxAge": 1, "endDate": "2019-03-31", "cash": 60910200, "netReceivables": 432586700, "otherCurrentAssets": 2308700, "totalCurrentAssets": 586513700, "longTermInvestments": 5100000, "propertyPlantEquipment": 13920400, "otherAssets": 4682800, "deferredLongTermAssetCharges": 288800, "totalAssets": 610216900, "accountsPayable": 5623500, "otherCurrentLiab": 2963100, "longTermDebt": 83245800, "otherLiab": -200, "totalCurrentLiabilities": 8623200, "totalLiab": 91868800, "commonStock": 300750000, "retainedEarnings": 208994700, "treasuryStock": 8603400, "otherStockholderEquity": 8603400, "totalStockholderEquity": 518348100, "netTangibleAssets": 518348100}, {"maxAge": 1, "endDate": "2018-03-31", "cash": 21934403, "netReceivables": 3944744, "otherCurrentAssets": 3015618, "totalCurrentAssets": 120775486, "longTermInvestments": 100000, "propertyPlantEquipment": 13951048, "otherAssets": 478294107, "deferredLongTermAssetCharges": 271050, "totalAssets": 613120641, "accountsPayable": 5616467, "longTermDebt": 83539604, "otherLiab": 8435408, "deferredLongTermLiab": 674250, "totalCurrentLiabilities": 5643017, "totalLiab": 97618029, "commonStock": 300750000, "retainedEarnings": 207226574, "treasuryStock": 7526038, "otherStockholderEquity": 7526038, "totalStockholderEquity": 515502612, "netTangibleAssets": 515502612}, {"maxAge": 1, "endDate": "2017-03-31", "cash": 1468113, "netReceivables": 44000000, "otherCurrentAssets": 4015774, "totalCurrentAssets": 233703371, "longTermInvestments": 100000, "propertyPlantEquipment": 32273, "otherAssets": 355664546, "deferredLongTermAssetCharges": 265090, "totalAssets": 589500190, "accountsPayable": 2584584, "otherCurrentLiab": 6466492, "longTermDebt": 43160491, "deferredLongTermLiab": 1348500, "totalCurrentLiabilities": 34700273, "totalLiab": 77860764, "commonStock": 300750000, "retainedEarnings": 204529557, "treasuryStock": 6359868, "otherStockholderEquity": 6359868, "totalStockholderEquity": 511639425, "netTangibleAssets": 511639425}], "maxAge": 86400}, "financialData": {"maxAge": 86400, "currentPrice": 19.45, "recommendationKey": "none", "grossProfits": 6199500, "financialCurrency": "INR"}}}