{"AROGRANITE.NS": {"assetProfile": {"address1": "Koneripalli Village", "address2": "Shoolagiri (Via) Krishnagiri District", "city": "Hosur", "zip": "635117", "country": "India", "phone": "91 43 4425 2100", "fax": "91 43 4425 2217", "website": "http://www.arotile.com", "industry": "Building Products & Equipment", "sector": "Industrials", "longBusinessSummary": "Aro Granite Industries Limited engages in the manufacturing, processing, and selling of polished/flamed granite tiles and slabs primarily in India. The company also exports its products to North America, South America, Europe, and the Far East markets. Aro Granite Industries Limited was incorporated in 1988 and is based in Hosur, India.", "fullTimeEmployees": 286, "companyOfficers": [{"maxAge": 1, "name": "Mr. Sunil Kumar Arora", "age": 61, "title": "MD, Head of Marketing & Exec. Director", "yearBorn": 1959, "exercisedValue": 0, "unexercisedValue": 0}, {"maxAge": 1, "name": "Mr. Sahil  Arora", "age": 31, "title": "Whole Time Director", "yearBorn": 1989, "exercisedValue": 0, "unexercisedValue": 0}, {"maxAge": 1, "name": "Mr. Mahadevan  Madan Gopal", "age": 58, "title": "Chief Financial Officer", "yearBorn": 1962, "exercisedValue": 0, "unexercisedValue": 0}, {"maxAge": 1, "name": "Mr. Sabyasachi  Panigrahi", "age": 50, "title": "Compliance Officer & Company Sec.", "yearBorn": 1970, "exercisedValue": 0, "unexercisedValue": 0}, {"maxAge": 1, "name": "V.  Arul", "age": 53, "title": "Corp. Head of Production", "yearBorn": 1967, "exercisedValue": 0, "unexercisedValue": 0}, {"maxAge": 1, "name": "Ms. Shivani  Arora", "title": "Exec.", "fiscalYear": 2016, "totalPay": 728000, "exercisedValue": 0, "unexercisedValue": 0}], "compensationAsOfEpochDate": "2016-12-31 05:30:00", "maxAge": 86400}, "cashflowStatementHistory": {"cashflowStatements": [{"maxAge": 1, "endDate": "2020-03-31", "netIncome": 36062000, "depreciation": 105259000, "changeToNetincome": 128358000, "changeToAccountReceivables": -14450000, "changeToLiabilities": 212982000, "changeToInventory": -107485000, "changeToOperatingActivities": 268679000, "totalCashFromOperatingActivities": 629405000, "capitalExpenditures": -783420000, "otherCashflowsFromInvestingActivities": 6088000, "totalCashflowsFromInvestingActivities": -777294000, "dividendsPaid": -15300000, "netBorrowings": 276095000, "otherCashflowsFromFinancingActivities": -143367000, "totalCashFromFinancingActivities": 117428000, "changeInCash": -30461000}, {"maxAge": 1, "endDate": "2019-03-31", "netIncome": 97209000, "depreciation": 82544000, "changeToNetincome": 43425000, "changeToAccountReceivables": 126091000, "changeToLiabilities": -53228000, "changeToInventory": -101452000, "changeToOperatingActivities": -226331000, "totalCashFromOperatingActivities": -31742000, "capitalExpenditures": -268482000, "otherCashflowsFromInvestingActivities": 5256000, "totalCashflowsFromInvestingActivities": -263128000, "dividendsPaid": -15300000, "netBorrowings": 362613000, "otherCashflowsFromFinancingActivities": -44623000, "totalCashFromFinancingActivities": 317990000, "changeInCash": 23120000}, {"maxAge": 1, "endDate": "2018-03-31", "netIncome": 11733000, "depreciation": 86503000, "changeToNetincome": 4214000, "changeToAccountReceivables": 122856000, "changeToLiabilities": 69075000, "changeToInventory": 40300000, "changeToOperatingActivities": -112757000, "totalCashFromOperatingActivities": 221924000, "capitalExpenditures": -88723000, "otherCashflowsFromInvestingActivities": 5551000, "totalCashflowsFromInvestingActivities": -83071000, "dividendsPaid": -18415000, "netBorrowings": -92104000, "otherCashflowsFromFinancingActivities": -44623000, "totalCashFromFinancingActivities": -110519000, "effectOfExchangeRate": -24380000, "changeInCash": 3954000}, {"maxAge": 1, "endDate": "2017-03-31", "netIncome": 126233000, "depreciation": 90955000, "changeToNetincome": -23428000, "changeToAccountReceivables": -14583000, "changeToLiabilities": -14744000, "changeToInventory": -17498000, "changeToOperatingActivities": 15831000, "totalCashFromOperatingActivities": 162766000, "capitalExpenditures": -89112000, "otherCashflowsFromInvestingActivities": 6951000, "totalCashflowsFromInvestingActivities": -82098000, "dividendsPaid": -18415000, "netBorrowings": -135684000, "otherCashflowsFromFinancingActivities": -44623000, "totalCashFromFinancingActivities": -154099000, "effectOfExchangeRate": 16284000, "changeInCash": -57148000}], "maxAge": 86400}, "institutionOwnership": {"maxAge": 1, "ownershipList": []}, "majorHoldersBreakdown": {"maxAge": 1, "insidersPercentHeld": 0.60463, "institutionsPercentHeld": 0.0, "institutionsFloatPercentHeld": 0.0, "institutionsCount": 0}, "balanceSheetHistoryQuarterly": {"balanceSheetStatements": [{"maxAge": 1, "endDate": "2020-12-31", "totalStockholderEquity": 1837131000, "netTangibleAssets": 1837131000}, {"maxAge": 1, "endDate": "2020-09-30", "cash": 207701000, "shortTermInvestments": 574000, "netReceivables": 536222000, "inventory": 1257244000, "otherCurrentAssets": 146843000, "totalCurrentAssets": 2148584000, "longTermInvestments": 8065000, "propertyPlantEquipment": 1789795000, "otherAssets": 23120000, "totalAssets": 3969564000, "accountsPayable": 210307000, "otherCurrentLiab": 152154000, "longTermDebt": 457242000, "otherLiab": 158894000, "totalCurrentLiabilities": 1516297000, "totalLiab": 2132433000, "commonStock": 153000000, "treasuryStock": 1684131000, "otherStockholderEquity": 1684131000, "totalStockholderEquity": 1837131000, "netTangibleAssets": 1837131000}, {"maxAge": 1, "endDate": "2020-06-30", "totalStockholderEquity": 1814867000, "netTangibleAssets": 1814867000}, {"maxAge": 1, "endDate": "2020-03-31", "cash": 3666000, "shortTermInvestments": 15284000, "netReceivables": 667169000, "inventory": 1292172000, "otherCurrentAssets": 119202000, "totalCurrentAssets": 2105722000, "longTermInvestments": 8065000, "propertyPlantEquipment": 1808516000, "otherAssets": 23163000, "totalAssets": 3945466000, "accountsPayable": 282041000, "shortLongTermDebt": 84070000, "otherCurrentLiab": 33731000, "longTermDebt": 281650000, "otherLiab": 180346000, "totalCurrentLiabilities": 1668602000, "totalLiab": 2130598000, "commonStock": 153000000, "retainedEarnings": 1625316000, "treasuryStock": -4168000, "capitalSurplus": 40720000, "otherStockholderEquity": -4168000, "totalStockholderEquity": 1814868000, "netTangibleAssets": 1814868000}], "maxAge": 86400}, "indexTrend": {"maxAge": 1, "symbol": "SP5", "peRatio": 19.7411, "pegRatio": 1.34172, "estimates": [{"period": "0q", "growth": 0.549}, {"period": "+1q", "growth": 0.431}, {"period": "0y", "growth": 0.305}, {"period": "+1y", "growth": 0.109}, {"period": "+5y", "growth": 0.120865}, {"period": "-5y"}]}, "defaultKeyStatistics": {"maxAge": 1, "priceHint": 2, "enterpriseValue": 2051813376, "profitMargins": 0.0222, "floatShares": 5354258, "sharesOutstanding": 15300000, "heldPercentInsiders": 0.60463, "heldPercentInstitutions": 0.0, "beta": 1.137048, "category": null, "bookValue": 119.61, "priceToBook": 0.37120643, "fundFamily": null, "legalType": null, "lastFiscalYearEnd": "2020-03-31 05:30:00", "nextFiscalYearEnd": "2022-03-31 05:30:00", "mostRecentQuarter": "2020-12-31 05:30:00", "earningsQuarterlyGrowth": 0.589, "netIncomeToCommon": 37423000, "trailingEps": 2.282, "lastSplitFactor": "3:2", "lastSplitDate": "2013-10-30 05:30:00", "enterpriseToRevenue": 1.217, "enterpriseToEbitda": 6.862, "52WeekChange": 0.8933902, "SandP52WeekChange": 0.48148263, "lastDividendValue": 1.0, "lastDividendDate": 1566518400}, "summaryProfile": {"address1": "Koneripalli Village", "address2": "Shoolagiri (Via) Krishnagiri District", "city": "Hosur", "zip": "635117", "country": "India", "phone": "91 43 4425 2100", "fax": "91 43 4425 2217", "website": "http://www.arotile.com", "industry": "Building Products & Equipment", "sector": "Industrials", "longBusinessSummary": "Aro Granite Industries Limited engages in the manufacturing, processing, and selling of polished/flamed granite tiles and slabs primarily in India. The company also exports its products to North America, South America, Europe, and the Far East markets. Aro Granite Industries Limited was incorporated in 1988 and is based in Hosur, India.", "fullTimeEmployees": 286, "companyOfficers": [], "maxAge": 86400}, "netSharePurchaseActivity": {"maxAge": 1, "period": "6m", "buyInfoCount": 0, "buyInfoShares": 0, "sellInfoCount": 0, "netInfoCount": 0, "netInfoShares": 0, "netPercentInsiderShares": 0.0, "totalInsiderShares": 8922976}, "insiderTransactions": {"transactions": [{"maxAge": 1, "shares": 1641330, "filerUrl": "", "transactionText": "", "filerName": "Arora (Sunil K)", "filerRelation": "Managing Director", "moneyText": "", "startDate": "2017-12-04", "ownership": "D"}, {"maxAge": 1, "shares": 3000, "filerUrl": "", "transactionText": "", "filerName": "Lakhi (Dilipkumar V)", "filerRelation": "UNREPORTED", "moneyText": "", "startDate": "2014-10-07", "ownership": "D"}, {"maxAge": 1, "shares": 32272, "filerUrl": "", "transactionText": "", "filerName": "Lakhi (Dilipkumar V)", "filerRelation": "UNREPORTED", "moneyText": "", "startDate": "2014-09-26", "ownership": "D"}, {"maxAge": 1, "shares": 42300, "filerUrl": "", "transactionText": "", "filerName": "Arora (Sunil K)", "filerRelation": "Managing Director", "moneyText": "", "startDate": "2011-12-19", "ownership": "D"}, {"maxAge": 1, "shares": 42300, "filerUrl": "", "transactionText": "", "filerName": "Arora (Sunil Kumar) HUF", "filerRelation": "Promoter", "moneyText": "", "startDate": "2011-12-19", "ownership": "D"}], "maxAge": 1}, "quoteType": {"exchange": "NSI", "quoteType": "EQUITY", "symbol": "AROGRANITE.NS", "underlyingSymbol": "AROGRANITE.NS", "shortName": "ARO GRANITE INDUS", "longName": "Aro Granite Industries Limited", "firstTradeDateEpochUtc": "2007-04-24 09:15:00", "timeZoneFullName": "Asia/Kolkata", "timeZoneShortName": "IST", "uuid": "1407a453-66b2-38e8-9881-8e0c5793447e", "messageBoardId": "finmb_20333137", "gmtOffSetMilliseconds": 19800000, "maxAge": 1}, "incomeStatementHistory": {"incomeStatementHistory": [{"maxAge": 1, "endDate": "2020-03-31", "totalRevenue": 1802531000, "costOfRevenue": 996827000, "grossProfit": 805704000, "researchDevelopment": {}, "sellingGeneralAdministrative": 169298000, "nonRecurring": {}, "otherOperatingExpenses": 345288000, "totalOperatingExpenses": 1616727000, "operatingIncome": 185804000, "totalOtherIncomeExpenseNet": -134070000, "ebit": 185804000, "interestExpense": -45775000, "incomeBeforeTax": 51734000, "incomeTaxExpense": 15672000, "minorityInterest": {}, "netIncomeFromContinuingOps": 36062000, "discontinuedOperations": {}, "extraordinaryItems": {}, "effectOfAccountingCharges": {}, "otherItems": {}, "netIncome": 36062000, "netIncomeApplicableToCommonShares": 36062000}, {"maxAge": 1, "endDate": "2019-03-31", "totalRevenue": 1733691000, "costOfRevenue": 1019882000, "grossProfit": 713809000, "researchDevelopment": {}, "sellingGeneralAdministrative": 148962000, "nonRecurring": {}, "otherOperatingExpenses": 317326000, "totalOperatingExpenses": 1569057000, "operatingIncome": 164634000, "totalOtherIncomeExpenseNet": -39271000, "ebit": 164634000, "interestExpense": -38711000, "incomeBeforeTax": 125363000, "incomeTaxExpense": 28154000, "minorityInterest": {}, "netIncomeFromContinuingOps": 97209000, "discontinuedOperations": {}, "extraordinaryItems": {}, "effectOfAccountingCharges": {}, "otherItems": {}, "netIncome": 97209000, "netIncomeApplicableToCommonShares": 97209000}, {"maxAge": 1, "endDate": "2018-03-31", "totalRevenue": 2007215000, "costOfRevenue": 1311206000, "grossProfit": 696009000, "researchDevelopment": {}, "sellingGeneralAdministrative": 167092000, "nonRecurring": {}, "otherOperatingExpenses": 379189000, "totalOperatingExpenses": 1943990000, "operatingIncome": 63225000, "totalOtherIncomeExpenseNet": -50365000, "ebit": 63225000, "interestExpense": -26075000, "incomeBeforeTax": 12860000, "incomeTaxExpense": 1127000, "minorityInterest": {}, "netIncomeFromContinuingOps": 11733000, "discontinuedOperations": {}, "extraordinaryItems": {}, "effectOfAccountingCharges": {}, "otherItems": {}, "netIncome": 11733000, "netIncomeApplicableToCommonShares": 11733000}, {"maxAge": 1, "endDate": "2017-03-31", "totalRevenue": 2392893000, "costOfRevenue": 1492068000, "grossProfit": 900825000, "researchDevelopment": {}, "sellingGeneralAdministrative": 166667000, "nonRecurring": {}, "otherOperatingExpenses": 431066000, "totalOperatingExpenses": 2200306000, "operatingIncome": 192587000, "totalOtherIncomeExpenseNet": -28752000, "ebit": 192587000, "interestExpense": -34849000, "incomeBeforeTax": 163835000, "incomeTaxExpense": 37602000, "minorityInterest": {}, "netIncomeFromContinuingOps": 126233000, "discontinuedOperations": {}, "extraordinaryItems": {}, "effectOfAccountingCharges": {}, "otherItems": {}, "netIncome": 126233000, "netIncomeApplicableToCommonShares": 126233000}], "maxAge": 86400}, "fundOwnership": {"maxAge": 1, "ownershipList": []}, "summaryDetail": {"maxAge": 1, "priceHint": 2, "previousClose": 44.2, "open": 45.95, "dayLow": 44.0, "dayHigh": 45.95, "regularMarketPreviousClose": 44.2, "regularMarketOpen": 45.95, "regularMarketDayLow": 44.0, "regularMarketDayHigh": 45.95, "exDividendDate": "2019-08-23 05:30:00", "payoutRatio": 0.0, "beta": 1.137048, "trailingPE": 19.456617, "volume": 11038, "regularMarketVolume": 11038, "averageVolume": 46706, "averageVolume10days": 76774, "averageDailyVolume10Day": 76774, "bid": 0.0, "ask": 0.0, "bidSize": 0, "askSize": 0, "marketCap": 703908736, "fiftyTwoWeekLow": 19.5, "fiftyTwoWeekHigh": 65.5, "priceToSalesTrailing12Months": 0.4176216, "fiftyDayAverage": 41.892426, "twoHundredDayAverage": 41.02979, "trailingAnnualDividendRate": 1.0, "trailingAnnualDividendYield": 0.022624435, "currency": "INR", "fromCurrency": null, "toCurrency": null, "lastMarket": null, "algorithm": null, "tradeable": false}, "incomeStatementHistoryQuarterly": {"incomeStatementHistory": [{"maxAge": 1, "endDate": "2020-12-31", "totalRevenue": 484339000, "costOfRevenue": 265168000, "grossProfit": 219171000, "researchDevelopment": {}, "sellingGeneralAdministrative": 53515000, "nonRecurring": {}, "otherOperatingExpenses": 120498000, "totalOperatingExpenses": 465665000, "operatingIncome": 18674000, "totalOtherIncomeExpenseNet": -8635000, "ebit": 18674000, "interestExpense": -8635000, "incomeBeforeTax": 10039000, "incomeTaxExpense": -439000, "minorityInterest": {}, "netIncomeFromContinuingOps": 10478000, "discontinuedOperations": {}, "extraordinaryItems": {}, "effectOfAccountingCharges": {}, "otherItems": {}, "netIncome": 10478000, "netIncomeApplicableToCommonShares": 10478000}, {"maxAge": 1, "endDate": "2020-09-30", "totalRevenue": 468706000, "costOfRevenue": 252640000, "grossProfit": 216066000, "researchDevelopment": {}, "sellingGeneralAdministrative": 44585000, "nonRecurring": {}, "otherOperatingExpenses": 102453000, "totalOperatingExpenses": 426420000, "operatingIncome": 42286000, "totalOtherIncomeExpenseNet": -14627000, "ebit": 42286000, "interestExpense": -14628000, "incomeBeforeTax": 27659000, "incomeTaxExpense": 8767000, "minorityInterest": {}, "netIncomeFromContinuingOps": 18892000, "discontinuedOperations": {}, "extraordinaryItems": {}, "effectOfAccountingCharges": {}, "otherItems": {}, "netIncome": 18892000, "netIncomeApplicableToCommonShares": 18892000}, {"maxAge": 1, "endDate": "2020-06-30", "totalRevenue": 284407000, "costOfRevenue": 129753000, "grossProfit": 154654000, "researchDevelopment": {}, "sellingGeneralAdministrative": 34460000, "nonRecurring": {}, "otherOperatingExpenses": 75018000, "totalOperatingExpenses": 265625000, "operatingIncome": 18782000, "totalOtherIncomeExpenseNet": -14760000, "ebit": 18782000, "interestExpense": -14761000, "incomeBeforeTax": 4022000, "incomeTaxExpense": 619000, "minorityInterest": {}, "netIncomeFromContinuingOps": 3403000, "discontinuedOperations": {}, "extraordinaryItems": {}, "effectOfAccountingCharges": {}, "otherItems": {}, "netIncome": 3403000, "netIncomeApplicableToCommonShares": 3403000}, {"maxAge": 1, "endDate": "2020-03-31", "totalRevenue": 448066000, "costOfRevenue": 271991000, "grossProfit": 176075000, "researchDevelopment": {}, "sellingGeneralAdministrative": 54847000, "nonRecurring": {}, "otherOperatingExpenses": -5734000, "totalOperatingExpenses": 349440000, "operatingIncome": 98626000, "totalOtherIncomeExpenseNet": -90410000, "ebit": 98626000, "interestExpense": -2115000, "incomeBeforeTax": 8216000, "incomeTaxExpense": 3565000, "minorityInterest": {}, "netIncomeFromContinuingOps": 4651000, "discontinuedOperations": {}, "extraordinaryItems": {}, "effectOfAccountingCharges": {}, "otherItems": {}, "netIncome": 4651000, "netIncomeApplicableToCommonShares": 4651000}], "maxAge": 86400}, "cashflowStatementHistoryQuarterly": {"cashflowStatements": [{"maxAge": 1, "endDate": "2020-12-31", "netIncome": 10478000, "changeToLiabilities": 0}, {"maxAge": 1, "endDate": "2020-09-30", "netIncome": 18892000, "changeToLiabilities": 0}, {"maxAge": 1, "endDate": "2020-06-30", "netIncome": 3403000, "changeToLiabilities": 0}, {"maxAge": 1, "endDate": "2020-03-31", "netIncome": 4651000, "changeToLiabilities": 0}], "maxAge": 86400}, "insiderHolders": {"holders": [{"maxAge": 1, "name": "Arora (Sunil K)", "relation": "Managing Director", "url": "", "transactionDescription": "Acquisition", "latestTransDate": "2017-12-04", "positionDirect": 4887540, "positionDirectDate": "2017-12-04"}, {"maxAge": 1, "name": "Arora (Sunil Kumar) HUF", "relation": "Promoter", "url": "", "transactionDescription": "Sale", "latestTransDate": "2011-12-19", "positionDirect": 0, "positionDirectDate": "2011-12-19"}, {"maxAge": 1, "name": "Lakhi (Dilipkumar V)", "relation": "UNREPORTED", "url": "", "transactionDescription": "Sale", "latestTransDate": "2014-10-07", "positionDirect": 1468628, "positionDirectDate": "2014-10-07"}], "maxAge": 1}, "calendarEvents": {"maxAge": 1, "earnings": {"earningsDate": []}, "exDividendDate": "2019-08-23 05:30:00"}, "price": {"maxAge": 1, "regularMarketChangePercent": 0.004524904, "regularMarketChange": 0.20000076, "regularMarketTime": "2021-04-30 15:28:54", "priceHint": 2, "regularMarketPrice": 44.4, "regularMarketDayHigh": 45.95, "regularMarketDayLow": 44.0, "regularMarketVolume": 11038, "averageDailyVolume10Day": 76774, "averageDailyVolume3Month": 46706, "regularMarketPreviousClose": 44.2, "regularMarketSource": "FREE_REALTIME", "regularMarketOpen": 45.95, "exchange": "NSI", "exchangeName": "NSE", "exchangeDataDelayedBy": 15, "marketState": "CLOSED", "quoteType": "EQUITY", "symbol": "AROGRANITE.NS", "underlyingSymbol": null, "shortName": "ARO GRANITE INDUS", "longName": "Aro Granite Industries Limited", "currency": "INR", "quoteSourceName": "Delayed Quote", "currencySymbol": "\u20b9", "fromCurrency": null, "toCurrency": null, "lastMarket": null, "marketCap": 703908736}, "balanceSheetHistory": {"balanceSheetStatements": [{"maxAge": 1, "endDate": "2020-03-31", "cash": 3666000, "shortTermInvestments": 15284000, "netReceivables": 667169000, "inventory": 1292172000, "otherCurrentAssets": 119202000, "totalCurrentAssets": 2105722000, "longTermInvestments": 8065000, "propertyPlantEquipment": 1808516000, "otherAssets": 23163000, "totalAssets": 3945466000, "accountsPayable": 282041000, "shortLongTermDebt": 84070000, "otherCurrentLiab": 33731000, "longTermDebt": 281650000, "otherLiab": 180346000, "totalCurrentLiabilities": 1668602000, "totalLiab": 2130598000, "commonStock": 153000000, "retainedEarnings": 1625316000, "treasuryStock": -4168000, "capitalSurplus": 40720000, "otherStockholderEquity": -4168000, "totalStockholderEquity": 1814868000, "netTangibleAssets": 1814868000}, {"maxAge": 1, "endDate": "2019-03-31", "cash": 43499000, "shortTermInvestments": 12504000, "netReceivables": 733966000, "inventory": 1184687000, "otherCurrentAssets": 123972000, "totalCurrentAssets": 2103331000, "longTermInvestments": 6950000, "propertyPlantEquipment": 1126303000, "otherAssets": 198239000, "totalAssets": 3434823000, "accountsPayable": 150907000, "shortLongTermDebt": 59285000, "otherCurrentLiab": 66939000, "longTermDebt": 137153000, "otherLiab": 81976000, "totalCurrentLiabilities": 1413447000, "totalLiab": 1632576000, "commonStock": 153000000, "retainedEarnings": 1609368000, "treasuryStock": -841000, "capitalSurplus": 40720000, "otherStockholderEquity": -841000, "totalStockholderEquity": 1802247000, "netTangibleAssets": 1802247000}, {"maxAge": 1, "endDate": "2018-03-31", "cash": 113171000, "netReceivables": 710825000, "inventory": 1083485000, "otherCurrentAssets": 130136000, "totalCurrentAssets": 2040885000, "longTermInvestments": 8965000, "propertyPlantEquipment": 953357000, "otherAssets": 33647000, "totalAssets": 3036854000, "accountsPayable": 230713000, "shortLongTermDebt": 35583000, "otherCurrentLiab": 19472000, "longTermDebt": 71321000, "otherLiab": 89661000, "totalCurrentLiabilities": 1169895000, "totalLiab": 1330877000, "commonStock": 153000000, "retainedEarnings": 1512257000, "capitalSurplus": 40720000, "totalStockholderEquity": 1705977000, "netTangibleAssets": 1705977000}, {"maxAge": 1, "endDate": "2017-03-31", "cash": 109216000, "netReceivables": 839271000, "inventory": 1125990000, "otherCurrentAssets": 50201000, "totalCurrentAssets": 2127285000, "longTermInvestments": 187000, "propertyPlantEquipment": 930241000, "otherAssets": 25269000, "totalAssets": 3082982000, "accountsPayable": 161639000, "shortLongTermDebt": 35523000, "otherCurrentLiab": 45043000, "longTermDebt": 106568000, "otherLiab": 93611000, "totalCurrentLiabilities": 1188061000, "totalLiab": 1388240000, "commonStock": 153000000, "retainedEarnings": 1501022000, "capitalSurplus": 40720000, "totalStockholderEquity": 1694742000, "netTangibleAssets": 1694742000}], "maxAge": 86400}, "financialData": {"maxAge": 86400, "currentPrice": 44.4, "recommendationKey": "none", "totalCash": 208275008, "totalCashPerShare": 14.113, "ebitda": 298992000, "totalDebt": 1607795968, "totalRevenue": 1685517952, "debtToEquity": 87.517, "revenuePerShare": 102.782, "grossProfits": 805704000, "earningsGrowth": 1.152, "revenueGrowth": 0.111, "grossMargins": 0.45444, "ebitdaMargins": 0.17739001, "operatingMargins": 0.10582, "profitMargins": 0.0222, "financialCurrency": "INR"}}}