{"ARSSINFRA.BO": {"recommendationTrend": {"trend": [{"period": "0m", "strongBuy": 0, "buy": 0, "hold": 0, "sell": 0, "strongSell": 0}, {"period": "-1m", "strongBuy": 0, "buy": 0, "hold": 0, "sell": 0, "strongSell": 0}, {"period": "-2m", "strongBuy": 0, "buy": 0, "hold": 0, "sell": 0, "strongSell": 0}, {"period": "-3m", "strongBuy": 0, "buy": 0, "hold": 0, "sell": 0, "strongSell": 0}], "maxAge": 86400}, "cashflowStatementHistory": {"cashflowStatements": [{"maxAge": 1, "endDate": "2020-03-31", "netIncome": 90603000, "depreciation": 208187000, "changeToNetincome": 114919000, "changeToAccountReceivables": 601856000, "changeToLiabilities": -196365000, "changeToInventory": -129725000, "changeToOperatingActivities": -1238528000, "totalCashFromOperatingActivities": -549053000, "capitalExpenditures": -1852000, "investments": -121744000, "otherCashflowsFromInvestingActivities": 183717000, "totalCashflowsFromInvestingActivities": 61403000, "netBorrowings": -47853000, "otherCashflowsFromFinancingActivities": -44432000, "totalCashFromFinancingActivities": -92285000, "changeInCash": -579934000}, {"maxAge": 1, "endDate": "2019-03-31", "netIncome": -118168000, "depreciation": 220200000, "changeToNetincome": 103199000, "changeToAccountReceivables": -232600000, "changeToLiabilities": 39200000, "changeToInventory": -52300000, "changeToOperatingActivities": 6927566000, "totalCashFromOperatingActivities": 6887097000, "capitalExpenditures": -5900000, "investments": -28300000, "otherCashflowsFromInvestingActivities": 120900000, "totalCashflowsFromInvestingActivities": 101800000, "netBorrowings": -6582700000, "otherCashflowsFromFinancingActivities": -275348000, "totalCashFromFinancingActivities": -6858048000, "changeInCash": 130909000}, {"maxAge": 1, "endDate": "2018-03-31", "netIncome": -584200000, "depreciation": 239400000, "changeToNetincome": 1005300000, "changeToAccountReceivables": 313400000, "changeToLiabilities": 8600000, "changeToInventory": -30600000, "changeToOperatingActivities": -113600000, "totalCashFromOperatingActivities": 838300000, "capitalExpenditures": -83600000, "investments": 31800000, "otherCashflowsFromInvestingActivities": 126200000, "totalCashflowsFromInvestingActivities": 109600000, "netBorrowings": -694300000, "otherCashflowsFromFinancingActivities": -372500000, "totalCashFromFinancingActivities": -466700000, "changeInCash": 481200000, "issuanceOfStock": 600100000}, {"maxAge": 1, "endDate": "2017-03-31", "netIncome": -3326400000, "depreciation": 326300000, "changeToNetincome": -15900000, "changeToAccountReceivables": 1030200000, "changeToLiabilities": -67500000, "changeToInventory": 4990600000, "changeToOperatingActivities": -4511600000, "totalCashFromOperatingActivities": -1574300000, "capitalExpenditures": -9400000, "investments": 56900000, "otherCashflowsFromInvestingActivities": 121900000, "totalCashflowsFromInvestingActivities": 413500000, "netBorrowings": 1151000000, "otherCashflowsFromFinancingActivities": -372500000, "totalCashFromFinancingActivities": 1151000000, "changeInCash": -9800000, "issuanceOfStock": 600100000}], "maxAge": 86400}, "institutionOwnership": {"maxAge": 1, "ownershipList": []}, "balanceSheetHistoryQuarterly": {"balanceSheetStatements": [{"maxAge": 1, "endDate": "2020-06-30", "totalStockholderEquity": 295484000, "netTangibleAssets": 295484000}, {"maxAge": 1, "endDate": "2020-03-31", "cash": 201976000, "netReceivables": 703769000, "inventory": 799481000, "otherCurrentAssets": 934496000, "totalCurrentAssets": 2649178000, "longTermInvestments": 246444000, "propertyPlantEquipment": 1258779000, "otherAssets": 13473522000, "deferredLongTermAssetCharges": 146931000, "totalAssets": 17627923000, "accountsPayable": 341013000, "otherCurrentLiab": 380490000, "otherLiab": 11541000, "minorityInterest": 400000, "totalCurrentLiabilities": 17320498000, "totalLiab": 17332039000, "commonStock": 227380000, "retainedEarnings": -1926596000, "capitalSurplus": 1994700000, "totalStockholderEquity": 295484000, "netTangibleAssets": 295484000}, {"maxAge": 1, "endDate": "2019-12-31", "totalStockholderEquity": 167000000, "netTangibleAssets": 167000000}, {"maxAge": 1, "endDate": "2019-09-30", "cash": 1109200000, "netReceivables": 798100000, "inventory": 909900000, "otherCurrentAssets": 759200000, "totalCurrentAssets": 3576400000, "longTermInvestments": 217000000, "propertyPlantEquipment": 1562700000, "otherAssets": 13468600000, "deferredLongTermAssetCharges": 117200000, "totalAssets": 18824700000, "accountsPayable": 579600000, "otherCurrentLiab": 565700000, "otherLiab": 8400000, "minorityInterest": 400000, "totalCurrentLiabilities": 18648900000, "totalLiab": 18657300000, "commonStock": 227400000, "treasuryStock": -60400000, "otherStockholderEquity": -60400000, "totalStockholderEquity": 167000000, "netTangibleAssets": 167000000}], "maxAge": 86400}, "earningsHistory": {"history": [{"maxAge": 1, "epsActual": {}, "epsEstimate": {}, "epsDifference": {}, "surprisePercent": {}, "quarter": {}, "period": "-4q"}, {"maxAge": 1, "epsActual": {}, "epsEstimate": {}, "epsDifference": {}, "surprisePercent": {}, "quarter": {}, "period": "-3q"}, {"maxAge": 1, "epsActual": {}, "epsEstimate": {}, "epsDifference": {}, "surprisePercent": {}, "quarter": {}, "period": "-2q"}, {"maxAge": 1, "epsActual": {}, "epsEstimate": {}, "epsDifference": {}, "surprisePercent": {}, "quarter": {}, "period": "-1q"}], "maxAge": 86400}, "indexTrend": {"maxAge": 1, "symbol": "SP5", "peRatio": 19.7411, "pegRatio": 1.34172, "estimates": [{"period": "0q", "growth": 0.549}, {"period": "+1q", "growth": 0.431}, {"period": "0y", "growth": 0.305}, {"period": "+1y", "growth": 0.109}, {"period": "+5y", "growth": 0.120865}, {"period": "-5y"}]}, "industryTrend": {"maxAge": 1, "symbol": null, "estimates": []}, "insiderTransactions": {"transactions": [{"maxAge": 1, "shares": 49821, "filerUrl": "", "transactionText": "", "filerName": "Agarwal (Anil)", "filerRelation": "Promoter", "moneyText": "", "startDate": "2017-08-09", "ownership": "D"}, {"maxAge": 1, "shares": 3393031, "filerUrl": "", "transactionText": "", "filerName": "Sidhant Financial Services Pvt Ltd", "filerRelation": "Promoter", "moneyText": "", "startDate": "2017-08-09", "ownership": "D"}, {"maxAge": 1, "shares": 3183480, "filerUrl": "", "transactionText": "", "filerName": "ARSS Developers, Ltd.", "filerRelation": "Promoter", "moneyText": "", "startDate": "2017-08-09", "ownership": "D"}, {"maxAge": 1, "shares": 213249, "filerUrl": "", "transactionText": "", "filerName": "Agarwal (Sunil)", "filerRelation": "Promoter", "moneyText": "", "startDate": "2017-08-09", "ownership": "D"}, {"maxAge": 1, "shares": 208108, "filerUrl": "", "transactionText": "", "filerName": "Agarwal (Subash)", "filerRelation": "Promoter", "moneyText": "", "startDate": "2017-08-09", "ownership": "D"}, {"maxAge": 1, "shares": 20000, "filerUrl": "", "transactionText": "", "filerName": "Agarwal (Seema)", "filerRelation": "Promoter", "moneyText": "", "startDate": "2017-08-09", "ownership": "D"}, {"maxAge": 1, "shares": 118684, "filerUrl": "", "transactionText": "", "filerName": "Agarwal (Sanju)", "filerRelation": "Promoter", "moneyText": "", "startDate": "2017-08-09", "ownership": "D"}, {"maxAge": 1, "shares": 123776, "filerUrl": "", "transactionText": "", "filerName": "Agarwal (Sangita)", "filerRelation": "Promoter", "moneyText": "", "startDate": "2017-08-09", "ownership": "D"}, {"maxAge": 1, "shares": 217368, "filerUrl": "", "transactionText": "", "filerName": "Agarwal (Sabita)", "filerRelation": "Promoter", "moneyText": "", "startDate": "2017-08-09", "ownership": "D"}, {"maxAge": 1, "shares": 182745, "filerUrl": "", "transactionText": "", "filerName": "Agarwal (Rajesh)", "filerRelation": "Promoter", "moneyText": "", "startDate": "2017-08-09", "ownership": "D"}, {"maxAge": 1, "shares": 184474, "filerUrl": "", "transactionText": "", "filerName": "Agarwal (Ramdulari)", "filerRelation": "Promoter", "moneyText": "", "startDate": "2017-08-09", "ownership": "D"}, {"maxAge": 1, "shares": 21000, "filerUrl": "", "transactionText": "", "filerName": "Singla (Anita)", "filerRelation": "Promoter", "moneyText": "", "startDate": "2016-12-08", "ownership": "D"}, {"maxAge": 1, "shares": 8592, "filerUrl": "", "transactionText": "", "filerName": "Singla (Anita)", "filerRelation": "Promoter", "moneyText": "", "startDate": "2016-12-06", "ownership": "D"}, {"maxAge": 1, "shares": 32079, "filerUrl": "", "transactionText": "", "filerName": "Singla (Anita)", "filerRelation": "Promoter", "moneyText": "", "startDate": "2016-12-02", "ownership": "D"}, {"maxAge": 1, "shares": 120, "filerUrl": "", "transactionText": "", "filerName": "Pattanaik (S K)", "filerRelation": "Wholetime Director", "moneyText": "", "startDate": "2015-03-31", "ownership": "D"}], "maxAge": 1}, "quoteType": {"exchange": "BSE", "quoteType": "EQUITY", "symbol": "ARSSINFRA.BO", "underlyingSymbol": "ARSSINFRA.BO", "shortName": "ARSS INFRASTRUCTURE PROJECTS L", "longName": "ARSS Infrastructure Projects Limited", "firstTradeDateEpochUtc": "2010-03-03 09:15:00", "timeZoneFullName": "Asia/Kolkata", "timeZoneShortName": "IST", "uuid": "de81dbcf-dfa6-369f-aaa8-1295f474e13d", "messageBoardId": null, "gmtOffSetMilliseconds": 19800000, "maxAge": 1}, "incomeStatementHistory": {"incomeStatementHistory": [{"maxAge": 1, "endDate": "2020-03-31", "totalRevenue": 2885161000, "costOfRevenue": 2675181000, "grossProfit": 209980000, "researchDevelopment": {}, "sellingGeneralAdministrative": 232975000, "nonRecurring": {}, "otherOperatingExpenses": 273112000, "totalOperatingExpenses": 3389455000, "operatingIncome": -504294000, "totalOtherIncomeExpenseNet": 613846000, "ebit": -504294000, "interestExpense": -44431000, "incomeBeforeTax": 109552000, "incomeTaxExpense": 18949000, "minorityInterest": 400000, "netIncomeFromContinuingOps": 90603000, "discontinuedOperations": {}, "extraordinaryItems": {}, "effectOfAccountingCharges": {}, "otherItems": {}, "netIncome": 90603000, "netIncomeApplicableToCommonShares": 90603000}, {"maxAge": 1, "endDate": "2019-03-31", "totalRevenue": 4591031000, "costOfRevenue": 3502913000, "grossProfit": 1088118000, "researchDevelopment": {}, "sellingGeneralAdministrative": 284437000, "nonRecurring": {}, "otherOperatingExpenses": 724166000, "totalOperatingExpenses": 4731616000, "operatingIncome": -140585000, "totalOtherIncomeExpenseNet": -33783000, "ebit": -140585000, "interestExpense": -275348000, "incomeBeforeTax": -174368000, "incomeTaxExpense": -56200000, "minorityInterest": 400000, "netIncomeFromContinuingOps": -118168000, "discontinuedOperations": {}, "extraordinaryItems": {}, "effectOfAccountingCharges": {}, "otherItems": {}, "netIncome": -118168000, "netIncomeApplicableToCommonShares": -118168000}, {"maxAge": 1, "endDate": "2018-03-31", "totalRevenue": 5843400000, "costOfRevenue": 3913400000, "grossProfit": 1930000000, "researchDevelopment": {}, "sellingGeneralAdministrative": 311200000, "nonRecurring": {}, "otherOperatingExpenses": 1034300000, "totalOperatingExpenses": 5498200000, "operatingIncome": 345200000, "totalOtherIncomeExpenseNet": -1169500000, "ebit": 345200000, "interestExpense": -372500000, "incomeBeforeTax": -824300000, "incomeTaxExpense": -240100000, "minorityInterest": 400000, "netIncomeFromContinuingOps": -584200000, "discontinuedOperations": {}, "extraordinaryItems": {}, "effectOfAccountingCharges": {}, "otherItems": {}, "netIncome": -584200000, "netIncomeApplicableToCommonShares": -584200000}, {"maxAge": 1, "endDate": "2017-03-31", "totalRevenue": 8366500000, "costOfRevenue": 8293500000, "grossProfit": 73000000, "researchDevelopment": {}, "sellingGeneralAdministrative": 306100000, "nonRecurring": {}, "otherOperatingExpenses": 2154600000, "totalOperatingExpenses": 11080400000, "operatingIncome": -2713900000, "totalOtherIncomeExpenseNet": -660300000, "ebit": -2713900000, "interestExpense": -769900000, "incomeBeforeTax": -3374200000, "incomeTaxExpense": -47800000, "minorityInterest": 400000, "netIncomeFromContinuingOps": -3326400000, "discontinuedOperations": {}, "extraordinaryItems": {}, "effectOfAccountingCharges": {}, "otherItems": {}, "netIncome": -3326400000, "netIncomeApplicableToCommonShares": -3326400000}], "maxAge": 86400}, "fundOwnership": {"maxAge": 1, "ownershipList": []}, "summaryDetail": {"maxAge": 1, "priceHint": 2, "previousClose": 24.75, "open": 26.0, "dayLow": 25.0, "dayHigh": 26.0, "regularMarketPreviousClose": 24.75, "regularMarketOpen": 26.0, "regularMarketDayLow": 25.0, "regularMarketDayHigh": 26.0, "trailingPE": 5.370055, "volume": 1040, "regularMarketVolume": 1040, "averageVolume": 12859, "averageVolume10days": 7002, "averageDailyVolume10Day": 7002, "bid": 24.95, "ask": 25.7, "bidSize": 0, "askSize": 0, "marketCap": 574134528, "fiftyTwoWeekLow": 9.11, "fiftyTwoWeekHigh": 32.85, "fiftyDayAverage": 25.474285, "twoHundredDayAverage": 17.739782, "currency": "INR", "fromCurrency": null, "toCurrency": null, "lastMarket": null, "algorithm": null, "tradeable": false}, "sectorTrend": {"maxAge": 1, "symbol": null, "estimates": []}, "incomeStatementHistoryQuarterly": {"incomeStatementHistory": [{"maxAge": 1, "endDate": "2020-06-30", "totalRevenue": 412804000, "costOfRevenue": 343320000, "grossProfit": 69484000, "researchDevelopment": {}, "sellingGeneralAdministrative": 13512000, "nonRecurring": {}, "otherOperatingExpenses": 28441000, "totalOperatingExpenses": 436567000, "operatingIncome": -23763000, "totalOtherIncomeExpenseNet": 28909000, "ebit": -23763000, "interestExpense": -8492000, "incomeBeforeTax": 5146000, "incomeTaxExpense": -7245000, "minorityInterest": {}, "netIncomeFromContinuingOps": 12391000, "discontinuedOperations": {}, "extraordinaryItems": {}, "effectOfAccountingCharges": {}, "otherItems": {}, "netIncome": 12391000, "netIncomeApplicableToCommonShares": 12391000}, {"maxAge": 1, "endDate": "2020-03-31", "totalRevenue": 524061000, "costOfRevenue": 729881000, "grossProfit": -205820000, "researchDevelopment": {}, "sellingGeneralAdministrative": 45875000, "nonRecurring": {}, "otherOperatingExpenses": -51888000, "totalOperatingExpenses": 774855000, "operatingIncome": -250794000, "totalOtherIncomeExpenseNet": 441446000, "ebit": -250794000, "interestExpense": -15631000, "incomeBeforeTax": 190652000, "incomeTaxExpense": -5951000, "minorityInterest": 400000, "netIncomeFromContinuingOps": 196603000, "discontinuedOperations": {}, "extraordinaryItems": {}, "effectOfAccountingCharges": {}, "otherItems": {}, "netIncome": 196603000, "netIncomeApplicableToCommonShares": 196603000}, {"maxAge": 1, "endDate": "2019-12-31", "totalRevenue": 638200000, "costOfRevenue": 675800000, "grossProfit": -37600000, "researchDevelopment": {}, "sellingGeneralAdministrative": 50300000, "nonRecurring": {}, "otherOperatingExpenses": 94300000, "totalOperatingExpenses": 872500000, "operatingIncome": -234300000, "totalOtherIncomeExpenseNet": 142000000, "ebit": -234300000, "interestExpense": -9200000, "incomeBeforeTax": -92300000, "incomeTaxExpense": -23800000, "minorityInterest": 400000, "netIncomeFromContinuingOps": -68500000, "discontinuedOperations": {}, "extraordinaryItems": {}, "effectOfAccountingCharges": {}, "otherItems": {}, "netIncome": -68500000, "netIncomeApplicableToCommonShares": -68500000}, {"maxAge": 1, "endDate": "2019-09-30", "totalRevenue": 712100000, "costOfRevenue": 486500000, "grossProfit": 225600000, "researchDevelopment": {}, "sellingGeneralAdministrative": 65100000, "nonRecurring": {}, "otherOperatingExpenses": 107600000, "totalOperatingExpenses": 717000000, "operatingIncome": -4900000, "totalOtherIncomeExpenseNet": 22200000, "ebit": -4900000, "interestExpense": -4800000, "incomeBeforeTax": 17300000, "incomeTaxExpense": 50400000, "minorityInterest": 400000, "netIncomeFromContinuingOps": -33100000, "discontinuedOperations": {}, "extraordinaryItems": {}, "effectOfAccountingCharges": {}, "otherItems": {}, "netIncome": -33100000, "netIncomeApplicableToCommonShares": -33100000}], "maxAge": 86400}, "cashflowStatementHistoryQuarterly": {"cashflowStatements": [{"maxAge": 1, "endDate": "2020-06-30", "netIncome": 12391000, "changeToLiabilities": 0}, {"maxAge": 1, "endDate": "2020-03-31", "netIncome": 196603000, "changeToLiabilities": 0}, {"maxAge": 1, "endDate": "2019-12-31", "netIncome": -68500000, "changeToLiabilities": 0}, {"maxAge": 1, "endDate": "2019-09-30", "netIncome": -33100000, "changeToLiabilities": 0}], "maxAge": 86400}, "insiderHolders": {"holders": [{"maxAge": 1, "name": "ARSS Developers, Ltd.", "relation": "Promoter", "url": "", "transactionDescription": "Other", "latestTransDate": "2017-08-09", "positionDirect": 3183480, "positionDirectDate": "2017-08-09"}, {"maxAge": 1, "name": "Agarwal (Anil)", "relation": "Promoter", "url": "", "transactionDescription": "Other", "latestTransDate": "2017-08-09", "positionDirect": 339821, "positionDirectDate": "2017-08-09"}, {"maxAge": 1, "name": "Agarwal (Rajesh)", "relation": "Promoter", "url": "", "transactionDescription": "Other", "latestTransDate": "2017-08-09", "positionDirect": 538745, "positionDirectDate": "2017-08-09"}, {"maxAge": 1, "name": "Agarwal (Sabita)", "relation": "Promoter", "url": "", "transactionDescription": "Other", "latestTransDate": "2017-08-09", "positionDirect": 217383, "positionDirectDate": "2017-08-09"}, {"maxAge": 1, "name": "Agarwal (Sangita)", "relation": "Promoter", "url": "", "transactionDescription": "Other", "latestTransDate": "2017-08-09", "positionDirect": 123796, "positionDirectDate": "2017-08-09"}, {"maxAge": 1, "name": "Agarwal (Sanju)", "relation": "Promoter", "url": "", "transactionDescription": "Other", "latestTransDate": "2017-08-09", "positionDirect": 118704, "positionDirectDate": "2017-08-09"}, {"maxAge": 1, "name": "Agarwal (Seema)", "relation": "Promoter", "url": "", "transactionDescription": "Other", "latestTransDate": "2017-08-09", "positionDirect": 20020, "positionDirectDate": "2017-08-09"}, {"maxAge": 1, "name": "Agarwal (Subash)", "relation": "Promoter", "url": "", "transactionDescription": "Other", "latestTransDate": "2017-08-09", "positionDirect": 1381608, "positionDirectDate": "2017-08-09"}, {"maxAge": 1, "name": "Agarwal (Sunil)", "relation": "Promoter", "url": "", "transactionDescription": "Other", "latestTransDate": "2017-08-09", "positionDirect": 278647, "positionDirectDate": "2017-08-09"}, {"maxAge": 1, "name": "Sidhant Financial Services Pvt Ltd", "relation": "Promoter", "url": "", "transactionDescription": "Other", "latestTransDate": "2017-08-09", "positionDirect": 3393031, "positionDirectDate": "2017-08-09"}], "maxAge": 1}, "earnings": {"maxAge": 86400, "earningsChart": {"quarterly": [], "earningsDate": []}, "financialsChart": {"yearly": [{"date": 2017, "revenue": 8366500000, "earnings": -3326400000}, {"date": 2018, "revenue": 5843400000, "earnings": -584200000}, {"date": 2019, "revenue": 4591031000, "earnings": -118168000}, {"date": 2020, "revenue": 2885161000, "earnings": 90603000}], "quarterly": [{"date": "3Q2019", "revenue": 712100000, "earnings": -33100000}, {"date": "4Q2019", "revenue": 638200000, "earnings": -68500000}, {"date": "1Q2020", "revenue": 524061000, "earnings": 196603000}, {"date": "2Q2020", "revenue": 412804000, "earnings": 12391000}]}, "financialCurrency": "INR"}, "calendarEvents": {"maxAge": 1, "earnings": {"earningsDate": []}}, "price": {"maxAge": 1, "regularMarketChangePercent": 0.020202018, "regularMarketChange": 0.5, "regularMarketTime": "2021-04-30 13:52:22", "priceHint": 2, "regularMarketPrice": 25.25, "regularMarketDayHigh": 26.0, "regularMarketDayLow": 25.0, "regularMarketVolume": 1040, "averageDailyVolume10Day": 7002, "averageDailyVolume3Month": 12859, "regularMarketPreviousClose": 24.75, "regularMarketSource": "FREE_REALTIME", "regularMarketOpen": 26.0, "exchange": "BSE", "exchangeName": "BSE", "exchangeDataDelayedBy": 0, "marketState": "CLOSED", "quoteType": "EQUITY", "symbol": "ARSSINFRA.BO", "underlyingSymbol": null, "shortName": "ARSS INFRASTRUCTURE PROJECTS L", "longName": "ARSS Infrastructure Projects Limited", "currency": "INR", "quoteSourceName": "Delayed Quote", "currencySymbol": "\u20b9", "fromCurrency": null, "toCurrency": null, "lastMarket": null, "marketCap": 574134528}, "balanceSheetHistory": {"balanceSheetStatements": [{"maxAge": 1, "endDate": "2020-03-31", "cash": 201976000, "netReceivables": 703769000, "inventory": 799481000, "otherCurrentAssets": 934496000, "totalCurrentAssets": 2649178000, "longTermInvestments": 246444000, "propertyPlantEquipment": 1258779000, "otherAssets": 13473522000, "deferredLongTermAssetCharges": 146931000, "totalAssets": 17627923000, "accountsPayable": 341013000, "otherCurrentLiab": 380490000, "otherLiab": 11541000, "minorityInterest": 400000, "totalCurrentLiabilities": 17320498000, "totalLiab": 17332039000, "commonStock": 227380000, "retainedEarnings": -1926596000, "capitalSurplus": 1994700000, "totalStockholderEquity": 295484000, "netTangibleAssets": 295484000}, {"maxAge": 1, "endDate": "2019-03-31", "cash": 781910000, "netReceivables": 1226176000, "inventory": 669755000, "otherCurrentAssets": 912237000, "totalCurrentAssets": 3609598000, "longTermInvestments": 124700000, "propertyPlantEquipment": 1674300000, "otherAssets": 13494084000, "deferredLongTermAssetCharges": 165900000, "totalAssets": 18902682000, "accountsPayable": 537399000, "otherCurrentLiab": 431597000, "longTermDebt": 47853000, "otherLiab": 8465000, "minorityInterest": 400000, "totalCurrentLiabilities": 18641605000, "totalLiab": 18697923000, "commonStock": 227380000, "retainedEarnings": -2017721000, "capitalSurplus": 1994700000, "totalStockholderEquity": 204359000, "netTangibleAssets": 204359000}, {"maxAge": 1, "endDate": "2018-03-31", "cash": 651000000, "netReceivables": 1004500000, "inventory": 617500000, "otherCurrentAssets": 983200000, "totalCurrentAssets": 3285700000, "longTermInvestments": 102400000, "propertyPlantEquipment": 1934100000, "otherAssets": 13438300000, "deferredLongTermAssetCharges": 109700000, "totalAssets": 18760500000, "accountsPayable": 498200000, "shortLongTermDebt": 730600000, "otherCurrentLiab": 209000000, "longTermDebt": 6630600000, "otherLiab": 16900000, "deferredLongTermLiab": 1500000, "minorityInterest": 400000, "totalCurrentLiabilities": 11790600000, "totalLiab": 18438100000, "commonStock": 227400000, "retainedEarnings": -1900100000, "capitalSurplus": 1994700000, "totalStockholderEquity": 322000000, "netTangibleAssets": 322000000}, {"maxAge": 1, "endDate": "2017-03-31", "cash": 169800000, "netReceivables": 4487000000, "inventory": 586900000, "otherCurrentAssets": 1852000000, "totalCurrentAssets": 7138900000, "longTermInvestments": 134200000, "propertyPlantEquipment": 3056600000, "otherAssets": 8837300000, "totalAssets": 19167000000, "accountsPayable": 489600000, "shortLongTermDebt": 278200000, "otherCurrentLiab": 176700000, "longTermDebt": 7324900000, "otherLiab": 207900000, "deferredLongTermLiab": 1500000, "minorityInterest": 400000, "totalCurrentLiabilities": 11327400000, "totalLiab": 18860200000, "commonStock": 148400000, "retainedEarnings": -1315600000, "capitalSurplus": 1473600000, "totalStockholderEquity": 306400000, "netTangibleAssets": 306400000}], "maxAge": 86400}, "earningsTrend": {"trend": [{"maxAge": 1, "period": "0q", "endDate": null, "growth": {}, "earningsEstimate": {"avg": 0.0, "low": 0.0, "high": 0.0, "yearAgoEps": {}, "numberOfAnalysts": 0, "growth": {}}, "revenueEstimate": {"avg": 0, "low": 0, "high": 0, "numberOfAnalysts": 0, "yearAgoRevenue": {}, "growth": {}}, "epsTrend": {"current": 0.0, "7daysAgo": 0.0, "30daysAgo": 0.0, "60daysAgo": 0.0, "90daysAgo": 0.0}, "epsRevisions": {"upLast7days": 0, "upLast30days": 0, "downLast30days": 0, "downLast90days": {}}}, {"maxAge": 1, "period": "+1q", "endDate": null, "growth": {}, "earningsEstimate": {"avg": 0.0, "low": 0.0, "high": 0.0, "yearAgoEps": {}, "numberOfAnalysts": 0, "growth": {}}, "revenueEstimate": {"avg": 0, "low": 0, "high": 0, "numberOfAnalysts": 0, "yearAgoRevenue": {}, "growth": {}}, "epsTrend": {"current": 0.0, "7daysAgo": 0.0, "30daysAgo": 0.0, "60daysAgo": 0.0, "90daysAgo": 0.0}, "epsRevisions": {"upLast7days": 0, "upLast30days": 0, "downLast30days": 0, "downLast90days": {}}}, {"maxAge": 1, "period": "0y", "endDate": null, "growth": {}, "earningsEstimate": {"avg": 0.0, "low": 0.0, "high": 0.0, "yearAgoEps": {}, "numberOfAnalysts": 0, "growth": {}}, "revenueEstimate": {"avg": 0, "low": 0, "high": 0, "numberOfAnalysts": 0, "yearAgoRevenue": {}, "growth": {}}, "epsTrend": {"current": 0.0, "7daysAgo": 0.0, "30daysAgo": 0.0, "60daysAgo": 0.0, "90daysAgo": 0.0}, "epsRevisions": {"upLast7days": 0, "upLast30days": 0, "downLast30days": 0, "downLast90days": {}}}, {"maxAge": 1, "period": "+1y", "endDate": null, "growth": {}, "earningsEstimate": {"avg": 0.0, "low": 0.0, "high": 0.0, "yearAgoEps": {}, "numberOfAnalysts": 0, "growth": {}}, "revenueEstimate": {"avg": 0, "low": 0, "high": 0, "numberOfAnalysts": 0, "yearAgoRevenue": {}, "growth": {}}, "epsTrend": {"current": 0.0, "7daysAgo": 0.0, "30daysAgo": 0.0, "60daysAgo": 0.0, "90daysAgo": 0.0}, "epsRevisions": {"upLast7days": 0, "upLast30days": 0, "downLast30days": 0, "downLast90days": {}}}, {"maxAge": 1, "period": "+5y", "endDate": null, "growth": {}, "earningsEstimate": {"avg": {}, "low": {}, "high": {}, "yearAgoEps": {}, "numberOfAnalysts": {}, "growth": {}}, "revenueEstimate": {"avg": {}, "low": {}, "high": {}, "numberOfAnalysts": {}, "yearAgoRevenue": {}, "growth": {}}, "epsTrend": {"current": {}, "7daysAgo": {}, "30daysAgo": {}, "60daysAgo": {}, "90daysAgo": {}}, "epsRevisions": {"upLast7days": {}, "upLast30days": {}, "downLast30days": {}, "downLast90days": {}}}, {"maxAge": 1, "period": "-5y", "endDate": null, "growth": {}, "earningsEstimate": {"avg": {}, "low": {}, "high": {}, "yearAgoEps": {}, "numberOfAnalysts": {}, "growth": {}}, "revenueEstimate": {"avg": {}, "low": {}, "high": {}, "numberOfAnalysts": {}, "yearAgoRevenue": {}, "growth": {}}, "epsTrend": {"current": {}, "7daysAgo": {}, "30daysAgo": {}, "60daysAgo": {}, "90daysAgo": {}}, "epsRevisions": {"upLast7days": {}, "upLast30days": {}, "downLast30days": {}, "downLast90days": {}}}], "maxAge": 1}, "financialData": {"maxAge": 86400, "currentPrice": 25.25, "recommendationKey": "none", "grossProfits": 209980000, "financialCurrency": "INR"}}}