{"ARTEFACT.BO": {"cashflowStatementHistory": {"cashflowStatements": [{"maxAge": 1, "endDate": "2020-03-31", "netIncome": 35918880, "depreciation": 9918226, "changeToNetincome": 29577351, "changeToAccountReceivables": 79631234, "changeToLiabilities": -27897604, "changeToInventory": 9532205, "changeToOperatingActivities": -117060266, "totalCashFromOperatingActivities": 19853840, "capitalExpenditures": -1448449, "otherCashflowsFromInvestingActivities": 26970958, "totalCashflowsFromInvestingActivities": 67996409, "netBorrowings": -81552342, "otherCashflowsFromFinancingActivities": -14923135, "totalCashFromFinancingActivities": -87675477, "changeInCash": 174772, "issuanceOfStock": 8800000}, {"maxAge": 1, "endDate": "2019-03-31", "netIncome": 13225786, "depreciation": 8217868, "changeToNetincome": 19299095, "changeToAccountReceivables": -41437314, "changeToLiabilities": 31685862, "changeToInventory": -17434077, "changeToOperatingActivities": 36546225, "totalCashFromOperatingActivities": 50318980, "capitalExpenditures": -1822735, "investments": -25662822, "otherCashflowsFromInvestingActivities": 11923765, "totalCashflowsFromInvestingActivities": -15561792, "netBorrowings": -12716694, "otherCashflowsFromFinancingActivities": -36363813, "totalCashFromFinancingActivities": -49080507, "changeInCash": -14323319, "issuanceOfStock": 8800000}, {"maxAge": 1, "endDate": "2018-03-31", "netIncome": -31035371, "depreciation": 7975450, "changeToNetincome": 24625867, "changeToAccountReceivables": -4987502, "changeToLiabilities": 7220183, "changeToInventory": -7663990, "changeToOperatingActivities": 43895932, "totalCashFromOperatingActivities": 40216731, "capitalExpenditures": -3978497, "investments": -20000000, "otherCashflowsFromInvestingActivities": 9811245, "totalCashflowsFromInvestingActivities": -14146252, "netBorrowings": 9229231, "otherCashflowsFromFinancingActivities": -44501858, "totalCashFromFinancingActivities": -35272627, "changeInCash": -9202148, "issuanceOfStock": 8800000}, {"maxAge": 1, "endDate": "2017-03-31", "netIncome": 2040867, "depreciation": 7687783, "changeToNetincome": 19904872, "changeToAccountReceivables": -25525945, "changeToLiabilities": 11380209, "changeToInventory": -594402, "changeToOperatingActivities": 77920135, "totalCashFromOperatingActivities": 93170647, "capitalExpenditures": -2074005, "investments": -60000000, "otherCashflowsFromInvestingActivities": 18846238, "totalCashflowsFromInvestingActivities": -43227767, "netBorrowings": -11632757, "otherCashflowsFromFinancingActivities": -36928369, "totalCashFromFinancingActivities": -48561126, "changeInCash": 1381754, "issuanceOfStock": 8800000}], "maxAge": 86400}, "institutionOwnership": {"maxAge": 1, "ownershipList": []}, "balanceSheetHistoryQuarterly": {"balanceSheetStatements": [{"maxAge": 1, "endDate": "2020-06-30", "totalStockholderEquity": 394749000, "netTangibleAssets": 394587000}, {"maxAge": 1, "endDate": "2020-03-31", "cash": 14636699, "netReceivables": 320534546, "inventory": 16157973, "otherCurrentAssets": 20287342, "totalCurrentAssets": 371616560, "longTermInvestments": 129000000, "propertyPlantEquipment": 170192956, "intangibleAssets": 161934, "otherAssets": 2833308, "totalAssets": 673804758, "accountsPayable": 30102163, "shortLongTermDebt": 213774, "otherCurrentLiab": 18973413, "longTermDebt": 274884, "otherLiab": 27781427, "totalCurrentLiabilities": 250999622, "totalLiab": 279055933, "commonStock": 69800000, "retainedEarnings": 175014675, "treasuryStock": 11993750, "capitalSurplus": 137940400, "otherStockholderEquity": 11993750, "totalStockholderEquity": 394748825, "netTangibleAssets": 394586891}, {"maxAge": 1, "endDate": "2019-12-31", "totalStockholderEquity": 374112000, "netTangibleAssets": 373851000}, {"maxAge": 1, "endDate": "2019-09-30", "cash": 14050000, "netReceivables": 185828000, "inventory": 21765000, "otherCurrentAssets": 180617000, "totalCurrentAssets": 402260000, "longTermInvestments": 129000000, "propertyPlantEquipment": 210309000, "intangibleAssets": 261000, "otherAssets": 13147000, "totalAssets": 754977000, "accountsPayable": 12043000, "shortLongTermDebt": 10195000, "otherCurrentLiab": 188177000, "longTermDebt": 47893000, "otherLiab": 25591000, "totalCurrentLiabilities": 307381000, "totalLiab": 380865000, "commonStock": 58000000, "treasuryStock": 316112000, "otherStockholderEquity": 316112000, "totalStockholderEquity": 374112000, "netTangibleAssets": 373851000}], "maxAge": 86400}, "indexTrend": {"maxAge": 1, "symbol": "SP5", "peRatio": 19.7411, "pegRatio": 1.34172, "estimates": [{"period": "0q", "growth": 0.549}, {"period": "+1q", "growth": 0.431}, {"period": "0y", "growth": 0.305}, {"period": "+1y", "growth": 0.109}, {"period": "+5y", "growth": 0.120859005}, {"period": "-5y"}]}, "insiderTransactions": {"transactions": [{"maxAge": 1, "shares": 125000, "filerUrl": "", "transactionText": "", "filerName": "Shah (Chetan Balkrishna)", "filerRelation": "Promoter", "moneyText": "", "startDate": "2019-08-30", "ownership": "D"}, {"maxAge": 1, "shares": 150000, "filerUrl": "", "transactionText": "", "filerName": "Shah (Manoj Balkrishna)", "filerRelation": "Chief Executive Officer", "moneyText": "", "startDate": "2019-08-30", "ownership": "D"}], "maxAge": 1}, "quoteType": {"exchange": "BSE", "quoteType": "EQUITY", "symbol": "ARTEFACT.BO", "underlyingSymbol": "ARTEFACT.BO", "shortName": "ARTEFACT PROJECTS LTD.", "longName": "Artefact Projects Limited", "firstTradeDateEpochUtc": "2002-01-01 09:15:00", "timeZoneFullName": "Asia/Kolkata", "timeZoneShortName": "IST", "uuid": "3a373f21-76b0-37b4-979f-95607b8a5b09", "messageBoardId": null, "gmtOffSetMilliseconds": 19800000, "maxAge": 1}, "incomeStatementHistory": {"incomeStatementHistory": [{"maxAge": 1, "endDate": "2020-03-31", "totalRevenue": 318956872, "costOfRevenue": 211570466, "grossProfit": 107386406, "researchDevelopment": {}, "sellingGeneralAdministrative": 31129387, "nonRecurring": {}, "otherOperatingExpenses": -25394771, "totalOperatingExpenses": 270379875, "operatingIncome": 48576997, "totalOtherIncomeExpenseNet": -4015989, "ebit": 48576997, "interestExpense": -18857377, "incomeBeforeTax": 44561008, "incomeTaxExpense": 8642128, "minorityInterest": {}, "netIncomeFromContinuingOps": 35918880, "discontinuedOperations": {}, "extraordinaryItems": {}, "effectOfAccountingCharges": {}, "otherItems": {}, "netIncome": 35918880, "netIncomeApplicableToCommonShares": 35918880}, {"maxAge": 1, "endDate": "2019-03-31", "totalRevenue": 225556243, "costOfRevenue": 142342444, "grossProfit": 83213799, "researchDevelopment": {}, "sellingGeneralAdministrative": 28714938, "nonRecurring": {}, "otherOperatingExpenses": 14280060, "totalOperatingExpenses": 193770845, "operatingIncome": 31785398, "totalOtherIncomeExpenseNet": -23686564, "ebit": 31785398, "interestExpense": -22247529, "incomeBeforeTax": 8098834, "incomeTaxExpense": -5126952, "minorityInterest": {}, "netIncomeFromContinuingOps": 13225786, "discontinuedOperations": {}, "extraordinaryItems": {}, "effectOfAccountingCharges": {}, "otherItems": {}, "netIncome": 13225786, "netIncomeApplicableToCommonShares": 13225786}, {"maxAge": 1, "endDate": "2018-03-31", "totalRevenue": 215580877, "costOfRevenue": 186039533, "grossProfit": 29541344, "researchDevelopment": {}, "sellingGeneralAdministrative": 19463662, "nonRecurring": {}, "otherOperatingExpenses": 9344168, "totalOperatingExpenses": 223008975, "operatingIncome": -7428098, "totalOtherIncomeExpenseNet": -21158823, "ebit": -7428098, "interestExpense": -42866339, "incomeBeforeTax": -28586921, "incomeTaxExpense": 2448450, "minorityInterest": {}, "netIncomeFromContinuingOps": -31035371, "discontinuedOperations": {}, "extraordinaryItems": {}, "effectOfAccountingCharges": {}, "otherItems": {}, "netIncome": -31035371, "netIncomeApplicableToCommonShares": -31035371}, {"maxAge": 1, "endDate": "2017-03-31", "totalRevenue": 230134306, "costOfRevenue": 174764077, "grossProfit": 55370229, "researchDevelopment": {}, "sellingGeneralAdministrative": 17744376, "nonRecurring": {}, "otherOperatingExpenses": 9604538, "totalOperatingExpenses": 210157902, "operatingIncome": 19976404, "totalOtherIncomeExpenseNet": -14769868, "ebit": 19976404, "interestExpense": -34388489, "incomeBeforeTax": 5206536, "incomeTaxExpense": 3165669, "minorityInterest": {}, "netIncomeFromContinuingOps": 2040867, "discontinuedOperations": {}, "extraordinaryItems": {}, "effectOfAccountingCharges": {}, "otherItems": {}, "netIncome": 2040867, "netIncomeApplicableToCommonShares": 2040867}], "maxAge": 86400}, "fundOwnership": {"maxAge": 1, "ownershipList": []}, "summaryDetail": {"maxAge": 1, "priceHint": 2, "previousClose": 31.6, "open": 31.05, "dayLow": 31.05, "dayHigh": 32.5, "regularMarketPreviousClose": 31.6, "regularMarketOpen": 31.05, "regularMarketDayLow": 31.05, "regularMarketDayHigh": 32.5, "trailingPE": 3.962241, "volume": 400, "regularMarketVolume": 400, "averageVolume": 13111, "averageVolume10days": 6445, "averageDailyVolume10Day": 6445, "bid": 31.1, "ask": 31.9, "bidSize": 0, "askSize": 0, "marketCap": 185020000, "fiftyTwoWeekLow": 21.9, "fiftyTwoWeekHigh": 42.65, "fiftyDayAverage": 35.42, "twoHundredDayAverage": 32.88832, "currency": "INR", "fromCurrency": null, "toCurrency": null, "lastMarket": null, "algorithm": null, "tradeable": false}, "incomeStatementHistoryQuarterly": {"incomeStatementHistory": [{"maxAge": 1, "endDate": "2020-06-30", "totalRevenue": 80895000, "costOfRevenue": 56142000, "grossProfit": 24753000, "researchDevelopment": {}, "sellingGeneralAdministrative": 5402000, "nonRecurring": {}, "otherOperatingExpenses": 4507000, "totalOperatingExpenses": 68532000, "operatingIncome": 12363000, "totalOtherIncomeExpenseNet": 1866000, "ebit": 12363000, "interestExpense": -6633000, "incomeBeforeTax": 14229000, "incomeTaxExpense": 1601000, "minorityInterest": {}, "netIncomeFromContinuingOps": 12628000, "discontinuedOperations": {}, "extraordinaryItems": {}, "effectOfAccountingCharges": {}, "otherItems": {}, "netIncome": 12628000, "netIncomeApplicableToCommonShares": 12628000}, {"maxAge": 1, "endDate": "2020-03-31", "totalRevenue": 89170872, "costOfRevenue": 71861466, "grossProfit": 17309406, "researchDevelopment": {}, "sellingGeneralAdministrative": 6296387, "nonRecurring": {}, "otherOperatingExpenses": -49861771, "totalOperatingExpenses": 73536875, "operatingIncome": 15633997, "totalOtherIncomeExpenseNet": -3568989, "ebit": 15633997, "interestExpense": -6633000, "incomeBeforeTax": 12065008, "incomeTaxExpense": 6800128, "minorityInterest": {}, "netIncomeFromContinuingOps": 5264880, "discontinuedOperations": {}, "extraordinaryItems": {}, "effectOfAccountingCharges": {}, "otherItems": {}, "netIncome": 5264880, "netIncomeApplicableToCommonShares": 5264880}, {"maxAge": 1, "endDate": "2019-12-31", "totalRevenue": 72787000, "costOfRevenue": 46363000, "grossProfit": 26424000, "researchDevelopment": {}, "sellingGeneralAdministrative": 8781000, "nonRecurring": {}, "otherOperatingExpenses": 7487000, "totalOperatingExpenses": 65130000, "operatingIncome": 7657000, "totalOtherIncomeExpenseNet": 7673000, "ebit": 7657000, "interestExpense": -4178000, "incomeBeforeTax": 15330000, "incomeTaxExpense": 1671000, "minorityInterest": {}, "netIncomeFromContinuingOps": 13659000, "discontinuedOperations": {}, "extraordinaryItems": {}, "effectOfAccountingCharges": {}, "otherItems": {}, "netIncome": 13659000, "netIncomeApplicableToCommonShares": 13659000}, {"maxAge": 1, "endDate": "2019-09-30", "totalRevenue": 95504000, "costOfRevenue": 55997000, "grossProfit": 39507000, "researchDevelopment": {}, "sellingGeneralAdministrative": 9134000, "nonRecurring": {}, "otherOperatingExpenses": 11628000, "totalOperatingExpenses": 79443000, "operatingIncome": 16061000, "totalOtherIncomeExpenseNet": -4716000, "ebit": 16061000, "interestExpense": -8215000, "incomeBeforeTax": 11345000, "incomeTaxExpense": -990000, "minorityInterest": {}, "netIncomeFromContinuingOps": 12335000, "discontinuedOperations": {}, "extraordinaryItems": {}, "effectOfAccountingCharges": {}, "otherItems": {}, "netIncome": 12335000, "netIncomeApplicableToCommonShares": 12335000}], "maxAge": 86400}, "cashflowStatementHistoryQuarterly": {"cashflowStatements": [{"maxAge": 1, "endDate": "2020-06-30", "netIncome": 12628000, "changeToLiabilities": 0}, {"maxAge": 1, "endDate": "2020-03-31", "netIncome": 5264880, "changeToLiabilities": 0}, {"maxAge": 1, "endDate": "2019-12-31", "netIncome": 13659000, "changeToLiabilities": 0}, {"maxAge": 1, "endDate": "2019-09-30", "netIncome": 12335000, "changeToLiabilities": 0}], "maxAge": 86400}, "insiderHolders": {"holders": [{"maxAge": 1, "name": "Shah (Chetan Balkrishna)", "relation": "Promoter", "url": "", "transactionDescription": "Other", "latestTransDate": "2019-08-30", "positionDirect": 688300, "positionDirectDate": "2019-08-30"}, {"maxAge": 1, "name": "Shah (Manoj Balkrishna)", "relation": "Chief Executive Officer", "url": "", "transactionDescription": "Other", "latestTransDate": "2019-08-30", "positionDirect": 850600, "positionDirectDate": "2019-08-30"}], "maxAge": 1}, "calendarEvents": {"maxAge": 1, "earnings": {"earningsDate": []}}, "price": {"maxAge": 1, "regularMarketChangePercent": 0.009493646, "regularMarketChange": 0.29999924, "regularMarketTime": "2021-04-30 15:29:34", "priceHint": 2, "regularMarketPrice": 31.9, "regularMarketDayHigh": 32.5, "regularMarketDayLow": 31.05, "regularMarketVolume": 400, "averageDailyVolume10Day": 6445, "averageDailyVolume3Month": 13111, "regularMarketPreviousClose": 31.6, "regularMarketSource": "FREE_REALTIME", "regularMarketOpen": 31.05, "exchange": "BSE", "exchangeName": "BSE", "exchangeDataDelayedBy": 0, "marketState": "CLOSED", "quoteType": "EQUITY", "symbol": "ARTEFACT.BO", "underlyingSymbol": null, "shortName": "ARTEFACT PROJECTS LTD.", "longName": "Artefact Projects Limited", "currency": "INR", "quoteSourceName": "Delayed Quote", "currencySymbol": "\u20b9", "fromCurrency": null, "toCurrency": null, "lastMarket": null, "marketCap": 185020000}, "balanceSheetHistory": {"balanceSheetStatements": [{"maxAge": 1, "endDate": "2020-03-31", "cash": 14636699, "netReceivables": 320534546, "inventory": 16157973, "otherCurrentAssets": 20287342, "totalCurrentAssets": 371616560, "longTermInvestments": 129000000, "propertyPlantEquipment": 170192956, "intangibleAssets": 161934, "otherAssets": 2833308, "totalAssets": 673804758, "accountsPayable": 30102163, "shortLongTermDebt": 213774, "otherCurrentLiab": 18973413, "longTermDebt": 274884, "otherLiab": 27781427, "totalCurrentLiabilities": 250999622, "totalLiab": 279055933, "commonStock": 69800000, "retainedEarnings": 175014675, "treasuryStock": 11993750, "capitalSurplus": 137940400, "otherStockholderEquity": 11993750, "totalStockholderEquity": 394748825, "netTangibleAssets": 394586891}, {"maxAge": 1, "endDate": "2019-03-31", "cash": 25942608, "netReceivables": 364994755, "inventory": 25692470, "otherCurrentAssets": -8077763, "totalCurrentAssets": 408552070, "longTermInvestments": 129000000, "propertyPlantEquipment": 209605903, "intangibleAssets": 369648, "otherAssets": 11462789, "totalAssets": 758990410, "accountsPayable": 57999767, "shortLongTermDebt": 10195434, "otherCurrentLiab": 70621130, "longTermDebt": 57786614, "otherLiab": 25420616, "totalCurrentLiabilities": 339011597, "totalLiab": 422218827, "commonStock": 55250000, "retainedEarnings": 137637433, "treasuryStock": 11993750, "capitalSurplus": 131890400, "otherStockholderEquity": 11993750, "totalStockholderEquity": 336771583, "netTangibleAssets": 336401935}, {"maxAge": 1, "endDate": "2018-03-31", "cash": 14603105, "shortTermInvestments": 1396600, "netReceivables": 250465794, "inventory": 8258392, "otherCurrentAssets": 17544666, "totalCurrentAssets": 292268557, "longTermInvestments": 129000000, "propertyPlantEquipment": 216061632, "intangibleAssets": 524583, "otherAssets": 60899720, "totalAssets": 698754492, "accountsPayable": 33848126, "shortLongTermDebt": 10517235, "otherCurrentLiab": 56127702, "longTermDebt": 68366855, "otherLiab": 27887028, "totalCurrentLiabilities": 278888287, "totalLiab": 375142170, "commonStock": 55250000, "retainedEarnings": 124478172, "treasuryStock": 11993750, "capitalSurplus": 131890400, "otherStockholderEquity": 11993750, "totalStockholderEquity": 323612322, "netTangibleAssets": 323087739}, {"maxAge": 1, "endDate": "2017-03-31", "cash": 11295444, "shortTermInvestments": 947780, "netReceivables": 272491635, "inventory": 594402, "otherCurrentAssets": 39308890, "totalCurrentAssets": 324638151, "longTermInvestments": 109000000, "propertyPlantEquipment": 220649239, "intangibleAssets": 122368, "otherAssets": 54841865, "totalAssets": 709251623, "accountsPayable": 26627943, "shortLongTermDebt": 10370833, "otherCurrentLiab": 55127112, "longTermDebt": 74689358, "otherLiab": 25303683, "totalCurrentLiabilities": 254713840, "totalLiab": 354706881, "commonStock": 55250000, "retainedEarnings": 155410592, "treasuryStock": 11993750, "capitalSurplus": 131890400, "otherStockholderEquity": 11993750, "totalStockholderEquity": 354544742, "netTangibleAssets": 354422374}], "maxAge": 86400}, "financialData": {"maxAge": 86400, "currentPrice": 31.9, "recommendationKey": "none", "grossProfits": 107386406, "financialCurrency": "INR"}}}