{"ARTEMISMED.NS": {"assetProfile": {"address1": "Artemis Hospital", "address2": "Sector 51", "city": "Gurugram", "zip": "122001", "country": "India", "phone": "91 12 4451 1111", "fax": "91 12 4458 8899", "website": "http://www.artemishospitals.com", "industry": "", "sector": "", "longBusinessSummary": "Artemis Medicare Services Limited manages and operates multi-specialty hospitals in India and internationally. The company offers medical and surgical intervention; and inpatient and outpatient services. It also operates Artemis Hospital, a 395 bed multi-specialty hospital located in Gurugram, India. The company was incorporated in 2004 and is based in Gurugram, India.", "fullTimeEmployees": 1745, "companyOfficers": [{"maxAge": 1, "name": "Dr. Devlina  Chakravarty", "title": "CEO, MD & Exec. Director", "fiscalYear": 2020, "totalPay": 51545000, "exercisedValue": 0, "unexercisedValue": 0}, {"maxAge": 1, "name": "Mr. Sanjiv Kumar Kothari", "title": "Chief Financial Officer", "fiscalYear": 2020, "totalPay": 7190000, "exercisedValue": 0, "unexercisedValue": 0}, {"maxAge": 1, "name": "Ms. Shilpa  Budhia", "title": "Company Sec. & Compliance Officer", "exercisedValue": 0, "unexercisedValue": 0}, {"maxAge": 1, "name": "Dr. Vishal  Sehgal", "title": "Head of Emergency & Trauma Services and Medical Superintendent", "exercisedValue": 0, "unexercisedValue": 0}, {"maxAge": 1, "name": "Dr. Namita  Jaggi", "title": "Chief of Education & Research and Director of Laboratory Services & Infection Control", "exercisedValue": 0, "unexercisedValue": 0}], "compensationAsOfEpochDate": "2020-12-31 05:30:00", "maxAge": 86400}, "cashflowStatementHistory": {"cashflowStatements": [{"maxAge": 1, "endDate": "2020-03-31", "netIncome": 197926000, "depreciation": 216844000, "changeToNetincome": 178746000, "changeToAccountReceivables": -2126000, "changeToLiabilities": 15302000, "changeToInventory": -38164000, "changeToOperatingActivities": -17169000, "totalCashFromOperatingActivities": 560820000, "capitalExpenditures": -260032000, "investments": -9006000, "otherCashflowsFromInvestingActivities": 5006000, "totalCashflowsFromInvestingActivities": -262918000, "netBorrowings": -177611000, "otherCashflowsFromFinancingActivities": -96597000, "totalCashFromFinancingActivities": -274208000, "changeInCash": 23694000}, {"maxAge": 1, "endDate": "2019-03-31", "netIncome": 204927000, "depreciation": 193286000, "changeToNetincome": 125351000, "changeToAccountReceivables": -231587000, "changeToLiabilities": 94631000, "changeToInventory": -4890000, "changeToOperatingActivities": 15304000, "totalCashFromOperatingActivities": 404479000, "capitalExpenditures": -572666000, "investments": 63377000, "otherCashflowsFromInvestingActivities": 13272000, "totalCashflowsFromInvestingActivities": -495505000, "netBorrowings": 232664000, "otherCashflowsFromFinancingActivities": -88650000, "totalCashFromFinancingActivities": 144014000, "changeInCash": 52988000}, {"maxAge": 1, "endDate": "2018-03-31", "netIncome": 267702000, "depreciation": 179654000, "changeToNetincome": -28179000, "changeToAccountReceivables": 48794000, "changeToLiabilities": 135177000, "changeToInventory": -518000, "changeToOperatingActivities": 111388000, "totalCashFromOperatingActivities": 719072000, "capitalExpenditures": -613288000, "investments": -69689000, "otherCashflowsFromInvestingActivities": 14400000, "totalCashflowsFromInvestingActivities": -665704000, "netBorrowings": -22731000, "otherCashflowsFromFinancingActivities": -73955000, "totalCashFromFinancingActivities": -96686000, "changeInCash": -43318000}, {"maxAge": 1, "endDate": "2017-03-31", "netIncome": 270668000, "depreciation": 147557000, "changeToNetincome": 75657000, "changeToAccountReceivables": -74989000, "changeToLiabilities": 77326000, "changeToInventory": -3789000, "changeToOperatingActivities": 82957000, "totalCashFromOperatingActivities": 579415000, "capitalExpenditures": -755896000, "investments": -1718000, "otherCashflowsFromInvestingActivities": 15442000, "totalCashflowsFromInvestingActivities": -739439000, "netBorrowings": 268986000, "otherCashflowsFromFinancingActivities": -75092000, "totalCashFromFinancingActivities": 193894000, "changeInCash": 33870000}], "maxAge": 86400}, "institutionOwnership": {"maxAge": 1, "ownershipList": []}, "majorHoldersBreakdown": {"maxAge": 1, "insidersPercentHeld": 0.8527, "institutionsPercentHeld": 0.0, "institutionsFloatPercentHeld": 0.0, "institutionsCount": 0}, "balanceSheetHistoryQuarterly": {"balanceSheetStatements": [{"maxAge": 1, "endDate": "2020-12-31", "totalStockholderEquity": 3018567000, "netTangibleAssets": 2571634000}, {"maxAge": 1, "endDate": "2020-09-30", "cash": 463168000, "shortTermInvestments": 37393000, "netReceivables": 563227000, "inventory": 86985000, "otherCurrentAssets": 100497000, "totalCurrentAssets": 1251270000, "longTermInvestments": 4124000, "propertyPlantEquipment": 4008216000, "goodWill": 416207000, "intangibleAssets": 30726000, "otherAssets": 297043000, "totalAssets": 6007586000, "accountsPayable": 669983000, "shortLongTermDebt": 474472000, "otherCurrentLiab": 273689000, "longTermDebt": 996794000, "otherLiab": 298671000, "minorityInterest": 2807000, "totalCurrentLiabilities": 1521606000, "totalLiab": 2986212000, "commonStock": 132377000, "treasuryStock": 2886190000, "otherStockholderEquity": 2886190000, "totalStockholderEquity": 3018567000, "netTangibleAssets": 2571634000}, {"maxAge": 1, "endDate": "2020-06-30", "totalStockholderEquity": 3132406000, "netTangibleAssets": 2681651000}, {"maxAge": 1, "endDate": "2020-03-31", "cash": 116082000, "shortTermInvestments": 40444000, "netReceivables": 878423000, "inventory": 107534000, "otherCurrentAssets": 13434000, "totalCurrentAssets": 1175114000, "longTermInvestments": 2905000, "propertyPlantEquipment": 4038720000, "goodWill": 416207000, "intangibleAssets": 34548000, "otherAssets": 196938000, "totalAssets": 5864432000, "accountsPayable": 746126000, "shortLongTermDebt": 213272000, "otherCurrentLiab": 467458000, "longTermDebt": 655785000, "otherLiab": 353978000, "minorityInterest": 4734000, "totalCurrentLiabilities": 1578023000, "totalLiab": 2727292000, "commonStock": 132377000, "retainedEarnings": 903896000, "treasuryStock": 2096133000, "otherStockholderEquity": 2096133000, "totalStockholderEquity": 3132406000, "netTangibleAssets": 2681651000}], "maxAge": 86400}, "indexTrend": {"maxAge": 1, "symbol": "SP5", "peRatio": 19.7411, "pegRatio": 1.34172, "estimates": [{"period": "0q", "growth": 0.549}, {"period": "+1q", "growth": 0.431}, {"period": "0y", "growth": 0.305}, {"period": "+1y", "growth": 0.109}, {"period": "+5y", "growth": 0.120865}, {"period": "-5y"}]}, "defaultKeyStatistics": {"maxAge": 1, "priceHint": 2, "enterpriseValue": 3774331904, "profitMargins": -0.00455, "floatShares": 2059921, "heldPercentInsiders": 0.8527, "heldPercentInstitutions": 0.0, "category": null, "bookValue": 235.157, "priceToBook": 0.81179804, "fundFamily": null, "legalType": null, "lastFiscalYearEnd": "2020-03-31 05:30:00", "nextFiscalYearEnd": "2022-03-31 05:30:00", "mostRecentQuarter": "2020-12-31 05:30:00", "earningsQuarterlyGrowth": -0.051, "netIncomeToCommon": -18997000, "trailingEps": -1.436, "lastSplitFactor": null, "enterpriseToRevenue": 0.904, "enterpriseToEbitda": 13.1, "52WeekChange": -0.22977024, "SandP52WeekChange": 0.48148263}, "summaryProfile": {"address1": "Artemis Hospital", "address2": "Sector 51", "city": "Gurugram", "zip": "122001", "country": "India", "phone": "91 12 4451 1111", "fax": "91 12 4458 8899", "website": "http://www.artemishospitals.com", "industry": "", "sector": "", "longBusinessSummary": "Artemis Medicare Services Limited manages and operates multi-specialty hospitals in India and internationally. The company offers medical and surgical intervention; and inpatient and outpatient services. It also operates Artemis Hospital, a 395 bed multi-specialty hospital located in Gurugram, India. The company was incorporated in 2004 and is based in Gurugram, India.", "fullTimeEmployees": 1745, "companyOfficers": [], "maxAge": 86400}, "netSharePurchaseActivity": {"maxAge": 1, "period": "6m", "buyInfoCount": 0, "buyInfoShares": 0, "sellInfoCount": 0, "netInfoCount": 0, "netInfoShares": 0, "netPercentInsiderShares": 0.0, "totalInsiderShares": 11292879}, "quoteType": {"exchange": "NSI", "quoteType": "EQUITY", "symbol": "ARTEMISMED.NS", "underlyingSymbol": "ARTEMISMED.NS", "shortName": "ARTEMIS MEDICARE", "longName": "Artemis Medicare Services Limited", "firstTradeDateEpochUtc": "2020-01-24 09:15:00", "timeZoneFullName": "Asia/Kolkata", "timeZoneShortName": "IST", "uuid": "a025bfa9-860b-32e9-9b03-b71d2c8b4fb2", "messageBoardId": "finmb_215455640", "gmtOffSetMilliseconds": 19800000, "maxAge": 1}, "incomeStatementHistory": {"incomeStatementHistory": [{"maxAge": 1, "endDate": "2020-03-31", "totalRevenue": 5650179000, "costOfRevenue": 2569657000, "grossProfit": 3080522000, "researchDevelopment": {}, "sellingGeneralAdministrative": 51244000, "nonRecurring": {}, "otherOperatingExpenses": 2399609000, "totalOperatingExpenses": 5249076000, "operatingIncome": 401103000, "totalOtherIncomeExpenseNet": -94812000, "ebit": 401103000, "interestExpense": -105111000, "incomeBeforeTax": 306291000, "incomeTaxExpense": 111690000, "minorityInterest": 4734000, "netIncomeFromContinuingOps": 194601000, "discontinuedOperations": {}, "extraordinaryItems": {}, "effectOfAccountingCharges": {}, "otherItems": {}, "netIncome": 197926000, "netIncomeApplicableToCommonShares": 197926000}, {"maxAge": 1, "endDate": "2019-03-31", "totalRevenue": 5465159000, "costOfRevenue": 2403893000, "grossProfit": 3061266000, "researchDevelopment": {}, "sellingGeneralAdministrative": 70560000, "nonRecurring": {}, "otherOperatingExpenses": 2307978000, "totalOperatingExpenses": 4984955000, "operatingIncome": 480204000, "totalOtherIncomeExpenseNet": -112757000, "ebit": 480204000, "interestExpense": -89001000, "incomeBeforeTax": 367447000, "incomeTaxExpense": 163561000, "minorityInterest": -691000, "netIncomeFromContinuingOps": 203886000, "discontinuedOperations": {}, "extraordinaryItems": {}, "effectOfAccountingCharges": {}, "otherItems": {}, "netIncome": 204927000, "netIncomeApplicableToCommonShares": 204927000}, {"maxAge": 1, "endDate": "2018-03-31", "totalRevenue": 5027713000, "costOfRevenue": 2211669000, "grossProfit": 2816044000, "researchDevelopment": {}, "sellingGeneralAdministrative": 97084000, "nonRecurring": {}, "otherOperatingExpenses": 2104812000, "totalOperatingExpenses": 4599974000, "operatingIncome": 427739000, "totalOtherIncomeExpenseNet": -73063000, "ebit": 427739000, "interestExpense": -73955000, "incomeBeforeTax": 354676000, "incomeTaxExpense": 86974000, "minorityInterest": -691000, "netIncomeFromContinuingOps": 267702000, "discontinuedOperations": {}, "extraordinaryItems": {}, "effectOfAccountingCharges": {}, "otherItems": {}, "netIncome": 267702000, "netIncomeApplicableToCommonShares": 267702000}, {"maxAge": 1, "endDate": "2017-03-31", "totalRevenue": 4589955000, "costOfRevenue": 2071767000, "grossProfit": 2518188000, "researchDevelopment": {}, "sellingGeneralAdministrative": 116954000, "nonRecurring": {}, "otherOperatingExpenses": 1861364000, "totalOperatingExpenses": 4203465000, "operatingIncome": 386490000, "totalOtherIncomeExpenseNet": -62528000, "ebit": 386490000, "interestExpense": -75092000, "incomeBeforeTax": 323962000, "incomeTaxExpense": 53294000, "minorityInterest": -691000, "netIncomeFromContinuingOps": 270668000, "discontinuedOperations": {}, "extraordinaryItems": {}, "effectOfAccountingCharges": {}, "otherItems": {}, "netIncome": 270668000, "netIncomeApplicableToCommonShares": 270668000}], "maxAge": 86400}, "fundOwnership": {"maxAge": 1, "ownershipList": []}, "summaryDetail": {"maxAge": 1, "priceHint": 2, "previousClose": 190.1, "open": 194.85, "dayLow": 190.0, "dayHigh": 194.9, "regularMarketPreviousClose": 190.1, "regularMarketOpen": 194.85, "regularMarketDayLow": 190.0, "regularMarketDayHigh": 194.9, "volume": 16571, "regularMarketVolume": 16571, "averageVolume": 400, "averageVolume10days": 400, "averageDailyVolume10Day": 400, "bid": 0.0, "ask": 0.0, "fiftyTwoWeekLow": 118.0, "fiftyTwoWeekHigh": 220.0, "fiftyDayAverage": 154.2, "twoHundredDayAverage": 154.2, "currency": "INR", "fromCurrency": null, "toCurrency": null, "lastMarket": null, "algorithm": null, "tradeable": false}, "incomeStatementHistoryQuarterly": {"incomeStatementHistory": [{"maxAge": 1, "endDate": "2020-12-31", "totalRevenue": 1241869000, "costOfRevenue": 578985000, "grossProfit": 662884000, "researchDevelopment": {}, "sellingGeneralAdministrative": {}, "nonRecurring": {}, "otherOperatingExpenses": 502324000, "totalOperatingExpenses": 1134745000, "operatingIncome": 107124000, "totalOtherIncomeExpenseNet": -23898000, "ebit": 107124000, "interestExpense": -30745000, "incomeBeforeTax": 83226000, "incomeTaxExpense": 30703000, "minorityInterest": {}, "netIncomeFromContinuingOps": 52523000, "discontinuedOperations": {}, "extraordinaryItems": {}, "effectOfAccountingCharges": {}, "otherItems": {}, "netIncome": 53372000, "netIncomeApplicableToCommonShares": 53372000}, {"maxAge": 1, "endDate": "2020-09-30", "totalRevenue": 923294000, "costOfRevenue": 465068000, "grossProfit": 458226000, "researchDevelopment": {}, "sellingGeneralAdministrative": {}, "nonRecurring": {}, "otherOperatingExpenses": 379581000, "totalOperatingExpenses": 898416000, "operatingIncome": 24878000, "totalOtherIncomeExpenseNet": -28353000, "ebit": 24878000, "interestExpense": -37150000, "incomeBeforeTax": -3475000, "incomeTaxExpense": -3735000, "minorityInterest": 2807000, "netIncomeFromContinuingOps": 260000, "discontinuedOperations": {}, "extraordinaryItems": {}, "effectOfAccountingCharges": {}, "otherItems": {}, "netIncome": 1412000, "netIncomeApplicableToCommonShares": 1412000}, {"maxAge": 1, "endDate": "2020-06-30", "totalRevenue": 627282000, "costOfRevenue": 380722000, "grossProfit": 246560000, "researchDevelopment": {}, "sellingGeneralAdministrative": {}, "nonRecurring": {}, "otherOperatingExpenses": 336127000, "totalOperatingExpenses": 773729000, "operatingIncome": -146447000, "totalOtherIncomeExpenseNet": -29704000, "ebit": -146447000, "interestExpense": -35480000, "incomeBeforeTax": -176151000, "incomeTaxExpense": -58451000, "minorityInterest": 2807000, "netIncomeFromContinuingOps": -117700000, "discontinuedOperations": {}, "extraordinaryItems": {}, "effectOfAccountingCharges": {}, "otherItems": {}, "netIncome": -116924000, "netIncomeApplicableToCommonShares": -116924000}, {"maxAge": 1, "endDate": "2020-03-31", "totalRevenue": 1384709000, "costOfRevenue": 755323000, "grossProfit": 629386000, "researchDevelopment": {}, "sellingGeneralAdministrative": 51244000, "nonRecurring": {}, "otherOperatingExpenses": 433540000, "totalOperatingExpenses": 1299661000, "operatingIncome": 85048000, "totalOtherIncomeExpenseNet": -21839000, "ebit": 85048000, "interestExpense": -6714000, "incomeBeforeTax": 63209000, "incomeTaxExpense": 20981000, "minorityInterest": 4734000, "netIncomeFromContinuingOps": 42228000, "discontinuedOperations": {}, "extraordinaryItems": {}, "effectOfAccountingCharges": {}, "otherItems": {}, "netIncome": 43142000, "netIncomeApplicableToCommonShares": 43142000}], "maxAge": 86400}, "cashflowStatementHistoryQuarterly": {"cashflowStatements": [{"maxAge": 1, "endDate": "2020-12-31", "netIncome": 53372000, "changeToLiabilities": 0}, {"maxAge": 1, "endDate": "2020-09-30", "netIncome": 1412000, "changeToLiabilities": 0}, {"maxAge": 1, "endDate": "2020-06-30", "netIncome": -116924000, "changeToLiabilities": 0}, {"maxAge": 1, "endDate": "2020-03-31", "netIncome": 43142000, "changeToLiabilities": 0}], "maxAge": 86400}, "insiderHolders": {"holders": [], "maxAge": 1}, "calendarEvents": {"maxAge": 1, "earnings": {"earningsDate": []}}, "price": {"maxAge": 1, "regularMarketChangePercent": 0.004208247, "regularMarketChange": 0.7999878, "regularMarketTime": "2021-04-30 15:29:36", "priceHint": 2, "regularMarketPrice": 190.9, "regularMarketDayHigh": 194.9, "regularMarketDayLow": 190.0, "regularMarketVolume": 16571, "averageDailyVolume10Day": 400, "averageDailyVolume3Month": 400, "regularMarketPreviousClose": 190.1, "regularMarketSource": "FREE_REALTIME", "regularMarketOpen": 194.85, "exchange": "NSI", "exchangeName": "NSE", "exchangeDataDelayedBy": 15, "marketState": "CLOSED", "quoteType": "EQUITY", "symbol": "ARTEMISMED.NS", "underlyingSymbol": null, "shortName": "ARTEMIS MEDICARE", "longName": "Artemis Medicare Services Limited", "currency": "INR", "quoteSourceName": "Delayed Quote", "currencySymbol": "\u20b9", "fromCurrency": null, "toCurrency": null, "lastMarket": null}, "balanceSheetHistory": {"balanceSheetStatements": [{"maxAge": 1, "endDate": "2020-03-31", "cash": 116082000, "shortTermInvestments": 40444000, "netReceivables": 878423000, "inventory": 107534000, "otherCurrentAssets": 13434000, "totalCurrentAssets": 1175114000, "longTermInvestments": 2905000, "propertyPlantEquipment": 4038720000, "goodWill": 416207000, "intangibleAssets": 34548000, "otherAssets": 196938000, "totalAssets": 5864432000, "accountsPayable": 746126000, "shortLongTermDebt": 213272000, "otherCurrentLiab": 467458000, "longTermDebt": 655785000, "otherLiab": 353978000, "minorityInterest": 4734000, "totalCurrentLiabilities": 1578023000, "totalLiab": 2727292000, "commonStock": 132377000, "retainedEarnings": 903896000, "treasuryStock": 2096133000, "otherStockholderEquity": 2096133000, "totalStockholderEquity": 3132406000, "netTangibleAssets": 2681651000}, {"maxAge": 1, "endDate": "2019-03-31", "cash": 92388000, "shortTermInvestments": 31439000, "netReceivables": 910767000, "inventory": 69370000, "otherCurrentAssets": 7288000, "totalCurrentAssets": 1125304000, "longTermInvestments": 3242000, "propertyPlantEquipment": 3844373000, "goodWill": 416207000, "intangibleAssets": 40650000, "otherAssets": 113610000, "totalAssets": 5543386000, "accountsPayable": 736966000, "shortLongTermDebt": 228486000, "otherCurrentLiab": 398929000, "longTermDebt": 534588000, "otherLiab": 307969000, "minorityInterest": -691000, "totalCurrentLiabilities": 1766872000, "totalLiab": 2609429000, "retainedEarnings": 705970000, "treasuryStock": 2228678000, "otherStockholderEquity": 2228678000, "totalStockholderEquity": 2934648000, "netTangibleAssets": 2477791000}, {"maxAge": 1, "endDate": "2018-03-31", "cash": 26978000, "shortTermInvestments": 94816000, "netReceivables": 680293000, "inventory": 64479000, "otherCurrentAssets": 3439000, "totalCurrentAssets": 873214000, "longTermInvestments": 2951000, "propertyPlantEquipment": 3487643000, "intangibleAssets": 29284000, "otherAssets": 125412000, "totalAssets": 4518504000, "accountsPayable": 674574000, "shortLongTermDebt": 386588000, "otherCurrentLiab": 394888000, "longTermDebt": 522461000, "otherLiab": 210706000, "totalCurrentLiabilities": 1474785000, "totalLiab": 2207952000, "commonStock": 210350000, "retainedEarnings": 332882000, "treasuryStock": 654070000, "capitalSurplus": 1113250000, "otherStockholderEquity": 654070000, "totalStockholderEquity": 2310552000, "netTangibleAssets": 2281268000}, {"maxAge": 1, "endDate": "2017-03-31", "cash": 70296000, "shortTermInvestments": 25126000, "netReceivables": 711391000, "inventory": 63961000, "otherCurrentAssets": 8916000, "totalCurrentAssets": 882658000, "longTermInvestments": 2821000, "propertyPlantEquipment": 3078097000, "intangibleAssets": 20967000, "otherAssets": 238369000, "totalAssets": 4222912000, "accountsPayable": 616078000, "shortLongTermDebt": 280621000, "otherCurrentLiab": 423328000, "longTermDebt": 656983000, "otherLiab": 186405000, "totalCurrentLiabilities": 1336962000, "totalLiab": 2180350000, "commonStock": 210350000, "retainedEarnings": 66322000, "treasuryStock": 652640000, "capitalSurplus": 1113250000, "otherStockholderEquity": 652640000, "totalStockholderEquity": 2042562000, "netTangibleAssets": 2021595000}], "maxAge": 86400}, "financialData": {"maxAge": 86400, "currentPrice": 190.9, "recommendationKey": "none", "totalCash": 500560992, "totalCashPerShare": 37.796, "ebitda": 288119488, "totalDebt": 1743869056, "totalRevenue": 4177154048, "debtToEquity": 57.718, "revenuePerShare": 315.397, "grossProfits": 3080522000, "earningsGrowth": -0.052, "revenueGrowth": -0.135, "grossMargins": 0.47809, "ebitdaMargins": 0.068969995, "operatingMargins": 0.016900001, "profitMargins": -0.00455, "financialCurrency": "INR"}}}