{"ARTSONEN.BO": {"cashflowStatementHistory": {"cashflowStatements": [{"maxAge": 1, "endDate": "2020-03-31", "netIncome": -7371000, "depreciation": 17331000, "changeToNetincome": 109668000, "changeToAccountReceivables": 15708000, "changeToLiabilities": -124397000, "changeToInventory": 11587000, "changeToOperatingActivities": -152028000, "totalCashFromOperatingActivities": -128710000, "capitalExpenditures": -48955000, "otherCashflowsFromInvestingActivities": 1345000, "totalCashflowsFromInvestingActivities": -47454000, "netBorrowings": -1796000, "otherCashflowsFromFinancingActivities": -81890000, "totalCashFromFinancingActivities": -83686000, "effectOfExchangeRate": 1000, "changeInCash": -259849000}, {"maxAge": 1, "endDate": "2019-03-31", "netIncome": -16864000, "depreciation": 10824000, "changeToNetincome": 90243000, "changeToAccountReceivables": -76202000, "changeToLiabilities": 207158000, "changeToInventory": -67094000, "changeToOperatingActivities": -120464000, "totalCashFromOperatingActivities": 28069000, "capitalExpenditures": -13932000, "otherCashflowsFromInvestingActivities": -11469000, "totalCashflowsFromInvestingActivities": -24040000, "netBorrowings": -1796000, "otherCashflowsFromFinancingActivities": -49994000, "totalCashFromFinancingActivities": -49994000, "effectOfExchangeRate": 267000, "changeInCash": -45699000}, {"maxAge": 1, "endDate": "2018-03-31", "netIncome": 13081000, "depreciation": 9480000, "changeToNetincome": 12056000, "changeToAccountReceivables": 20297000, "changeToLiabilities": 154246000, "changeToInventory": -59702000, "changeToOperatingActivities": -151850000, "totalCashFromOperatingActivities": -1806000, "capitalExpenditures": -23465000, "otherCashflowsFromInvestingActivities": 1568000, "totalCashflowsFromInvestingActivities": -21663000, "netBorrowings": -1796000, "otherCashflowsFromFinancingActivities": -37200000, "totalCashFromFinancingActivities": -37200000, "effectOfExchangeRate": 148000, "changeInCash": -60522000}, {"maxAge": 1, "endDate": "2017-03-31", "netIncome": 271733000, "depreciation": 8361000, "changeToNetincome": -223694000, "changeToAccountReceivables": 346548000, "changeToLiabilities": 194735000, "changeToInventory": -4566000, "changeToOperatingActivities": -579708000, "totalCashFromOperatingActivities": 14100000, "capitalExpenditures": -5052000, "otherCashflowsFromInvestingActivities": 3907000, "totalCashflowsFromInvestingActivities": 372000, "netBorrowings": -70000000, "otherCashflowsFromFinancingActivities": -40347000, "totalCashFromFinancingActivities": -110347000, "effectOfExchangeRate": 2459000, "changeInCash": -93416000}], "maxAge": 86400}, "institutionOwnership": {"maxAge": 1, "ownershipList": []}, "balanceSheetHistoryQuarterly": {"balanceSheetStatements": [{"maxAge": 1, "endDate": "2020-06-30", "totalStockholderEquity": 51591000, "netTangibleAssets": 50230000}, {"maxAge": 1, "endDate": "2020-03-31", "cash": 17576000, "netReceivables": 1117373000, "inventory": 172084000, "otherCurrentAssets": 42036000, "totalCurrentAssets": 1355425000, "propertyPlantEquipment": 98907000, "intangibleAssets": 1361000, "otherAssets": 141882000, "deferredLongTermAssetCharges": 50531000, "totalAssets": 1597575000, "accountsPayable": 678293000, "shortLongTermDebt": 804000, "otherCurrentLiab": 235382000, "longTermDebt": 181477000, "otherLiab": 7698000, "totalCurrentLiabilities": 1349991000, "totalLiab": 1545984000, "commonStock": 36920000, "retainedEarnings": -415379000, "treasuryStock": 430050000, "otherStockholderEquity": 430050000, "totalStockholderEquity": 51591000, "netTangibleAssets": 50230000}, {"maxAge": 1, "endDate": "2019-12-31", "totalStockholderEquity": 46493000, "netTangibleAssets": 45750000}, {"maxAge": 1, "endDate": "2019-09-30", "cash": 28592000, "shortTermInvestments": 452112000, "netReceivables": 461698000, "inventory": 132762000, "otherCurrentAssets": 74421000, "totalCurrentAssets": 1149585000, "longTermInvestments": 853000, "propertyPlantEquipment": 63635000, "intangibleAssets": 743000, "otherAssets": 194279000, "deferredLongTermAssetCharges": 107691000, "totalAssets": 1408242000, "accountsPayable": 486913000, "shortLongTermDebt": 15589000, "otherCurrentLiab": 279747000, "longTermDebt": 179097000, "otherLiab": 14776000, "totalCurrentLiabilities": 1167876000, "totalLiab": 1361749000, "commonStock": 36920000, "treasuryStock": 9573000, "otherStockholderEquity": 9573000, "totalStockholderEquity": 46493000, "netTangibleAssets": 45750000}], "maxAge": 86400}, "indexTrend": {"maxAge": 1, "symbol": "SP5", "peRatio": 19.7411, "pegRatio": 1.34172, "estimates": [{"period": "0q", "growth": 0.549}, {"period": "+1q", "growth": 0.431}, {"period": "0y", "growth": 0.305}, {"period": "+1y", "growth": 0.109}, {"period": "+5y", "growth": 0.120859005}, {"period": "-5y"}]}, "insiderTransactions": {"transactions": [{"maxAge": 1, "shares": 50, "filerUrl": "", "transactionText": "", "filerName": "Jagasia (Geeta Narayan)", "filerRelation": "UNREPORTED", "moneyText": "", "startDate": "2011-07-12", "ownership": "D"}, {"maxAge": 1, "shares": 3000, "filerUrl": "", "transactionText": "", "filerName": "Jagasia (Geeta Narayan)", "filerRelation": "UNREPORTED", "moneyText": "", "startDate": "2011-07-08", "ownership": "D"}, {"maxAge": 1, "shares": 1001, "filerUrl": "", "transactionText": "", "filerName": "Jagasia (Geeta Narayan)", "filerRelation": "UNREPORTED", "moneyText": "", "startDate": "2011-07-07", "ownership": "D"}, {"maxAge": 1, "shares": 2000, "filerUrl": "", "transactionText": "", "filerName": "Jagasia (Pankaj N)", "filerRelation": "UNREPORTED", "moneyText": "", "startDate": "2010-09-30", "ownership": "D"}, {"maxAge": 1, "shares": 5150, "filerUrl": "", "transactionText": "", "filerName": "Jagasia (Pankaj N)", "filerRelation": "UNREPORTED", "moneyText": "", "startDate": "2010-09-29", "ownership": "D"}, {"maxAge": 1, "shares": 1000, "filerUrl": "", "transactionText": "", "filerName": "Jagasia (Pankaj N)", "filerRelation": "UNREPORTED", "moneyText": "", "startDate": "2010-09-28", "ownership": "D"}], "maxAge": 1}, "quoteType": {"exchange": "BSE", "quoteType": "EQUITY", "symbol": "ARTSONEN.BO", "underlyingSymbol": "ARTSONEN.BO", "shortName": "ARTSON ENGINEERING LTD.", "longName": "Artson Engineering Limited", "firstTradeDateEpochUtc": "2002-07-01 09:15:00", "timeZoneFullName": "Asia/Kolkata", "timeZoneShortName": "IST", "uuid": "a9a1c75f-3bc2-330e-900a-c41b5acde51b", "messageBoardId": null, "gmtOffSetMilliseconds": 19800000, "maxAge": 1}, "incomeStatementHistory": {"incomeStatementHistory": [{"maxAge": 1, "endDate": "2020-03-31", "totalRevenue": 1630021000, "costOfRevenue": 1282572000, "grossProfit": 347449000, "researchDevelopment": {}, "sellingGeneralAdministrative": 137839000, "nonRecurring": {}, "otherOperatingExpenses": 94880000, "totalOperatingExpenses": 1533414000, "operatingIncome": 96607000, "totalOtherIncomeExpenseNet": -34341000, "ebit": 96607000, "interestExpense": -79843000, "incomeBeforeTax": 62266000, "incomeTaxExpense": 69637000, "minorityInterest": {}, "netIncomeFromContinuingOps": -7371000, "discontinuedOperations": {}, "extraordinaryItems": {}, "effectOfAccountingCharges": {}, "otherItems": {}, "netIncome": -7371000, "netIncomeApplicableToCommonShares": -7371000}, {"maxAge": 1, "endDate": "2019-03-31", "totalRevenue": 1580130000, "costOfRevenue": 1311055000, "grossProfit": 269075000, "researchDevelopment": {}, "sellingGeneralAdministrative": 125909000, "nonRecurring": {}, "otherOperatingExpenses": 93797000, "totalOperatingExpenses": 1542053000, "operatingIncome": 38077000, "totalOtherIncomeExpenseNet": -36855000, "ebit": 38077000, "interestExpense": -50808000, "incomeBeforeTax": 1222000, "incomeTaxExpense": 18086000, "minorityInterest": {}, "netIncomeFromContinuingOps": -16864000, "discontinuedOperations": {}, "extraordinaryItems": {}, "effectOfAccountingCharges": {}, "otherItems": {}, "netIncome": -16864000, "netIncomeApplicableToCommonShares": -16864000}, {"maxAge": 1, "endDate": "2018-03-31", "totalRevenue": 1321048000, "costOfRevenue": 1092307000, "grossProfit": 228741000, "researchDevelopment": {}, "sellingGeneralAdministrative": 120733000, "nonRecurring": {}, "otherOperatingExpenses": 79342000, "totalOperatingExpenses": 1302448000, "operatingIncome": 18600000, "totalOtherIncomeExpenseNet": 35779000, "ebit": 18600000, "interestExpense": -39979000, "incomeBeforeTax": 54379000, "incomeTaxExpense": 41298000, "minorityInterest": {}, "netIncomeFromContinuingOps": 13081000, "discontinuedOperations": {}, "extraordinaryItems": {}, "effectOfAccountingCharges": {}, "otherItems": {}, "netIncome": 13081000, "netIncomeApplicableToCommonShares": 13081000}, {"maxAge": 1, "endDate": "2017-03-31", "totalRevenue": 1005618000, "costOfRevenue": 797854000, "grossProfit": 207764000, "researchDevelopment": {}, "sellingGeneralAdministrative": 98454000, "nonRecurring": {}, "otherOperatingExpenses": 60100000, "totalOperatingExpenses": 966387000, "operatingIncome": 39231000, "totalOtherIncomeExpenseNet": 17605000, "ebit": 39231000, "interestExpense": -26217000, "incomeBeforeTax": 56836000, "incomeTaxExpense": -214897000, "minorityInterest": {}, "netIncomeFromContinuingOps": 271733000, "discontinuedOperations": {}, "extraordinaryItems": {}, "effectOfAccountingCharges": {}, "otherItems": {}, "netIncome": 271733000, "netIncomeApplicableToCommonShares": 271733000}], "maxAge": 86400}, "fundOwnership": {"maxAge": 1, "ownershipList": []}, "summaryDetail": {"maxAge": 1, "priceHint": 2, "previousClose": 47.35, "open": 46.35, "dayLow": 46.0, "dayHigh": 47.4, "regularMarketPreviousClose": 47.35, "regularMarketOpen": 46.35, "regularMarketDayLow": 46.0, "regularMarketDayHigh": 47.4, "volume": 15798, "regularMarketVolume": 15798, "averageVolume": 18763, "averageVolume10days": 9260, "averageDailyVolume10Day": 9260, "bid": 46.5, "ask": 46.7, "bidSize": 0, "askSize": 0, "marketCap": 1716780032, "fiftyTwoWeekLow": 18.2, "fiftyTwoWeekHigh": 47.4, "fiftyDayAverage": 34.966175, "twoHundredDayAverage": 29.858088, "currency": "INR", "fromCurrency": null, "toCurrency": null, "lastMarket": null, "algorithm": null, "tradeable": false}, "incomeStatementHistoryQuarterly": {"incomeStatementHistory": [{"maxAge": 1, "endDate": "2020-06-30", "totalRevenue": 209025000, "costOfRevenue": 171970000, "grossProfit": 37055000, "researchDevelopment": {}, "sellingGeneralAdministrative": 29259000, "nonRecurring": {}, "otherOperatingExpenses": 28446000, "totalOperatingExpenses": 232488000, "operatingIncome": -23463000, "totalOtherIncomeExpenseNet": -18649000, "ebit": -23463000, "interestExpense": -25810000, "incomeBeforeTax": -42112000, "incomeTaxExpense": 3083000, "minorityInterest": {}, "netIncomeFromContinuingOps": -45195000, "discontinuedOperations": {}, "extraordinaryItems": {}, "effectOfAccountingCharges": {}, "otherItems": {}, "netIncome": -45195000, "netIncomeApplicableToCommonShares": -45195000}, {"maxAge": 1, "endDate": "2020-03-31", "totalRevenue": 510920000, "costOfRevenue": 374318000, "grossProfit": 136602000, "researchDevelopment": {}, "sellingGeneralAdministrative": 42538000, "nonRecurring": {}, "otherOperatingExpenses": 23470000, "totalOperatingExpenses": 446701000, "operatingIncome": 64219000, "totalOtherIncomeExpenseNet": -25302000, "ebit": 64219000, "interestExpense": -5078000, "incomeBeforeTax": 38917000, "incomeTaxExpense": 20541000, "minorityInterest": {}, "netIncomeFromContinuingOps": 18376000, "discontinuedOperations": {}, "extraordinaryItems": {}, "effectOfAccountingCharges": {}, "otherItems": {}, "netIncome": 18376000, "netIncomeApplicableToCommonShares": 18376000}, {"maxAge": 1, "endDate": "2019-12-31", "totalRevenue": 324725000, "costOfRevenue": 282090000, "grossProfit": 42635000, "researchDevelopment": {}, "sellingGeneralAdministrative": 31091000, "nonRecurring": {}, "otherOperatingExpenses": 23064000, "totalOperatingExpenses": 340947000, "operatingIncome": -16222000, "totalOtherIncomeExpenseNet": 31925000, "ebit": -16222000, "interestExpense": -25039000, "incomeBeforeTax": 15703000, "incomeTaxExpense": 27715000, "minorityInterest": {}, "netIncomeFromContinuingOps": -12012000, "discontinuedOperations": {}, "extraordinaryItems": {}, "effectOfAccountingCharges": {}, "otherItems": {}, "netIncome": -12012000, "netIncomeApplicableToCommonShares": -12012000}, {"maxAge": 1, "endDate": "2019-09-30", "totalRevenue": 412990000, "costOfRevenue": 320581000, "grossProfit": 92409000, "researchDevelopment": {}, "sellingGeneralAdministrative": 32820000, "nonRecurring": {}, "otherOperatingExpenses": 25620000, "totalOperatingExpenses": 382674000, "operatingIncome": 30316000, "totalOtherIncomeExpenseNet": -25247000, "ebit": 30316000, "interestExpense": -27724000, "incomeBeforeTax": 5069000, "incomeTaxExpense": 20451000, "minorityInterest": {}, "netIncomeFromContinuingOps": -15382000, "discontinuedOperations": {}, "extraordinaryItems": {}, "effectOfAccountingCharges": {}, "otherItems": {}, "netIncome": -15382000, "netIncomeApplicableToCommonShares": -15382000}], "maxAge": 86400}, "cashflowStatementHistoryQuarterly": {"cashflowStatements": [{"maxAge": 1, "endDate": "2020-06-30", "netIncome": -45195000, "changeToLiabilities": 0}, {"maxAge": 1, "endDate": "2020-03-31", "netIncome": 18376000, "changeToLiabilities": 0}, {"maxAge": 1, "endDate": "2019-12-31", "netIncome": -12012000, "changeToLiabilities": 0}, {"maxAge": 1, "endDate": "2019-09-30", "netIncome": -15382000, "changeToLiabilities": 0}], "maxAge": 86400}, "insiderHolders": {"holders": [{"maxAge": 1, "name": "Jagasia (Geeta Narayan)", "relation": "UNREPORTED", "url": "", "transactionDescription": "Sale", "latestTransDate": "2011-07-12", "positionDirect": 39671, "positionDirectDate": "2011-07-12"}, {"maxAge": 1, "name": "Jagasia (Pankaj N)", "relation": "UNREPORTED", "url": "", "transactionDescription": "Sale", "latestTransDate": "2010-09-30", "positionDirect": 47935, "positionDirectDate": "2010-09-30"}], "maxAge": 1}, "calendarEvents": {"maxAge": 1, "earnings": {"earningsDate": []}}, "price": {"maxAge": 1, "regularMarketChangePercent": -0.017951393, "regularMarketChange": -0.8499985, "regularMarketTime": "2021-04-30 15:29:42", "priceHint": 2, "regularMarketPrice": 46.5, "regularMarketDayHigh": 47.4, "regularMarketDayLow": 46.0, "regularMarketVolume": 15798, "averageDailyVolume10Day": 9260, "averageDailyVolume3Month": 18763, "regularMarketPreviousClose": 47.35, "regularMarketSource": "FREE_REALTIME", "regularMarketOpen": 46.35, "exchange": "BSE", "exchangeName": "BSE", "exchangeDataDelayedBy": 0, "marketState": "CLOSED", "quoteType": "EQUITY", "symbol": "ARTSONEN.BO", "underlyingSymbol": null, "shortName": "ARTSON ENGINEERING LTD.", "longName": "Artson Engineering Limited", "currency": "INR", "quoteSourceName": "Delayed Quote", "currencySymbol": "\u20b9", "fromCurrency": null, "toCurrency": null, "lastMarket": null, "marketCap": 1716780032}, "balanceSheetHistory": {"balanceSheetStatements": [{"maxAge": 1, "endDate": "2020-03-31", "cash": 17576000, "netReceivables": 1117373000, "inventory": 172084000, "otherCurrentAssets": 42036000, "totalCurrentAssets": 1355425000, "propertyPlantEquipment": 98907000, "intangibleAssets": 1361000, "otherAssets": 141882000, "deferredLongTermAssetCharges": 50531000, "totalAssets": 1597575000, "accountsPayable": 678293000, "shortLongTermDebt": 804000, "otherCurrentLiab": 235382000, "longTermDebt": 181477000, "otherLiab": 7698000, "totalCurrentLiabilities": 1349991000, "totalLiab": 1545984000, "commonStock": 36920000, "retainedEarnings": -415379000, "treasuryStock": 430050000, "otherStockholderEquity": 430050000, "totalStockholderEquity": 51591000, "netTangibleAssets": 50230000}, {"maxAge": 1, "endDate": "2019-03-31", "cash": 33785000, "netReceivables": 926345000, "inventory": 183671000, "otherCurrentAssets": 34579000, "totalCurrentAssets": 1188863000, "propertyPlantEquipment": 47288000, "intangibleAssets": 667000, "otherAssets": 201225000, "deferredLongTermAssetCharges": 130723000, "totalAssets": 1438043000, "accountsPayable": 798187000, "shortLongTermDebt": 150804000, "otherCurrentLiab": 230765000, "longTermDebt": 27868000, "otherLiab": 5687000, "totalCurrentLiabilities": 1348543000, "totalLiab": 1382098000, "commonStock": 36920000, "retainedEarnings": -408607000, "treasuryStock": 427632000, "otherStockholderEquity": 427632000, "totalStockholderEquity": 55945000, "netTangibleAssets": 55278000}, {"maxAge": 1, "endDate": "2018-03-31", "cash": 7027000, "netReceivables": 439703000, "inventory": 238773000, "otherCurrentAssets": 97080000, "totalCurrentAssets": 791260000, "longTermInvestments": 2580000, "propertyPlantEquipment": 47374000, "intangibleAssets": 675000, "otherAssets": 254809000, "deferredLongTermAssetCharges": 154368000, "totalAssets": 1096698000, "accountsPayable": 603412000, "shortLongTermDebt": 804000, "otherCurrentLiab": 154691000, "longTermDebt": 174024000, "otherLiab": 4941000, "totalCurrentLiabilities": 859346000, "totalLiab": 1038311000, "commonStock": 36920000, "retainedEarnings": -401228000, "treasuryStock": 422695000, "otherStockholderEquity": 422695000, "totalStockholderEquity": 58387000, "netTangibleAssets": 57712000}, {"maxAge": 1, "endDate": "2017-03-31", "cash": 13372000, "netReceivables": 396517000, "inventory": 179071000, "otherCurrentAssets": 78731000, "totalCurrentAssets": 670912000, "longTermInvestments": 2500000, "propertyPlantEquipment": 35122000, "intangibleAssets": 517000, "otherAssets": 307564000, "deferredLongTermAssetCharges": 216498000, "totalAssets": 1016615000, "accountsPayable": 512578000, "shortLongTermDebt": 804000, "otherCurrentLiab": 182144000, "longTermDebt": 170927000, "otherLiab": 3198000, "totalCurrentLiabilities": 782486000, "totalLiab": 956611000, "commonStock": 36920000, "retainedEarnings": -414623000, "treasuryStock": 437707000, "otherStockholderEquity": 437707000, "totalStockholderEquity": 60004000, "netTangibleAssets": 59487000}], "maxAge": 86400}, "financialData": {"maxAge": 86400, "currentPrice": 46.5, "recommendationKey": "none", "grossProfits": 347449000, "financialCurrency": "INR"}}}