{"ARVEE.NS": {"assetProfile": {"address1": "403, Entice Building", "address2": "Opposite Jayantilal Park BRTS Bus Stop Iskcon\u00e2\u0080\u0093Bopal Road Ambli", "city": "Ahmedabad", "zip": "380 058", "country": "India", "phone": "91 27 1743 0479", "fax": "91 79 2674 2600", "website": "http://www.arveelabs.com", "industry": "Specialty Chemicals", "sector": "Basic Materials", "longBusinessSummary": "Arvee Laboratories (India) Ltd. manufactures and sells various chemicals in India. The company provides polymer modifiers, such as dimethyl 5-sodiosulfoisophthalate, 5-sulfoisophthalic acid mono sodium salt, 5-sulfoisophthalic acid mono lithium salt, and 5-sodiosulfo-bis-(\u00c3\u009f-hydroxyethyl)-isophthalate; and contrast media intermediates, including 5-nitroisophthalic acid, dimethyl 5-nitroisophthalate, monomethyl 5-nitroisophthalate, 5-hydroxyisophthalic acid, 5-aminoisophthalic acid, and dimethyl 5-aminoisophthalate, as well as 3,5-dinitrobenzoic acid and 3,5-diamino benzoic acid. It also offers drug intermediates comprising 2-acetyl thiophene, thiophene-2-carboxaldehyde, 4\u00c2\u0096amino pyridine, and 2\u00c2\u0096chloro\u00c2\u00965\u00c2\u0096nitrobenzoic acid. In addition, the company exports its products. Arvee Laboratories (India) Ltd. was incorporated in 2012 and is based in Ahmedabad, India.", "fullTimeEmployees": 82, "companyOfficers": [{"maxAge": 1, "name": "Mr. Shalin Sudhakarbhai Patel", "age": 44, "title": "Chairman & MD", "yearBorn": 1976, "fiscalYear": 2020, "totalPay": 1239081, "exercisedValue": 0, "unexercisedValue": 0}, {"maxAge": 1, "name": "Mr. Saurin Ajitbhai Gandhi", "title": "Chief Financial Officer", "fiscalYear": 2020, "totalPay": 835432, "exercisedValue": 0, "unexercisedValue": 0}, {"maxAge": 1, "name": "Mr. Shalin Bharatbhai Chokshi", "age": 36, "title": "Whole-Time Director", "yearBorn": 1984, "fiscalYear": 2020, "totalPay": 1239081, "exercisedValue": 0, "unexercisedValue": 0}, {"maxAge": 1, "name": "Ms. Raina Singh Chauhan", "title": "Company Sec.", "fiscalYear": 2020, "totalPay": 90000, "exercisedValue": 0, "unexercisedValue": 0}], "compensationAsOfEpochDate": "2020-12-31 05:30:00", "maxAge": 86400}, "cashflowStatementHistory": {"cashflowStatements": [{"maxAge": 1, "endDate": "2020-03-31", "netIncome": 22269758, "depreciation": 22805325, "changeToNetincome": 4836023, "changeToAccountReceivables": 14002551, "changeToLiabilities": 32765368, "changeToInventory": -18583999, "changeToOperatingActivities": 24540570, "totalCashFromOperatingActivities": 103335696, "capitalExpenditures": -22853304, "investments": -9387798, "otherCashflowsFromInvestingActivities": 1397940, "totalCashflowsFromInvestingActivities": -30843162, "netBorrowings": -90279943, "otherCashflowsFromFinancingActivities": -8907319, "totalCashFromFinancingActivities": -99187262, "changeInCash": -26694727}, {"maxAge": 1, "endDate": "2019-03-31", "netIncome": 22628839, "depreciation": 23499469, "changeToNetincome": 10233200, "changeToAccountReceivables": 75683558, "changeToLiabilities": -57442597, "changeToInventory": 35492968, "changeToOperatingActivities": -16161305, "totalCashFromOperatingActivities": 94555213, "capitalExpenditures": -15027952, "investments": -18581793, "otherCashflowsFromInvestingActivities": 5126414, "totalCashflowsFromInvestingActivities": -28483331, "netBorrowings": -34860242, "otherCashflowsFromFinancingActivities": -14387297, "totalCashFromFinancingActivities": -49247539, "changeInCash": 16824343}, {"maxAge": 1, "endDate": "2018-03-31", "netIncome": 10891289, "depreciation": 21548073, "changeToNetincome": 34600915, "changeToAccountReceivables": -72681397, "changeToLiabilities": 75563951, "changeToInventory": -19348797, "changeToOperatingActivities": 9575274, "totalCashFromOperatingActivities": 60161808, "capitalExpenditures": -13392407, "investments": -18581793, "otherCashflowsFromInvestingActivities": 1081780, "totalCashflowsFromInvestingActivities": -12310627, "netBorrowings": -91192641, "otherCashflowsFromFinancingActivities": -35695195, "totalCashFromFinancingActivities": -37827836, "changeInCash": 10023345, "issuanceOfStock": 89060000}, {"maxAge": 1, "endDate": "2017-03-31", "netIncome": 15517560, "depreciation": 20688196, "changeToNetincome": 29696502, "changeToAccountReceivables": -21426717, "changeToLiabilities": -12298501, "changeToInventory": 8427758, "changeToOperatingActivities": -345937, "totalCashFromOperatingActivities": 40271361, "capitalExpenditures": -15249643, "investments": -18581793, "otherCashflowsFromInvestingActivities": 963752, "totalCashflowsFromInvestingActivities": -13975891, "netBorrowings": 1418582, "otherCashflowsFromFinancingActivities": -30627582, "totalCashFromFinancingActivities": -29209000, "changeInCash": -2913530, "issuanceOfStock": 89060000}], "maxAge": 86400}, "institutionOwnership": {"maxAge": 1, "ownershipList": []}, "majorHoldersBreakdown": {"maxAge": 1}, "balanceSheetHistoryQuarterly": {"balanceSheetStatements": [{"maxAge": 1, "endDate": "2020-03-31", "cash": 9784890, "shortTermInvestments": 30941431, "netReceivables": 67275497, "inventory": 64678655, "otherCurrentAssets": 8204138, "totalCurrentAssets": 180884611, "propertyPlantEquipment": 149255537, "intangibleAssets": 358019, "otherAssets": 5751159, "totalAssets": 336249326, "accountsPayable": 91298821, "shortLongTermDebt": 16983852, "otherCurrentLiab": 4943407, "longTermDebt": 19572064, "otherLiab": 4217241, "deferredLongTermLiab": 1266700, "totalCurrentLiabilities": 125571290, "totalLiab": 149360595, "commonStock": 55100000, "treasuryStock": 57328731, "capitalSurplus": 74460000, "otherStockholderEquity": 57328731, "totalStockholderEquity": 186888731, "netTangibleAssets": 186530712}, {"maxAge": 1, "endDate": "2019-12-31", "cash": 9784890, "shortTermInvestments": 30941431, "netReceivables": 67275497, "inventory": 64678655, "otherCurrentAssets": 8204138, "totalCurrentAssets": 180884611, "propertyPlantEquipment": 149255537, "intangibleAssets": 358019, "otherAssets": 5751159, "totalAssets": 336249326, "accountsPayable": 91298821, "shortLongTermDebt": 16983852, "otherCurrentLiab": 4943407, "longTermDebt": 19572064, "otherLiab": 4217241, "deferredLongTermLiab": 1266700, "totalCurrentLiabilities": 125571290, "totalLiab": 149360595, "commonStock": 55100000, "treasuryStock": 57328731, "capitalSurplus": 74460000, "otherStockholderEquity": 57328731, "totalStockholderEquity": 186888731, "netTangibleAssets": 186530712}, {"maxAge": 1, "endDate": "2019-09-30", "cash": 18548000, "shortTermInvestments": 118491000, "netReceivables": 143646000, "inventory": 42817000, "otherCurrentAssets": 8741000, "totalCurrentAssets": 323502000, "propertyPlantEquipment": 145283000, "intangibleAssets": 444000, "otherAssets": 6352000, "totalAssets": 475581000, "accountsPayable": 138511000, "otherCurrentLiab": 28678000, "longTermDebt": 43523000, "otherLiab": 5660000, "totalCurrentLiabilities": 244452000, "totalLiab": 293635000, "commonStock": 55100000, "treasuryStock": 126846000, "otherStockholderEquity": 126846000, "totalStockholderEquity": 181946000, "netTangibleAssets": 181502000}, {"maxAge": 1, "endDate": "2019-06-30", "cash": 18548000, "shortTermInvestments": 118491000, "netReceivables": 143646000, "inventory": 42817000, "otherCurrentAssets": 8741000, "totalCurrentAssets": 323502000, "propertyPlantEquipment": 145283000, "intangibleAssets": 444000, "otherAssets": 6352000, "totalAssets": 475581000, "accountsPayable": 138511000, "otherCurrentLiab": 28678000, "longTermDebt": 43523000, "otherLiab": 5660000, "totalCurrentLiabilities": 244452000, "totalLiab": 293635000, "commonStock": 55100000, "treasuryStock": 126846000, "otherStockholderEquity": 126846000, "totalStockholderEquity": 181946000, "netTangibleAssets": 181502000}], "maxAge": 86400}, "indexTrend": {"maxAge": 1, "symbol": "SP5", "peRatio": 19.7411, "pegRatio": 1.34172, "estimates": [{"period": "0q", "growth": 0.549}, {"period": "+1q", "growth": 0.431}, {"period": "0y", "growth": 0.305}, {"period": "+1y", "growth": 0.109}, {"period": "+5y", "growth": 0.120865}, {"period": "-5y"}]}, "defaultKeyStatistics": {"maxAge": 1, "priceHint": 2, "enterpriseValue": 1534129152, "profitMargins": 0.04903, "floatShares": 452040, "beta": 0.176226, "category": null, "bookValue": 16.959, "priceToBook": 8.219824, "fundFamily": null, "legalType": null, "lastFiscalYearEnd": "2020-03-31 05:30:00", "nextFiscalYearEnd": "2022-03-31 05:30:00", "mostRecentQuarter": "2020-03-31 05:30:00", "earningsQuarterlyGrowth": -0.34, "netIncomeToCommon": 22269758, "trailingEps": 2.02, "lastSplitFactor": "2:1", "lastSplitDate": "2020-10-13 05:30:00", "enterpriseToRevenue": 3.378, "enterpriseToEbitda": 25.514, "52WeekChange": 0.7659575, "SandP52WeekChange": 0.48148263}, "summaryProfile": {"address1": "403, Entice Building", "address2": "Opposite Jayantilal Park BRTS Bus Stop Iskcon\u00e2\u0080\u0093Bopal Road Ambli", "city": "Ahmedabad", "zip": "380 058", "country": "India", "phone": "91 27 1743 0479", "fax": "91 79 2674 2600", "website": "http://www.arveelabs.com", "industry": "Specialty Chemicals", "sector": "Basic Materials", "longBusinessSummary": "Arvee Laboratories (India) Ltd. manufactures and sells various chemicals in India. The company provides polymer modifiers, such as dimethyl 5-sodiosulfoisophthalate, 5-sulfoisophthalic acid mono sodium salt, 5-sulfoisophthalic acid mono lithium salt, and 5-sodiosulfo-bis-(\u00c3\u009f-hydroxyethyl)-isophthalate; and contrast media intermediates, including 5-nitroisophthalic acid, dimethyl 5-nitroisophthalate, monomethyl 5-nitroisophthalate, 5-hydroxyisophthalic acid, 5-aminoisophthalic acid, and dimethyl 5-aminoisophthalate, as well as 3,5-dinitrobenzoic acid and 3,5-diamino benzoic acid. It also offers drug intermediates comprising 2-acetyl thiophene, thiophene-2-carboxaldehyde, 4\u00c2\u0096amino pyridine, and 2\u00c2\u0096chloro\u00c2\u00965\u00c2\u0096nitrobenzoic acid. In addition, the company exports its products. Arvee Laboratories (India) Ltd. was incorporated in 2012 and is based in Ahmedabad, India.", "fullTimeEmployees": 82, "companyOfficers": [], "maxAge": 86400}, "netSharePurchaseActivity": {"maxAge": 1, "period": "6m", "buyInfoCount": 0, "buyInfoShares": 0, "sellInfoCount": 0, "netInfoCount": 0, "netInfoShares": 0, "totalInsiderShares": 0}, "quoteType": {"exchange": "NSI", "quoteType": "EQUITY", "symbol": "ARVEE.NS", "underlyingSymbol": "ARVEE.NS", "shortName": "Arvee Laboratories I Ltd", "longName": "Arvee Laboratories (India) Ltd.", "firstTradeDateEpochUtc": "2018-02-22 09:15:00", "timeZoneFullName": "Asia/Kolkata", "timeZoneShortName": "IST", "uuid": "487f0dce-52be-3ddb-aebb-e5a7af5c5863", "messageBoardId": "finmb_328920373", "gmtOffSetMilliseconds": 19800000, "maxAge": 1}, "incomeStatementHistory": {"incomeStatementHistory": [{"maxAge": 1, "endDate": "2020-03-31", "totalRevenue": 454187054, "costOfRevenue": 323854503, "grossProfit": 130332551, "researchDevelopment": {}, "sellingGeneralAdministrative": 70118783, "nonRecurring": {}, "otherOperatingExpenses": {}, "totalOperatingExpenses": 416864111, "operatingIncome": 37322943, "totalOtherIncomeExpenseNet": -6417059, "ebit": 37322943, "interestExpense": -8907319, "incomeBeforeTax": 30905884, "incomeTaxExpense": 8636126, "minorityInterest": {}, "netIncomeFromContinuingOps": 22269758, "discontinuedOperations": {}, "extraordinaryItems": {}, "effectOfAccountingCharges": {}, "otherItems": {}, "netIncome": 22269758, "netIncomeApplicableToCommonShares": 22269758}, {"maxAge": 1, "endDate": "2019-03-31", "totalRevenue": 549018848, "costOfRevenue": 432071468, "grossProfit": 116947380, "researchDevelopment": {}, "sellingGeneralAdministrative": 55202308, "nonRecurring": {}, "otherOperatingExpenses": {}, "totalOperatingExpenses": 510779726, "operatingIncome": 38239122, "totalOtherIncomeExpenseNet": -12797993, "ebit": 38239122, "interestExpense": -14387298, "incomeBeforeTax": 25441129, "incomeTaxExpense": 2812290, "minorityInterest": {}, "netIncomeFromContinuingOps": 22628839, "discontinuedOperations": {}, "extraordinaryItems": {}, "effectOfAccountingCharges": {}, "otherItems": {}, "netIncome": 22628839, "netIncomeApplicableToCommonShares": 22628839}, {"maxAge": 1, "endDate": "2018-03-31", "totalRevenue": 477798248, "costOfRevenue": 343624316, "grossProfit": 134173932, "researchDevelopment": {}, "sellingGeneralAdministrative": 62474933, "nonRecurring": {}, "otherOperatingExpenses": {}, "totalOperatingExpenses": 427647322, "operatingIncome": 50150926, "totalOtherIncomeExpenseNet": -30992358, "ebit": 50150926, "interestExpense": -29552105, "incomeBeforeTax": 19158568, "incomeTaxExpense": 8267279, "minorityInterest": {}, "netIncomeFromContinuingOps": 10891289, "discontinuedOperations": {}, "extraordinaryItems": {}, "effectOfAccountingCharges": {}, "otherItems": {}, "netIncome": 10891289, "netIncomeApplicableToCommonShares": 10891289}, {"maxAge": 1, "endDate": "2017-03-31", "totalRevenue": 344231800, "costOfRevenue": 251878547, "grossProfit": 92353253, "researchDevelopment": {}, "sellingGeneralAdministrative": 33418224, "nonRecurring": {}, "otherOperatingExpenses": {}, "totalOperatingExpenses": 305984967, "operatingIncome": 38246833, "totalOtherIncomeExpenseNet": -29644087, "ebit": 38246833, "interestExpense": -33728683, "incomeBeforeTax": 8602746, "incomeTaxExpense": -6914814, "minorityInterest": {}, "netIncomeFromContinuingOps": 15517560, "discontinuedOperations": {}, "extraordinaryItems": {}, "effectOfAccountingCharges": {}, "otherItems": {}, "netIncome": 15517560, "netIncomeApplicableToCommonShares": 15517560}], "maxAge": 86400}, "fundOwnership": {"maxAge": 1, "ownershipList": []}, "summaryDetail": {"maxAge": 1, "priceHint": 2, "previousClose": 132.8, "open": 139.4, "dayLow": 139.0, "dayHigh": 139.4, "regularMarketPreviousClose": 132.8, "regularMarketOpen": 139.4, "regularMarketDayLow": 139.0, "regularMarketDayHigh": 139.4, "payoutRatio": 0.0, "beta": 0.176226, "trailingPE": 69.009895, "volume": 3005, "regularMarketVolume": 3005, "averageVolume": 0, "averageVolume10days": 0, "averageDailyVolume10Day": 0, "bid": 0.0, "ask": 0.0, "fiftyTwoWeekLow": 18.8, "fiftyTwoWeekHigh": 139.4, "fiftyDayAverage": 41.5, "twoHundredDayAverage": 41.419327, "currency": "INR", "fromCurrency": null, "toCurrency": null, "lastMarket": null, "algorithm": null, "tradeable": false}, "incomeStatementHistoryQuarterly": {"incomeStatementHistory": [{"maxAge": 1, "endDate": "2020-03-31", "totalRevenue": 93222027, "costOfRevenue": 58832252, "grossProfit": 34389776, "researchDevelopment": {}, "sellingGeneralAdministrative": 28243392, "nonRecurring": {}, "otherOperatingExpenses": -8061000, "totalOperatingExpenses": 84778056, "operatingIncome": 8443972, "totalOtherIncomeExpenseNet": -1754530, "ebit": 8443972, "interestExpense": -1960660, "incomeBeforeTax": 6689442, "incomeTaxExpense": 1880063, "minorityInterest": {}, "netIncomeFromContinuingOps": 4809379, "discontinuedOperations": {}, "extraordinaryItems": {}, "effectOfAccountingCharges": {}, "otherItems": {}, "netIncome": 4809379, "netIncomeApplicableToCommonShares": 4809379}, {"maxAge": 1, "endDate": "2019-12-31", "totalRevenue": 93222027, "costOfRevenue": 58832252, "grossProfit": 34389776, "researchDevelopment": {}, "sellingGeneralAdministrative": 28243392, "nonRecurring": {}, "otherOperatingExpenses": -8061000, "totalOperatingExpenses": 84778056, "operatingIncome": 8443972, "totalOtherIncomeExpenseNet": -1754530, "ebit": 8443972, "interestExpense": -1960660, "incomeBeforeTax": 6689442, "incomeTaxExpense": 1880063, "minorityInterest": {}, "netIncomeFromContinuingOps": 4809379, "discontinuedOperations": {}, "extraordinaryItems": {}, "effectOfAccountingCharges": {}, "otherItems": {}, "netIncome": 4809379, "netIncomeApplicableToCommonShares": 4809379}, {"maxAge": 1, "endDate": "2019-09-30", "totalRevenue": 133871500, "costOfRevenue": 103095000, "grossProfit": 30776500, "researchDevelopment": {}, "sellingGeneralAdministrative": 6816000, "nonRecurring": {}, "otherOperatingExpenses": 8061000, "totalOperatingExpenses": 123654000, "operatingIncome": 10217500, "totalOtherIncomeExpenseNet": -1454000, "ebit": 10217500, "interestExpense": -2493000, "incomeBeforeTax": 8763500, "incomeTaxExpense": 2438000, "minorityInterest": {}, "netIncomeFromContinuingOps": 6325500, "discontinuedOperations": {}, "extraordinaryItems": {}, "effectOfAccountingCharges": {}, "otherItems": {}, "netIncome": 6325500, "netIncomeApplicableToCommonShares": 6325500}, {"maxAge": 1, "endDate": "2019-06-30", "totalRevenue": 133871500, "costOfRevenue": 103095000, "grossProfit": 30776500, "researchDevelopment": {}, "sellingGeneralAdministrative": 6816000, "nonRecurring": {}, "otherOperatingExpenses": 8061000, "totalOperatingExpenses": 123654000, "operatingIncome": 10217500, "totalOtherIncomeExpenseNet": -1454000, "ebit": 10217500, "interestExpense": -2493000, "incomeBeforeTax": 8763500, "incomeTaxExpense": 2438000, "minorityInterest": {}, "netIncomeFromContinuingOps": 6325500, "discontinuedOperations": {}, "extraordinaryItems": {}, "effectOfAccountingCharges": {}, "otherItems": {}, "netIncome": 6325500, "netIncomeApplicableToCommonShares": 6325500}], "maxAge": 86400}, "cashflowStatementHistoryQuarterly": {"cashflowStatements": [{"maxAge": 1, "endDate": "2020-03-31", "netIncome": 4809379, "depreciation": 5567163, "changeToNetincome": -1025988, "changeToAccountReceivables": 26907776, "changeToLiabilities": -22585316, "changeToInventory": -10931000, "changeToOperatingActivities": 7475785, "totalCashFromOperatingActivities": 10567848, "capitalExpenditures": -7790652, "investments": 44804101, "otherCashflowsFromInvestingActivities": -335030, "totalCashflowsFromInvestingActivities": 36678419, "netBorrowings": -49551472, "otherCashflowsFromFinancingActivities": -2092160, "totalCashFromFinancingActivities": -51643631, "changeInCash": -4397364}, {"maxAge": 1, "endDate": "2019-12-31", "netIncome": 4809379, "depreciation": 5567163, "changeToNetincome": -1025988, "changeToAccountReceivables": 26907776, "changeToLiabilities": -22585316, "changeToInventory": -10931000, "changeToOperatingActivities": 7475785, "totalCashFromOperatingActivities": 10567848, "capitalExpenditures": -7790652, "investments": 44804101, "otherCashflowsFromInvestingActivities": -335030, "totalCashflowsFromInvestingActivities": 36678419, "netBorrowings": -49551472, "otherCashflowsFromFinancingActivities": -2092160, "totalCashFromFinancingActivities": -51643631, "changeInCash": -4397364}, {"maxAge": 1, "endDate": "2019-09-30", "netIncome": 6325500, "depreciation": 5835500, "changeToNetincome": 3444000, "changeToAccountReceivables": -19906500, "changeToLiabilities": 38968000, "changeToInventory": 1639000, "changeToOperatingActivities": 4794500, "totalCashFromOperatingActivities": 41100000, "capitalExpenditures": -3636000, "investments": -49498000, "otherCashflowsFromInvestingActivities": 1034000, "totalCashflowsFromInvestingActivities": -52100000, "netBorrowings": 4411500, "otherCashflowsFromFinancingActivities": -2361500, "totalCashFromFinancingActivities": 2050000, "changeInCash": -8950000}, {"maxAge": 1, "endDate": "2019-06-30", "netIncome": 6325500, "depreciation": 5835500, "changeToNetincome": 3444000, "changeToAccountReceivables": -19906500, "changeToLiabilities": 38968000, "changeToInventory": 1639000, "changeToOperatingActivities": 4794500, "totalCashFromOperatingActivities": 41100000, "capitalExpenditures": -3636000, "investments": -49498000, "otherCashflowsFromInvestingActivities": 1034000, "totalCashflowsFromInvestingActivities": -52100000, "netBorrowings": 4411500, "otherCashflowsFromFinancingActivities": -2361500, "totalCashFromFinancingActivities": 2050000, "changeInCash": -8950000}], "maxAge": 86400}, "insiderHolders": {"holders": [], "maxAge": 1}, "calendarEvents": {"maxAge": 1, "earnings": {"earningsDate": []}}, "price": {"maxAge": 1, "regularMarketChangePercent": 0.049698725, "regularMarketChange": 6.599991, "regularMarketTime": "2021-04-30 15:05:27", "priceHint": 2, "regularMarketPrice": 139.4, "regularMarketDayHigh": 139.4, "regularMarketDayLow": 139.0, "regularMarketVolume": 3005, "averageDailyVolume10Day": 0, "averageDailyVolume3Month": 0, "regularMarketPreviousClose": 132.8, "regularMarketSource": "FREE_REALTIME", "regularMarketOpen": 139.4, "exchange": "NSI", "exchangeName": "NSE", "exchangeDataDelayedBy": 15, "marketState": "CLOSED", "quoteType": "EQUITY", "symbol": "ARVEE.NS", "underlyingSymbol": null, "shortName": "Arvee Laboratories I Ltd", "longName": "Arvee Laboratories (India) Ltd.", "currency": "INR", "quoteSourceName": "Delayed Quote", "currencySymbol": "\u20b9", "fromCurrency": null, "toCurrency": null, "lastMarket": null}, "balanceSheetHistory": {"balanceSheetStatements": [{"maxAge": 1, "endDate": "2020-03-31", "cash": 9784890, "shortTermInvestments": 30941431, "netReceivables": 67275497, "inventory": 64678655, "otherCurrentAssets": 8204138, "totalCurrentAssets": 180884611, "propertyPlantEquipment": 149255537, "intangibleAssets": 358019, "otherAssets": 5751159, "totalAssets": 336249326, "accountsPayable": 91298821, "shortLongTermDebt": 16983852, "otherCurrentLiab": 4943407, "longTermDebt": 19572064, "otherLiab": 4217241, "deferredLongTermLiab": 1266700, "totalCurrentLiabilities": 125571290, "totalLiab": 149360595, "commonStock": 55100000, "treasuryStock": 57328731, "capitalSurplus": 74460000, "otherStockholderEquity": 57328731, "totalStockholderEquity": 186888731, "netTangibleAssets": 186530712}, {"maxAge": 1, "endDate": "2019-03-31", "cash": 36479617, "shortTermInvestments": 19494876, "netReceivables": 80722953, "inventory": 46094656, "otherCurrentAssets": 29854965, "totalCurrentAssets": 212647067, "propertyPlantEquipment": 149207559, "intangibleAssets": 443519, "otherAssets": 9195997, "totalAssets": 371494142, "accountsPayable": 51614572, "shortLongTermDebt": 16764522, "otherCurrentLiab": 7785116, "longTermDebt": 34666376, "otherLiab": 5659091, "deferredLongTermLiab": 1881300, "totalCurrentLiabilities": 166549702, "totalLiab": 206875169, "commonStock": 55100000, "treasuryStock": 35058973, "capitalSurplus": 74460000, "otherStockholderEquity": 35058973, "totalStockholderEquity": 164618973, "netTangibleAssets": 164175454}, {"maxAge": 1, "endDate": "2018-03-31", "cash": 19655274, "netReceivables": 155019783, "inventory": 81587624, "otherCurrentAssets": 16868983, "totalCurrentAssets": 273131664, "propertyPlantEquipment": 160629075, "otherAssets": 7407402, "totalAssets": 441168141, "accountsPayable": 105843211, "shortLongTermDebt": 14670647, "otherCurrentLiab": 2980147, "longTermDebt": 78776814, "otherLiab": 7318661, "deferredLongTermLiab": 2495900, "totalCurrentLiabilities": 213082532, "totalLiab": 299178007, "commonStock": 55100000, "treasuryStock": 12430134, "capitalSurplus": 74460000, "otherStockholderEquity": 12430134, "totalStockholderEquity": 141990134, "netTangibleAssets": 141990134}, {"maxAge": 1, "endDate": "2017-03-31", "cash": 9631929, "netReceivables": 98321750, "inventory": 62238827, "otherCurrentAssets": 16357000, "totalCurrentAssets": 186549506, "propertyPlantEquipment": 168784741, "otherAssets": 1511295, "totalAssets": 356845542, "accountsPayable": 58407725, "shortLongTermDebt": 11884697, "otherCurrentLiab": 1512447, "longTermDebt": 165653729, "otherLiab": 1341871, "deferredLongTermLiab": 100000, "totalCurrentLiabilities": 147811096, "totalLiab": 314806696, "commonStock": 40500000, "treasuryStock": 1538846, "otherStockholderEquity": 1538846, "totalStockholderEquity": 42038846, "netTangibleAssets": 42038846}], "maxAge": 86400}, "financialData": {"maxAge": 86400, "currentPrice": 139.4, "recommendationKey": "none", "totalCash": 40726320, "totalCashPerShare": 3.696, "ebitda": 60128268, "totalDebt": 38667436, "quickRatio": 0.843, "currentRatio": 1.44, "totalRevenue": 454187040, "debtToEquity": 20.69, "revenuePerShare": 41.215, "returnOnAssets": 0.06592, "returnOnEquity": 0.12671, "grossProfits": 130332551, "freeCashflow": 68914056, "operatingCashflow": 103335696, "earningsGrowth": -0.343, "revenueGrowth": -0.202, "grossMargins": 0.28696, "ebitdaMargins": 0.13239, "operatingMargins": 0.08218, "profitMargins": 0.04903, "financialCurrency": "INR"}}}