{"ARVIND.BO": {"recommendationTrend": {"trend": [{"period": "0m", "strongBuy": 0, "buy": 0, "hold": 0, "sell": 0, "strongSell": 0}, {"period": "-1m", "strongBuy": 0, "buy": 0, "hold": 0, "sell": 0, "strongSell": 0}, {"period": "-2m", "strongBuy": 0, "buy": 0, "hold": 0, "sell": 0, "strongSell": 0}, {"period": "-3m", "strongBuy": 0, "buy": 0, "hold": 0, "sell": 0, "strongSell": 0}], "maxAge": 86400}, "cashflowStatementHistory": {"cashflowStatements": [{"maxAge": 1, "endDate": "2020-03-31", "netIncome": 956500000, "depreciation": 2904500000, "changeToNetincome": 3357500000, "changeToAccountReceivables": -1563400000, "changeToLiabilities": -941000000, "changeToInventory": 2911500000, "changeToOperatingActivities": 979100000, "totalCashFromOperatingActivities": 8604700000, "capitalExpenditures": -4146200000, "investments": -490300000, "otherCashflowsFromInvestingActivities": 256100000, "totalCashflowsFromInvestingActivities": -3056300000, "dividendsPaid": -517500000, "netBorrowings": -2838500000, "otherCashflowsFromFinancingActivities": -2399500000, "totalCashFromFinancingActivities": -5746900000, "changeInCash": -198500000, "issuanceOfStock": 8600000}, {"maxAge": 1, "endDate": "2019-03-31", "netIncome": 2262300000, "depreciation": 2350500000, "changeToNetincome": 6857900000, "changeToAccountReceivables": 8554100000, "changeToLiabilities": -7816600000, "changeToInventory": 5610600000, "changeToOperatingActivities": 5762800000, "totalCashFromOperatingActivities": 23581600000, "capitalExpenditures": -6491700000, "investments": 85900000, "otherCashflowsFromInvestingActivities": 6762400000, "totalCashflowsFromInvestingActivities": 864800000, "dividendsPaid": -640800000, "netBorrowings": -6232000000, "otherCashflowsFromFinancingActivities": -3321600000, "totalCashFromFinancingActivities": -10194400000, "changeInCash": 329500000, "issuanceOfStock": 8600000}, {"maxAge": 1, "endDate": "2018-03-31", "netIncome": 3094700000, "depreciation": 2223500000, "changeToNetincome": 3665700000, "changeToAccountReceivables": -8424700000, "changeToLiabilities": 6132000000, "changeToInventory": -1123800000, "changeToOperatingActivities": -1282500000, "totalCashFromOperatingActivities": 4284900000, "capitalExpenditures": -5300600000, "investments": 112100000, "otherCashflowsFromInvestingActivities": 407200000, "totalCashflowsFromInvestingActivities": -3559700000, "dividendsPaid": -670400000, "netBorrowings": 2674400000, "otherCashflowsFromFinancingActivities": -2587500000, "totalCashFromFinancingActivities": -553500000, "changeInCash": 196900000, "issuanceOfStock": 30000000}, {"maxAge": 1, "endDate": "2017-03-31", "netIncome": 3146300000, "depreciation": 2716900000, "changeToNetincome": 2882600000, "changeToAccountReceivables": -334700000, "changeToLiabilities": 2180100000, "changeToInventory": -4964900000, "changeToOperatingActivities": -341200000, "totalCashFromOperatingActivities": 5510900000, "capitalExpenditures": -4460700000, "investments": 1505600000, "otherCashflowsFromInvestingActivities": 515300000, "totalCashflowsFromInvestingActivities": 664600000, "dividendsPaid": -613800000, "netBorrowings": -8932400000, "otherCashflowsFromFinancingActivities": 3290400000, "totalCashFromFinancingActivities": -6210800000, "changeInCash": -35300000, "issuanceOfStock": 45000000}], "maxAge": 86400}, "institutionOwnership": {"maxAge": 1, "ownershipList": []}, "balanceSheetHistoryQuarterly": {"balanceSheetStatements": [{"maxAge": 1, "endDate": "2020-06-30", "totalStockholderEquity": 27085800000, "netTangibleAssets": 25854700000}, {"maxAge": 1, "endDate": "2020-03-31", "cash": 502400000, "shortTermInvestments": 666300000, "netReceivables": 12574600000, "inventory": 12768300000, "otherCurrentAssets": 3704400000, "totalCurrentAssets": 30376900000, "longTermInvestments": 923900000, "propertyPlantEquipment": 37903600000, "goodWill": 267000000, "intangibleAssets": 964100000, "otherAssets": 1218900000, "deferredLongTermAssetCharges": 355800000, "totalAssets": 71654400000, "accountsPayable": 12598600000, "shortLongTermDebt": 2619400000, "otherCurrentLiab": 1857900000, "longTermDebt": 10183400000, "otherLiab": 1564100000, "minorityInterest": 579600000, "totalCurrentLiabilities": 30749700000, "totalLiab": 43989000000, "commonStock": 2587700000, "retainedEarnings": 17766100000, "treasuryStock": 1111900000, "capitalSurplus": 5620100000, "otherStockholderEquity": 1111900000, "totalStockholderEquity": 27085800000, "netTangibleAssets": 25854700000}, {"maxAge": 1, "endDate": "2019-12-31", "totalStockholderEquity": 27109400000, "netTangibleAssets": 25684300000}, {"maxAge": 1, "endDate": "2019-09-30", "cash": 519800000, "shortTermInvestments": 1694000000, "netReceivables": 10702700000, "inventory": 12614000000, "otherCurrentAssets": 5371900000, "totalCurrentAssets": 30902400000, "longTermInvestments": 1402800000, "propertyPlantEquipment": 38205700000, "goodWill": 268500000, "intangibleAssets": 1156600000, "otherAssets": 807800000, "deferredLongTermAssetCharges": 229100000, "totalAssets": 72743800000, "accountsPayable": 10458900000, "otherCurrentLiab": 6412500000, "longTermDebt": 8647100000, "otherLiab": 1794200000, "minorityInterest": 752400000, "totalCurrentLiabilities": 32931700000, "totalLiab": 44882000000, "commonStock": 2587700000, "treasuryStock": 24521700000, "otherStockholderEquity": 24521700000, "totalStockholderEquity": 27109400000, "netTangibleAssets": 25684300000}], "maxAge": 86400}, "earningsHistory": {"history": [{"maxAge": 1, "epsActual": 3.46, "epsEstimate": 3.63, "epsDifference": -0.17, "surprisePercent": -0.047, "quarter": "2017-12-31", "period": "-4q"}, {"maxAge": 1, "epsActual": 4.24, "epsEstimate": 4.81, "epsDifference": -0.57, "surprisePercent": -0.118999995, "quarter": "2018-03-31", "period": "-3q"}, {"maxAge": 1, "epsActual": 2.9, "epsEstimate": 3.61, "epsDifference": -0.71, "surprisePercent": -0.19700001, "quarter": "2018-06-30", "period": "-2q"}, {"maxAge": 1, "epsActual": 3.32, "epsEstimate": 3.38, "epsDifference": -0.06, "surprisePercent": -0.018, "quarter": "2018-09-30", "period": "-1q"}], "maxAge": 86400}, "indexTrend": {"maxAge": 1, "symbol": "SP5", "peRatio": 19.7411, "pegRatio": 1.34172, "estimates": [{"period": "0q", "growth": 0.549}, {"period": "+1q", "growth": 0.431}, {"period": "0y", "growth": 0.305}, {"period": "+1y", "growth": 0.109}, {"period": "+5y", "growth": 0.120865}, {"period": "-5y"}]}, "industryTrend": {"maxAge": 1, "symbol": null, "estimates": []}, "insiderTransactions": {"transactions": [{"maxAge": 1, "shares": 1400001, "value": 641900, "filerUrl": "", "transactionText": "Acquisition at price 0.46 per share.", "filerName": "Aura Business Ventures L.L.P", "filerRelation": "Promoter", "moneyText": "", "startDate": "2020-09-29", "ownership": "D"}, {"maxAge": 1, "shares": 926372, "value": 405009, "filerUrl": "", "transactionText": "Acquisition at price 0.44 per share.", "filerName": "Aura Business Ventures L.L.P", "filerRelation": "Promoter", "moneyText": "", "startDate": "2020-09-25", "ownership": "D"}, {"maxAge": 1, "shares": 273628, "value": 116538, "filerUrl": "", "transactionText": "Acquisition at price 0.43 per share.", "filerName": "Aura Business Ventures L.L.P", "filerRelation": "Promoter", "moneyText": "", "startDate": "2020-09-24", "ownership": "D"}, {"maxAge": 1, "shares": 157000, "filerUrl": "", "transactionText": "", "filerName": "Kaul (Susheel)", "filerRelation": "UNREPORTED", "moneyText": "", "startDate": "2020-07-04", "ownership": "D"}, {"maxAge": 1, "shares": 25000, "filerUrl": "", "transactionText": "", "filerName": "Dalal (Jagdish) HUF", "filerRelation": "UNREPORTED", "moneyText": "", "startDate": "2019-12-30", "ownership": "D"}, {"maxAge": 1, "shares": 9500, "filerUrl": "", "transactionText": "", "filerName": "Dalal (Jagdish) HUF", "filerRelation": "UNREPORTED", "moneyText": "", "startDate": "2019-12-19", "ownership": "D"}, {"maxAge": 1, "shares": 15500, "filerUrl": "", "transactionText": "", "filerName": "Dalal (Jagdish) HUF", "filerRelation": "UNREPORTED", "moneyText": "", "startDate": "2019-12-18", "ownership": "D"}, {"maxAge": 1, "shares": 10000, "filerUrl": "", "transactionText": "", "filerName": "Adhinami Investments Pvt Ltd", "filerRelation": "Promoter", "moneyText": "", "startDate": "2019-12-12", "ownership": "D"}, {"maxAge": 1, "shares": 40000, "filerUrl": "", "transactionText": "", "filerName": "Adhinami Investments Pvt Ltd", "filerRelation": "Promoter", "moneyText": "", "startDate": "2019-12-10", "ownership": "D"}, {"maxAge": 1, "shares": 10000, "filerUrl": "", "transactionText": "", "filerName": "Adhinami Investments Pvt Ltd", "filerRelation": "Promoter", "moneyText": "", "startDate": "2019-12-06", "ownership": "D"}, {"maxAge": 1, "shares": 180000, "filerUrl": "", "transactionText": "", "filerName": "Aura Business Ventures L.L.P", "filerRelation": "Promoter", "moneyText": "", "startDate": "2019-12-06", "ownership": "D"}, {"maxAge": 1, "shares": 820000, "filerUrl": "", "transactionText": "", "filerName": "Aura Business Ventures L.L.P", "filerRelation": "Promoter", "moneyText": "", "startDate": "2019-12-05", "ownership": "D"}, {"maxAge": 1, "shares": 149864, "filerUrl": "", "transactionText": "", "filerName": "Akshita Holdings Pvt Ltd", "filerRelation": "Promoter", "moneyText": "", "startDate": "2019-12-04", "ownership": "D"}, {"maxAge": 1, "shares": 500000, "filerUrl": "", "transactionText": "", "filerName": "Aura Business Ventures L.L.P", "filerRelation": "Promoter", "moneyText": "", "startDate": "2019-12-04", "ownership": "D"}, {"maxAge": 1, "shares": 2111, "filerUrl": "", "transactionText": "", "filerName": "Shah (Jayesh K) HUF", "filerRelation": "UNREPORTED", "moneyText": "", "startDate": "2019-11-01", "ownership": "D"}, {"maxAge": 1, "shares": 50000, "filerUrl": "", "transactionText": "", "filerName": "Shah (Jayesh K) HUF", "filerRelation": "UNREPORTED", "moneyText": "", "startDate": "2019-10-31", "ownership": "D"}, {"maxAge": 1, "shares": 100000, "filerUrl": "", "transactionText": "", "filerName": "Shah (Jayesh K) HUF", "filerRelation": "UNREPORTED", "moneyText": "", "startDate": "2019-10-30", "ownership": "D"}, {"maxAge": 1, "shares": 100000, "filerUrl": "", "transactionText": "", "filerName": "Shah (Jayesh K) HUF", "filerRelation": "UNREPORTED", "moneyText": "", "startDate": "2019-10-29", "ownership": "D"}, {"maxAge": 1, "shares": 25000, "filerUrl": "", "transactionText": "", "filerName": "Kumar (Ashish)", "filerRelation": "UNREPORTED", "moneyText": "", "startDate": "2019-09-30", "ownership": "D"}, {"maxAge": 1, "shares": 416206, "filerUrl": "", "transactionText": "", "filerName": "Aura Business Ventures L.L.P", "filerRelation": "Promoter", "moneyText": "", "startDate": "2019-09-06", "ownership": "D"}, {"maxAge": 1, "shares": 1345000, "filerUrl": "", "transactionText": "", "filerName": "Aura Business Ventures L.L.P", "filerRelation": "Promoter", "moneyText": "", "startDate": "2019-08-30", "ownership": "D"}, {"maxAge": 1, "shares": 115000, "filerUrl": "", "transactionText": "", "filerName": "Shah (Jayesh K)", "filerRelation": "Chief Financial Officer", "moneyText": "", "startDate": "2019-08-30", "ownership": "D"}, {"maxAge": 1, "shares": 705000, "filerUrl": "", "transactionText": "", "filerName": "Aura Business Ventures L.L.P", "filerRelation": "Promoter", "moneyText": "", "startDate": "2019-08-29", "ownership": "D"}, {"maxAge": 1, "shares": 221000, "filerUrl": "", "transactionText": "", "filerName": "Shah (Jayesh K)", "filerRelation": "Chief Financial Officer", "moneyText": "", "startDate": "2019-08-29", "ownership": "D"}, {"maxAge": 1, "shares": 150000, "filerUrl": "", "transactionText": "", "filerName": "Aura Business Ventures L.L.P", "filerRelation": "Promoter", "moneyText": "", "startDate": "2019-08-28", "ownership": "D"}, {"maxAge": 1, "shares": 150000, "filerUrl": "", "transactionText": "", "filerName": "Kaul (Susheel)", "filerRelation": "UNREPORTED", "moneyText": "", "startDate": "2019-06-22", "ownership": "D"}, {"maxAge": 1, "shares": 5000, "filerUrl": "", "transactionText": "", "filerName": "Aayojan Resources Pvt Ltd", "filerRelation": "Promoter", "moneyText": "", "startDate": "2019-06-19", "ownership": "D"}, {"maxAge": 1, "shares": 21000, "filerUrl": "", "transactionText": "", "filerName": "Shah (Jayesh K)", "filerRelation": "Chief Financial Officer", "moneyText": "", "startDate": "2019-06-19", "ownership": "D"}, {"maxAge": 1, "shares": 21000, "filerUrl": "", "transactionText": "", "filerName": "Shah (Jayesh K)", "filerRelation": "Chief Financial Officer", "moneyText": "", "startDate": "2019-06-19", "ownership": "D"}, {"maxAge": 1, "shares": 100000, "filerUrl": "", "transactionText": "", "filerName": "Kaul (Susheel)", "filerRelation": "UNREPORTED", "moneyText": "", "startDate": "2019-05-30", "ownership": "D"}, {"maxAge": 1, "shares": 100000, "filerUrl": "", "transactionText": "", "filerName": "Kaul (Susheel)", "filerRelation": "UNREPORTED", "moneyText": "", "startDate": "2019-05-27", "ownership": "D"}, {"maxAge": 1, "shares": 100000, "filerUrl": "", "transactionText": "", "filerName": "Aura Business Ventures L.L.P", "filerRelation": "Promoter", "moneyText": "", "startDate": "2018-12-04", "ownership": "D"}, {"maxAge": 1, "shares": 96000, "filerUrl": "", "transactionText": "", "filerName": "Aura Business Ventures L.L.P", "filerRelation": "Promoter", "moneyText": "", "startDate": "2018-12-03", "ownership": "D"}, {"maxAge": 1, "shares": 162500, "filerUrl": "", "transactionText": "", "filerName": "Aura Business Ventures L.L.P", "filerRelation": "Promoter", "moneyText": "", "startDate": "2018-11-29", "ownership": "D"}, {"maxAge": 1, "shares": 71000, "filerUrl": "", "transactionText": "", "filerName": "Aura Business Ventures L.L.P", "filerRelation": "Promoter", "moneyText": "", "startDate": "2018-11-29", "ownership": "D"}, {"maxAge": 1, "shares": 80500, "filerUrl": "", "transactionText": "", "filerName": "Aura Business Ventures L.L.P", "filerRelation": "Promoter", "moneyText": "", "startDate": "2018-11-28", "ownership": "D"}, {"maxAge": 1, "shares": 80500, "filerUrl": "", "transactionText": "", "filerName": "Aura Business Ventures L.L.P", "filerRelation": "Promoter", "moneyText": "", "startDate": "2018-11-28", "ownership": "D"}, {"maxAge": 1, "shares": 37600, "filerUrl": "", "transactionText": "", "filerName": "Shah (Darshil J)", "filerRelation": "UNREPORTED", "moneyText": "", "startDate": "2018-11-28", "ownership": "D"}, {"maxAge": 1, "shares": 37600, "filerUrl": "", "transactionText": "", "filerName": "Shah (Rupa J)", "filerRelation": "UNREPORTED", "moneyText": "", "startDate": "2018-11-28", "ownership": "D"}, {"maxAge": 1, "shares": 5495, "filerUrl": "", "transactionText": "", "filerName": "Aayojan Resources Pvt Ltd", "filerRelation": "Promoter", "moneyText": "", "startDate": "2018-11-26", "ownership": "D"}], "maxAge": 1}, "quoteType": {"exchange": "BSE", "quoteType": "EQUITY", "symbol": "ARVIND.BO", "underlyingSymbol": "ARVIND.BO", "shortName": "ARVIND LTD.", "longName": "Arvind Limited", "firstTradeDateEpochUtc": "2000-01-03 09:15:00", "timeZoneFullName": "Asia/Kolkata", "timeZoneShortName": "IST", "uuid": "af5c7d04-3186-3c5b-85ea-a77cb0b7f839", "messageBoardId": null, "gmtOffSetMilliseconds": 19800000, "maxAge": 1}, "incomeStatementHistory": {"incomeStatementHistory": [{"maxAge": 1, "endDate": "2020-03-31", "totalRevenue": 73690000000, "costOfRevenue": 38096600000, "grossProfit": 35593400000, "researchDevelopment": {}, "sellingGeneralAdministrative": 9980400000, "nonRecurring": {}, "otherOperatingExpenses": 18528200000, "totalOperatingExpenses": 69564100000, "operatingIncome": 4125900000, "totalOtherIncomeExpenseNet": -2448000000, "ebit": 4125900000, "interestExpense": -2350500000, "incomeBeforeTax": 1677900000, "incomeTaxExpense": 756900000, "minorityInterest": 579600000, "netIncomeFromContinuingOps": 921000000, "discontinuedOperations": {}, "extraordinaryItems": {}, "effectOfAccountingCharges": {}, "otherItems": {}, "netIncome": 956500000, "netIncomeApplicableToCommonShares": 956500000}, {"maxAge": 1, "endDate": "2019-03-31", "totalRevenue": 71421800000, "costOfRevenue": 33633300000, "grossProfit": 37788500000, "researchDevelopment": {}, "sellingGeneralAdministrative": 10054600000, "nonRecurring": {}, "otherOperatingExpenses": 20360800000, "totalOperatingExpenses": 66414000000, "operatingIncome": 5007800000, "totalOtherIncomeExpenseNet": -2005100000, "ebit": 5007800000, "interestExpense": -2198300000, "incomeBeforeTax": 3002700000, "incomeTaxExpense": 615400000, "minorityInterest": 863200000, "netIncomeFromContinuingOps": 2387300000, "discontinuedOperations": -103200000, "extraordinaryItems": {}, "effectOfAccountingCharges": {}, "otherItems": {}, "netIncome": 2262300000, "netIncomeApplicableToCommonShares": 2262300000}, {"maxAge": 1, "endDate": "2018-03-31", "totalRevenue": 67893600000, "costOfRevenue": 31838000000, "grossProfit": 36055600000, "researchDevelopment": {}, "sellingGeneralAdministrative": 9863500000, "nonRecurring": {}, "otherOperatingExpenses": 19290200000, "totalOperatingExpenses": 63219700000, "operatingIncome": 4673900000, "totalOtherIncomeExpenseNet": -1373000000, "ebit": 4673900000, "interestExpense": -1749400000, "incomeBeforeTax": 3300900000, "incomeTaxExpense": 693500000, "minorityInterest": 3052800000, "netIncomeFromContinuingOps": 2607400000, "discontinuedOperations": 550700000, "extraordinaryItems": {}, "effectOfAccountingCharges": {}, "otherItems": {}, "netIncome": 3094700000, "netIncomeApplicableToCommonShares": 3094700000}, {"maxAge": 1, "endDate": "2017-03-31", "totalRevenue": 92212700000, "costOfRevenue": 41823000000, "grossProfit": 50389700000, "researchDevelopment": {}, "sellingGeneralAdministrative": 16176800000, "nonRecurring": {}, "otherOperatingExpenses": 24675600000, "totalOperatingExpenses": 85619100000, "operatingIncome": 6593600000, "totalOtherIncomeExpenseNet": -2396200000, "ebit": 6593600000, "interestExpense": -2680200000, "incomeBeforeTax": 4197400000, "incomeTaxExpense": 988900000, "minorityInterest": 1514300000, "netIncomeFromContinuingOps": 3208500000, "discontinuedOperations": 550700000, "extraordinaryItems": {}, "effectOfAccountingCharges": {}, "otherItems": {}, "netIncome": 3146300000, "netIncomeApplicableToCommonShares": 3146300000}], "maxAge": 86400}, "fundOwnership": {"maxAge": 1, "ownershipList": [{"maxAge": 1, "reportDate": "2020-07-31", "organization": "Vanguard International Stock Index-Total Intl Stock Indx", "pctHeld": 0.0094, "position": 2424142, "value": 69694082}, {"maxAge": 1, "reportDate": "2020-07-31", "organization": "Vanguard International Stock Index-Emerging Markets Stk", "pctHeld": 0.0067000003, "position": 1740551, "value": 50040841}, {"maxAge": 1, "reportDate": "2020-07-31", "organization": "DFA Emerging Markets Core Equity Portfolio", "pctHeld": 0.0039, "position": 1009550, "value": 29024562}, {"maxAge": 1, "reportDate": "2020-07-31", "organization": "DFA Investment Dimensions-DFA Emerging Mkts Value", "pctHeld": 0.0034999999, "position": 917801, "value": 26386778}, {"maxAge": 1, "reportDate": "2020-07-31", "organization": "DFA Emerging Markets Small Cap Series", "pctHeld": 0.0023, "position": 606619, "value": 17440296}, {"maxAge": 1, "reportDate": "2020-07-31", "organization": "Vanguard Intl Equity Index Fds-FTSE All World ex U.S.Small Cap Index", "pctHeld": 0.0014, "position": 356918, "value": 10261392}, {"maxAge": 1, "reportDate": "2020-08-31", "organization": "SPDR (R) Idx Shares-SPDR (R) Emerging Markets Small Cap ETF", "pctHeld": 0.0007, "position": 193356, "value": 6458090}, {"maxAge": 1, "reportDate": "2020-07-31", "organization": "Advisors Inner Circle Fund-Acadian Emerging Markets Port", "pctHeld": 0.0007, "position": 177608, "value": 5106230}, {"maxAge": 1, "reportDate": "2020-07-31", "organization": "DFA Investment Dimensions-Emerging Markets Social Core Equity", "pctHeld": 0.00029999999, "position": 84021, "value": 2415603}, {"maxAge": 1, "reportDate": "2020-07-31", "organization": "DFA T.A. World Ex U.S. Core Equity Portfolio", "pctHeld": 0.0002, "position": 61020, "value": 1754325}]}, "summaryDetail": {"maxAge": 1, "priceHint": 2, "previousClose": 67.45, "open": 67.0, "dayLow": 65.15, "dayHigh": 67.4, "regularMarketPreviousClose": 67.45, "regularMarketOpen": 67.0, "regularMarketDayLow": 65.15, "regularMarketDayHigh": 67.4, "forwardPE": 3.0894117, "volume": 53945, "regularMarketVolume": 53945, "averageVolume": 680575, "averageVolume10days": 190975, "averageDailyVolume10Day": 190975, "bid": 65.6, "ask": 68.25, "bidSize": 0, "askSize": 0, "marketCap": 16998361088, "fiftyTwoWeekLow": 19.0, "fiftyTwoWeekHigh": 75.25, "fiftyDayAverage": 56.615715, "twoHundredDayAverage": 42.174816, "trailingAnnualDividendRate": 2.2, "trailingAnnualDividendYield": 0.032616757, "currency": "INR", "fromCurrency": null, "toCurrency": null, "lastMarket": null, "algorithm": null, "tradeable": false}, "sectorTrend": {"maxAge": 1, "symbol": null, "estimates": []}, "incomeStatementHistoryQuarterly": {"incomeStatementHistory": [{"maxAge": 1, "endDate": "2020-06-30", "totalRevenue": 5992800000, "costOfRevenue": 2984000000, "grossProfit": 3008800000, "researchDevelopment": {}, "sellingGeneralAdministrative": 1476400000, "nonRecurring": {}, "otherOperatingExpenses": 1821700000, "totalOperatingExpenses": 7001000000, "operatingIncome": -1008200000, "totalOtherIncomeExpenseNet": -552800000, "ebit": -1008200000, "interestExpense": -593300000, "incomeBeforeTax": -1561000000, "incomeTaxExpense": -587900000, "minorityInterest": {}, "netIncomeFromContinuingOps": -973100000, "discontinuedOperations": {}, "extraordinaryItems": {}, "effectOfAccountingCharges": {}, "otherItems": {}, "netIncome": -953100000, "netIncomeApplicableToCommonShares": -953100000}, {"maxAge": 1, "endDate": "2020-03-31", "totalRevenue": 16415600000, "costOfRevenue": 8546300000, "grossProfit": 7869300000, "researchDevelopment": {}, "sellingGeneralAdministrative": 2600300000, "nonRecurring": {}, "otherOperatingExpenses": 3531900000, "totalOperatingExpenses": 15503000000, "operatingIncome": 912600000, "totalOtherIncomeExpenseNet": -1022700000, "ebit": 912600000, "interestExpense": -505800000, "incomeBeforeTax": -110100000, "incomeTaxExpense": 63100000, "minorityInterest": 579600000, "netIncomeFromContinuingOps": -173200000, "discontinuedOperations": {}, "extraordinaryItems": {}, "effectOfAccountingCharges": {}, "otherItems": {}, "netIncome": -123000000, "netIncomeApplicableToCommonShares": -123000000}, {"maxAge": 1, "endDate": "2019-12-31", "totalRevenue": 18688000000, "costOfRevenue": 9860500000, "grossProfit": 8827500000, "researchDevelopment": {}, "sellingGeneralAdministrative": 2352800000, "nonRecurring": {}, "otherOperatingExpenses": 4620700000, "totalOperatingExpenses": 17578500000, "operatingIncome": 1109500000, "totalOtherIncomeExpenseNet": -511400000, "ebit": 1109500000, "interestExpense": -615600000, "incomeBeforeTax": 598100000, "incomeTaxExpense": 244600000, "minorityInterest": 579600000, "netIncomeFromContinuingOps": 353500000, "discontinuedOperations": {}, "extraordinaryItems": {}, "effectOfAccountingCharges": {}, "otherItems": {}, "netIncome": 357700000, "netIncomeApplicableToCommonShares": 357700000}, {"maxAge": 1, "endDate": "2019-09-30", "totalRevenue": 19621900000, "costOfRevenue": 10042300000, "grossProfit": 9579600000, "researchDevelopment": {}, "sellingGeneralAdministrative": 2561300000, "nonRecurring": {}, "otherOperatingExpenses": 5068600000, "totalOperatingExpenses": 18398700000, "operatingIncome": 1223200000, "totalOtherIncomeExpenseNet": -440400000, "ebit": 1223200000, "interestExpense": -605300000, "incomeBeforeTax": 782800000, "incomeTaxExpense": 286000000, "minorityInterest": 752400000, "netIncomeFromContinuingOps": 496800000, "discontinuedOperations": {}, "extraordinaryItems": {}, "effectOfAccountingCharges": {}, "otherItems": {}, "netIncome": 480800000, "netIncomeApplicableToCommonShares": 480800000}], "maxAge": 86400}, "cashflowStatementHistoryQuarterly": {"cashflowStatements": [{"maxAge": 1, "endDate": "2020-06-30", "netIncome": -953100000, "changeToLiabilities": 0}, {"maxAge": 1, "endDate": "2020-03-31", "netIncome": -123000000, "changeToLiabilities": 0}, {"maxAge": 1, "endDate": "2019-12-31", "netIncome": 357700000, "changeToLiabilities": 0}, {"maxAge": 1, "endDate": "2019-09-30", "netIncome": 480800000, "changeToLiabilities": 0}], "maxAge": 86400}, "insiderHolders": {"holders": [{"maxAge": 1, "name": "Aayojan Resources Pvt Ltd", "relation": "Promoter", "url": "", "transactionDescription": "Acquisition", "latestTransDate": "2019-06-19", "positionDirect": 96000, "positionDirectDate": "2019-06-19"}, {"maxAge": 1, "name": "Adhinami Investments Pvt Ltd", "relation": "Promoter", "url": "", "transactionDescription": "Acquisition", "latestTransDate": "2019-12-12", "positionDirect": 78500, "positionDirectDate": "2019-12-12"}, {"maxAge": 1, "name": "Akshita Holdings Pvt Ltd", "relation": "Promoter", "url": "", "transactionDescription": "Acquisition", "latestTransDate": "2019-12-04", "positionDirect": 150000, "positionDirectDate": "2019-12-04"}, {"maxAge": 1, "name": "Aura Business Ventures L.L.P", "relation": "Promoter", "url": "", "transactionDescription": "Acquisition", "latestTransDate": "2020-09-29", "positionDirect": 7818707, "positionDirectDate": "2020-09-29"}, {"maxAge": 1, "name": "Dalal (Jagdish) HUF", "relation": "UNREPORTED", "url": "", "transactionDescription": "Acquisition", "latestTransDate": "2019-12-30", "positionDirect": 69000, "positionDirectDate": "2019-12-30"}, {"maxAge": 1, "name": "Kaul (Susheel)", "relation": "UNREPORTED", "url": "", "transactionDescription": "Other", "latestTransDate": "2020-07-04", "positionDirect": 357004, "positionDirectDate": "2020-07-04"}, {"maxAge": 1, "name": "Kumar (Ashish)", "relation": "UNREPORTED", "url": "", "transactionDescription": "Acquisition", "latestTransDate": "2019-09-30", "positionDirect": 85000, "positionDirectDate": "2019-09-30"}, {"maxAge": 1, "name": "Shah (Darshil J)", "relation": "UNREPORTED", "url": "", "transactionDescription": "Acquisition", "latestTransDate": "2018-11-28", "positionDirect": 82600, "positionDirectDate": "2018-11-28"}, {"maxAge": 1, "name": "Shah (Jayesh K)", "relation": "Chief Financial Officer", "url": "", "transactionDescription": "Acquisition", "latestTransDate": "2019-08-30", "positionDirect": 415000, "positionDirectDate": "2019-08-30"}, {"maxAge": 1, "name": "Shah (Jayesh K) HUF", "relation": "UNREPORTED", "url": "", "transactionDescription": "Acquisition", "latestTransDate": "2019-11-01", "positionDirect": 252111, "positionDirectDate": "2019-11-01"}], "maxAge": 1}, "earnings": {"maxAge": 86400, "earningsChart": {"quarterly": [{"date": "4Q2017", "actual": 3.46, "estimate": 3.63}, {"date": "1Q2018", "actual": 4.24, "estimate": 4.81}, {"date": "2Q2018", "actual": 2.9, "estimate": 3.61}, {"date": "3Q2018", "actual": 3.32, "estimate": 3.38}], "currentQuarterEstimateDate": "4Q", "currentQuarterEstimateYear": 2018, "earningsDate": ["2020-08-31 05:30:S"]}, "financialsChart": {"yearly": [{"date": 2017, "revenue": 92212700000, "earnings": 3146300000}, {"date": 2018, "revenue": 67893600000, "earnings": 3094700000}, {"date": 2019, "revenue": 71421800000, "earnings": 2262300000}, {"date": 2020, "revenue": 73690000000, "earnings": 956500000}], "quarterly": [{"date": "3Q2019", "revenue": 19621900000, "earnings": 480800000}, {"date": "4Q2019", "revenue": 18688000000, "earnings": 357700000}, {"date": "1Q2020", "revenue": 16415600000, "earnings": -123000000}, {"date": "2Q2020", "revenue": 5992800000, "earnings": -953100000}]}, "financialCurrency": "INR"}, "calendarEvents": {"maxAge": 1, "earnings": {"earningsDate": ["2020-08-31 05:30:S"], "revenueAverage": 30638000000, "revenueLow": 30638000000, "revenueHigh": 30638000000}}, "price": {"maxAge": 1, "regularMarketChangePercent": -0.026686369, "regularMarketChange": -1.7999954, "regularMarketTime": "2021-04-30 15:29:36", "priceHint": 2, "regularMarketPrice": 65.65, "regularMarketDayHigh": 67.4, "regularMarketDayLow": 65.15, "regularMarketVolume": 53945, "averageDailyVolume10Day": 190975, "averageDailyVolume3Month": 680575, "regularMarketPreviousClose": 67.45, "regularMarketSource": "FREE_REALTIME", "regularMarketOpen": 67.0, "exchange": "BSE", "exchangeName": "BSE", "exchangeDataDelayedBy": 0, "marketState": "CLOSED", "quoteType": "EQUITY", "symbol": "ARVIND.BO", "underlyingSymbol": null, "shortName": "ARVIND LTD.", "longName": "Arvind Limited", "currency": "INR", "quoteSourceName": "Delayed Quote", "currencySymbol": "\u20b9", "fromCurrency": null, "toCurrency": null, "lastMarket": null, "marketCap": 16998361088}, "balanceSheetHistory": {"balanceSheetStatements": [{"maxAge": 1, "endDate": "2020-03-31", "cash": 502400000, "shortTermInvestments": 666300000, "netReceivables": 12574600000, "inventory": 12768300000, "otherCurrentAssets": 3704400000, "totalCurrentAssets": 30376900000, "longTermInvestments": 923900000, "propertyPlantEquipment": 37903600000, "goodWill": 267000000, "intangibleAssets": 964100000, "otherAssets": 1218900000, "deferredLongTermAssetCharges": 355800000, "totalAssets": 71654400000, "accountsPayable": 12598600000, "shortLongTermDebt": 2619400000, "otherCurrentLiab": 1857900000, "longTermDebt": 10183400000, "otherLiab": 1564100000, "minorityInterest": 579600000, "totalCurrentLiabilities": 30749700000, "totalLiab": 43989000000, "commonStock": 2587700000, "retainedEarnings": 17766100000, "treasuryStock": 1111900000, "capitalSurplus": 5620100000, "otherStockholderEquity": 1111900000, "totalStockholderEquity": 27085800000, "netTangibleAssets": 25854700000}, {"maxAge": 1, "endDate": "2019-03-31", "cash": 706200000, "shortTermInvestments": 252000000, "netReceivables": 12129500000, "inventory": 15984300000, "otherCurrentAssets": 5604200000, "totalCurrentAssets": 34904000000, "longTermInvestments": 821400000, "propertyPlantEquipment": 34941000000, "goodWill": 261900000, "intangibleAssets": 1286100000, "otherAssets": 1122000000, "deferredLongTermAssetCharges": 112900000, "totalAssets": 73336400000, "accountsPayable": 13579900000, "shortLongTermDebt": 1637300000, "otherCurrentLiab": 1205000000, "longTermDebt": 9347500000, "otherLiab": 1546200000, "minorityInterest": 863200000, "totalCurrentLiabilities": 34075100000, "totalLiab": 44968800000, "commonStock": 2586200000, "retainedEarnings": 17522400000, "treasuryStock": 1748100000, "capitalSurplus": 5647700000, "otherStockholderEquity": 1748100000, "totalStockholderEquity": 27504400000, "netTangibleAssets": 25956400000}, {"maxAge": 1, "endDate": "2018-03-31", "cash": 394600000, "shortTermInvestments": 220600000, "netReceivables": 20949800000, "inventory": 22442000000, "otherCurrentAssets": 11118800000, "totalCurrentAssets": 55394000000, "longTermInvestments": 806500000, "propertyPlantEquipment": 37152700000, "goodWill": 1370200000, "intangibleAssets": 1916900000, "otherAssets": 5944000000, "deferredLongTermAssetCharges": 2205100000, "totalAssets": 102584300000, "accountsPayable": 21472200000, "shortLongTermDebt": 2105600000, "otherCurrentLiab": 2345700000, "longTermDebt": 8487100000, "otherLiab": 2167800000, "minorityInterest": 3052800000, "totalCurrentLiabilities": 51048100000, "totalLiab": 61703000000, "commonStock": 2586200000, "retainedEarnings": 21135700000, "treasuryStock": 8458900000, "capitalSurplus": 5647700000, "otherStockholderEquity": 8458900000, "totalStockholderEquity": 37828500000, "netTangibleAssets": 34541400000}, {"maxAge": 1, "endDate": "2017-03-31", "cash": 209300000, "shortTermInvestments": 16200000, "netReceivables": 11249100000, "inventory": 23828000000, "otherCurrentAssets": 5209600000, "totalCurrentAssets": 40833700000, "longTermInvestments": 2797300000, "propertyPlantEquipment": 35297600000, "goodWill": 179200000, "intangibleAssets": 1764100000, "otherAssets": 5807900000, "deferredLongTermAssetCharges": 2242100000, "totalAssets": 86679800000, "accountsPayable": 14265200000, "shortLongTermDebt": 1440300000, "otherCurrentLiab": 1281000000, "longTermDebt": 7566300000, "otherLiab": 2640400000, "minorityInterest": 1514300000, "totalCurrentLiabilities": 39289000000, "totalLiab": 49495700000, "commonStock": 2583600000, "retainedEarnings": 19446400000, "treasuryStock": 8072500000, "capitalSurplus": 5567300000, "otherStockholderEquity": 8072500000, "totalStockholderEquity": 35669800000, "netTangibleAssets": 33726500000}], "maxAge": 86400}, "earningsTrend": {"trend": [{"maxAge": 1, "period": "0q", "endDate": "2018-12-31", "growth": {}, "earningsEstimate": {"avg": 0.0, "low": 0.0, "high": 0.0, "yearAgoEps": 3.46, "numberOfAnalysts": 0, "growth": {}}, "revenueEstimate": {"avg": 30638000000, "low": 30638000000, "high": 30638000000, "numberOfAnalysts": 1, "yearAgoRevenue": 27057500000, "growth": 0.132}, "epsTrend": {"current": 0.0, "7daysAgo": 3.61, "30daysAgo": 3.61, "60daysAgo": 3.61, "90daysAgo": 3.61}, "epsRevisions": {"upLast7days": 0, "upLast30days": 0, "downLast30days": 0, "downLast90days": {}}}, {"maxAge": 1, "period": "+1q", "endDate": "2019-03-31", "growth": {}, "earningsEstimate": {"avg": 0.0, "low": 0.0, "high": 0.0, "yearAgoEps": 4.24, "numberOfAnalysts": 0, "growth": {}}, "revenueEstimate": {"avg": 33084000000, "low": 33084000000, "high": 33084000000, "numberOfAnalysts": 1, "yearAgoRevenue": 29899900000, "growth": 0.106000006}, "epsTrend": {"current": 0.0, "7daysAgo": 4.42, "30daysAgo": 4.42, "60daysAgo": 4.42, "90daysAgo": 4.42}, "epsRevisions": {"upLast7days": 0, "upLast30days": 0, "downLast30days": 0, "downLast90days": {}}}, {"maxAge": 1, "period": "0y", "endDate": "2019-03-31", "growth": {}, "earningsEstimate": {"avg": 0.0, "low": 0.0, "high": 0.0, "yearAgoEps": {}, "numberOfAnalysts": 0, "growth": {}}, "revenueEstimate": {"avg": 123243000000, "low": 119543000000, "high": 127154000000, "numberOfAnalysts": 13, "yearAgoRevenue": 108261000000, "growth": 0.138}, "epsTrend": {"current": 0.0, "7daysAgo": 15.29, "30daysAgo": 15.29, "60daysAgo": 15.29, "90daysAgo": 15.29}, "epsRevisions": {"upLast7days": 0, "upLast30days": 0, "downLast30days": 0, "downLast90days": {}}}, {"maxAge": 1, "period": "+1y", "endDate": "2020-03-31", "growth": {}, "earningsEstimate": {"avg": 0.0, "low": 0.0, "high": 0.0, "yearAgoEps": {}, "numberOfAnalysts": 0, "growth": {}}, "revenueEstimate": {"avg": 139401000000, "low": 131518000000, "high": 147454000000, "numberOfAnalysts": 14, "yearAgoRevenue": 123243000000, "growth": 0.131}, "epsTrend": {"current": 0.0, "7daysAgo": 21.25, "30daysAgo": 21.25, "60daysAgo": 21.25, "90daysAgo": 21.25}, "epsRevisions": {"upLast7days": 0, "upLast30days": 0, "downLast30days": 0, "downLast90days": {}}}, {"maxAge": 1, "period": "+5y", "endDate": null, "growth": 0.22629999, "earningsEstimate": {"avg": {}, "low": {}, "high": {}, "yearAgoEps": {}, "numberOfAnalysts": {}, "growth": {}}, "revenueEstimate": {"avg": {}, "low": {}, "high": {}, "numberOfAnalysts": {}, "yearAgoRevenue": {}, "growth": {}}, "epsTrend": {"current": {}, "7daysAgo": {}, "30daysAgo": {}, "60daysAgo": {}, "90daysAgo": {}}, "epsRevisions": {"upLast7days": {}, "upLast30days": {}, "downLast30days": {}, "downLast90days": {}}}, {"maxAge": 1, "period": "-5y", "endDate": null, "growth": {}, "earningsEstimate": {"avg": {}, "low": {}, "high": {}, "yearAgoEps": {}, "numberOfAnalysts": {}, "growth": {}}, "revenueEstimate": {"avg": {}, "low": {}, "high": {}, "numberOfAnalysts": {}, "yearAgoRevenue": {}, "growth": {}}, "epsTrend": {"current": {}, "7daysAgo": {}, "30daysAgo": {}, "60daysAgo": {}, "90daysAgo": {}}, "epsRevisions": {"upLast7days": {}, "upLast30days": {}, "downLast30days": {}, "downLast90days": {}}}], "maxAge": 1}, "financialData": {"maxAge": 86400, "currentPrice": 65.65, "targetHighPrice": 550.0, "targetLowPrice": 130.0, "targetMeanPrice": 402.5, "targetMedianPrice": 446.0, "recommendationKey": "none", "numberOfAnalystOpinions": 16, "grossProfits": 35593400000, "financialCurrency": "INR"}}}