{"ARVSMART.BO": {"recommendationTrend": {"trend": [{"period": "0m", "strongBuy": 0, "buy": 0, "hold": 0, "sell": 0, "strongSell": 0}, {"period": "-1m", "strongBuy": 0, "buy": 0, "hold": 0, "sell": 0, "strongSell": 0}, {"period": "-2m", "strongBuy": 0, "buy": 0, "hold": 0, "sell": 0, "strongSell": 0}, {"period": "-3m", "strongBuy": 0, "buy": 0, "hold": 0, "sell": 0, "strongSell": 0}], "maxAge": 86400}, "cashflowStatementHistory": {"cashflowStatements": [{"maxAge": 1, "endDate": "2020-03-31", "netIncome": 393100000, "depreciation": 10990000, "changeToNetincome": 378275000, "changeToAccountReceivables": 1063000, "changeToLiabilities": 97081000, "changeToInventory": -363198000, "changeToOperatingActivities": -674418000, "totalCashFromOperatingActivities": -157012000, "capitalExpenditures": -68164000, "otherCashflowsFromInvestingActivities": 517000, "totalCashflowsFromInvestingActivities": -65633000, "dividendsPaid": -53331000, "netBorrowings": 471068000, "otherCashflowsFromFinancingActivities": -217128000, "totalCashFromFinancingActivities": 213985000, "changeInCash": -8660000, "issuanceOfStock": 13376000}, {"maxAge": 1, "endDate": "2019-03-31", "netIncome": 306700000, "depreciation": 11395000, "changeToNetincome": 244254000, "changeToAccountReceivables": -2092000, "changeToLiabilities": -70261000, "changeToInventory": 171687000, "changeToOperatingActivities": -544716000, "totalCashFromOperatingActivities": 117093000, "capitalExpenditures": -32047000, "investments": 2000000, "otherCashflowsFromInvestingActivities": 55094000, "totalCashflowsFromInvestingActivities": -4542000, "dividendsPaid": -53331000, "netBorrowings": 102572000, "otherCashflowsFromFinancingActivities": -280938000, "totalCashFromFinancingActivities": -109792000, "changeInCash": 2759000, "issuanceOfStock": 68574000}, {"maxAge": 1, "endDate": "2018-03-31", "netIncome": 301750000, "depreciation": 10721000, "changeToNetincome": 159763000, "changeToAccountReceivables": -864847000, "changeToLiabilities": -447164000, "changeToInventory": -850988000, "changeToOperatingActivities": 221475000, "totalCashFromOperatingActivities": -1469072000, "capitalExpenditures": -28027000, "investments": -34050000, "otherCashflowsFromInvestingActivities": 55094000, "totalCashflowsFromInvestingActivities": -8639000, "dividendsPaid": -53331000, "netBorrowings": 672992000, "otherCashflowsFromFinancingActivities": 433258000, "totalCashFromFinancingActivities": 1407130000, "changeInCash": -70581000, "issuanceOfStock": 300880000}, {"maxAge": 1, "endDate": "2017-03-31", "netIncome": 202806000, "depreciation": 10034000, "changeToNetincome": 120929000, "changeToAccountReceivables": -62113000, "changeToLiabilities": 187366000, "changeToInventory": -818934000, "changeToOperatingActivities": 168547000, "totalCashFromOperatingActivities": -191065000, "capitalExpenditures": -50396000, "investments": 50000000, "otherCashflowsFromInvestingActivities": 4293000, "totalCashflowsFromInvestingActivities": 14168000, "dividendsPaid": -53331000, "netBorrowings": 28767000, "otherCashflowsFromFinancingActivities": 17191000, "totalCashFromFinancingActivities": 273917000, "changeInCash": 97020000, "issuanceOfStock": 227959000}], "maxAge": 86400}, "institutionOwnership": {"maxAge": 1, "ownershipList": []}, "balanceSheetHistoryQuarterly": {"balanceSheetStatements": [{"maxAge": 1, "endDate": "2020-06-30", "totalStockholderEquity": 2888108000, "netTangibleAssets": 2885234000}, {"maxAge": 1, "endDate": "2020-03-31", "cash": 54872000, "shortTermInvestments": 30839000, "netReceivables": 10197000, "inventory": 6627631000, "otherCurrentAssets": 296437000, "totalCurrentAssets": 7032061000, "longTermInvestments": 26000, "propertyPlantEquipment": 289528000, "intangibleAssets": 2874000, "otherAssets": 651497000, "deferredLongTermAssetCharges": 109396000, "totalAssets": 7975986000, "accountsPayable": 404746000, "shortLongTermDebt": 609788000, "otherCurrentLiab": 2296154000, "longTermDebt": 733606000, "otherLiab": 18226000, "minorityInterest": 157663000, "totalCurrentLiabilities": 4178383000, "totalLiab": 4930215000, "commonStock": 355536000, "retainedEarnings": 788444000, "treasuryStock": 3599000, "capitalSurplus": 1740529000, "otherStockholderEquity": 3599000, "totalStockholderEquity": 2888108000, "netTangibleAssets": 2885234000}, {"maxAge": 1, "endDate": "2019-12-31", "totalStockholderEquity": 2550477000, "netTangibleAssets": 2550066000}, {"maxAge": 1, "endDate": "2019-09-30", "cash": 107096000, "shortTermInvestments": 471415000, "netReceivables": 5921000, "inventory": 7306722000, "otherCurrentAssets": 341257000, "totalCurrentAssets": 8232411000, "longTermInvestments": 33755000, "propertyPlantEquipment": 241513000, "intangibleAssets": 411000, "otherAssets": 416021000, "deferredLongTermAssetCharges": 304165000, "totalAssets": 8924111000, "accountsPayable": 741088000, "shortLongTermDebt": 565506000, "otherCurrentLiab": 3157658000, "longTermDebt": 898604000, "otherLiab": 18739000, "minorityInterest": 151916000, "totalCurrentLiabilities": 5304375000, "totalLiab": 6221718000, "commonStock": 355536000, "treasuryStock": 2194941000, "otherStockholderEquity": 2194941000, "totalStockholderEquity": 2550477000, "netTangibleAssets": 2550066000}], "maxAge": 86400}, "earningsHistory": {"history": [{"maxAge": 1, "epsActual": {}, "epsEstimate": {}, "epsDifference": {}, "surprisePercent": {}, "quarter": {}, "period": "-4q"}, {"maxAge": 1, "epsActual": {}, "epsEstimate": {}, "epsDifference": {}, "surprisePercent": {}, "quarter": {}, "period": "-3q"}, {"maxAge": 1, "epsActual": 1.4, "epsEstimate": 1.12, "epsDifference": 0.28, "surprisePercent": 0.25, "quarter": "2017-12-31", "period": "-2q"}, {"maxAge": 1, "epsActual": 5.04, "epsEstimate": 6.79, "epsDifference": -1.75, "surprisePercent": -0.258, "quarter": "2018-03-31", "period": "-1q"}], "maxAge": 86400}, "indexTrend": {"maxAge": 1, "symbol": "SP5", "peRatio": 19.7411, "pegRatio": 1.34172, "estimates": [{"period": "0q", "growth": 0.549}, {"period": "+1q", "growth": 0.431}, {"period": "0y", "growth": 0.305}, {"period": "+1y", "growth": 0.109}, {"period": "+5y", "growth": 0.120865}, {"period": "-5y"}]}, "industryTrend": {"maxAge": 1, "symbol": null, "estimates": []}, "insiderTransactions": {"transactions": [{"maxAge": 1, "shares": 0, "filerUrl": "", "transactionText": "", "filerName": "Singal (Kamal)", "filerRelation": "Chief Executive Officer", "moneyText": "", "startDate": "2019-07-17", "ownership": "I"}, {"maxAge": 1, "shares": 200000, "filerUrl": "", "transactionText": "", "filerName": "Singal (Kamal)", "filerRelation": "Chief Executive Officer", "moneyText": "", "startDate": "2019-07-15", "ownership": "D"}, {"maxAge": 1, "shares": 75000, "filerUrl": "", "transactionText": "", "filerName": "Singal (Kamal)", "filerRelation": "Managing Director", "moneyText": "", "startDate": "2019-05-27", "ownership": "D"}, {"maxAge": 1, "shares": 110000, "filerUrl": "", "transactionText": "", "filerName": "Dalal (Jagdish) HUF", "filerRelation": "UNREPORTED", "moneyText": "", "startDate": "2019-05-27", "ownership": "D"}, {"maxAge": 1, "shares": 36000, "filerUrl": "", "transactionText": "", "filerName": "Singal (Kamal)", "filerRelation": "Managing Director", "moneyText": "", "startDate": "2019-02-28", "ownership": "D"}, {"maxAge": 1, "shares": 265000, "filerUrl": "", "transactionText": "", "filerName": "Singal (Kamal)", "filerRelation": "Managing Director", "moneyText": "", "startDate": "2019-02-21", "ownership": "D"}], "maxAge": 1}, "quoteType": {"exchange": "BSE", "quoteType": "EQUITY", "symbol": "ARVSMART.BO", "underlyingSymbol": "ARVSMART.BO", "shortName": "Arvind SmartSpaces Limited", "longName": "Arvind SmartSpaces Limited", "firstTradeDateEpochUtc": "2015-08-26 09:15:00", "timeZoneFullName": "Asia/Kolkata", "timeZoneShortName": "IST", "uuid": "c0a688ca-778a-3a9a-a6b0-c32f6bcd6c80", "messageBoardId": null, "gmtOffSetMilliseconds": 19800000, "maxAge": 1}, "incomeStatementHistory": {"incomeStatementHistory": [{"maxAge": 1, "endDate": "2020-03-31", "totalRevenue": 3005994000, "costOfRevenue": 1443510000, "grossProfit": 1562484000, "researchDevelopment": {}, "sellingGeneralAdministrative": 359304000, "nonRecurring": {}, "otherOperatingExpenses": 303731000, "totalOperatingExpenses": 2117630000, "operatingIncome": 888364000, "totalOtherIncomeExpenseNet": -234465000, "ebit": 888364000, "interestExpense": -242087000, "incomeBeforeTax": 653899000, "incomeTaxExpense": 242491000, "minorityInterest": 157663000, "netIncomeFromContinuingOps": 411408000, "discontinuedOperations": {}, "extraordinaryItems": {}, "effectOfAccountingCharges": {}, "otherItems": {}, "netIncome": 393100000, "netIncomeApplicableToCommonShares": 393100000}, {"maxAge": 1, "endDate": "2019-03-31", "totalRevenue": 2632419000, "costOfRevenue": 1299292000, "grossProfit": 1333127000, "researchDevelopment": {}, "sellingGeneralAdministrative": 468506000, "nonRecurring": {}, "otherOperatingExpenses": 172532000, "totalOperatingExpenses": 1951851000, "operatingIncome": 680568000, "totalOtherIncomeExpenseNet": -202669000, "ebit": 680568000, "interestExpense": -209759000, "incomeBeforeTax": 477899000, "incomeTaxExpense": 166111000, "minorityInterest": 104603000, "netIncomeFromContinuingOps": 311788000, "discontinuedOperations": {}, "extraordinaryItems": {}, "effectOfAccountingCharges": {}, "otherItems": {}, "netIncome": 306700000, "netIncomeApplicableToCommonShares": 306700000}, {"maxAge": 1, "endDate": "2018-03-31", "totalRevenue": 1994844000, "costOfRevenue": 809651000, "grossProfit": 1185193000, "researchDevelopment": {}, "sellingGeneralAdministrative": 349257000, "nonRecurring": {}, "otherOperatingExpenses": 213530000, "totalOperatingExpenses": 1383377000, "operatingIncome": 611467000, "totalOtherIncomeExpenseNet": -128068000, "ebit": 611467000, "interestExpense": -152238000, "incomeBeforeTax": 483399000, "incomeTaxExpense": 168991000, "minorityInterest": 190839000, "netIncomeFromContinuingOps": 314408000, "discontinuedOperations": {}, "extraordinaryItems": {}, "effectOfAccountingCharges": {}, "otherItems": {}, "netIncome": 301750000, "netIncomeApplicableToCommonShares": 301750000}, {"maxAge": 1, "endDate": "2017-03-31", "totalRevenue": 1585921000, "costOfRevenue": 665067000, "grossProfit": 920854000, "researchDevelopment": {}, "sellingGeneralAdministrative": 318748000, "nonRecurring": {}, "otherOperatingExpenses": 161185000, "totalOperatingExpenses": 1155334000, "operatingIncome": 430587000, "totalOtherIncomeExpenseNet": -107620000, "ebit": 430587000, "interestExpense": -111917000, "incomeBeforeTax": 322967000, "incomeTaxExpense": 106465000, "minorityInterest": 165474000, "netIncomeFromContinuingOps": 216502000, "discontinuedOperations": {}, "extraordinaryItems": {}, "effectOfAccountingCharges": {}, "otherItems": {}, "netIncome": 202806000, "netIncomeApplicableToCommonShares": 202806000}], "maxAge": 86400}, "fundOwnership": {"maxAge": 1, "ownershipList": []}, "summaryDetail": {"maxAge": 1, "priceHint": 2, "previousClose": 96.7, "open": 96.7, "dayLow": 95.6, "dayHigh": 99.0, "regularMarketPreviousClose": 96.7, "regularMarketOpen": 96.7, "regularMarketDayLow": 95.6, "regularMarketDayHigh": 99.0, "trailingPE": 10.662134, "forwardPE": 5.755114, "volume": 8266, "regularMarketVolume": 8266, "averageVolume": 38185, "averageVolume10days": 10298, "averageDailyVolume10Day": 10298, "bid": 95.5, "ask": 95.7, "bidSize": 0, "askSize": 0, "marketCap": 3400701952, "fiftyTwoWeekLow": 56.2, "fiftyTwoWeekHigh": 131.5, "fiftyDayAverage": 104.58572, "twoHundredDayAverage": 97.21022, "trailingAnnualDividendRate": 1.5, "trailingAnnualDividendYield": 0.015511893, "currency": "INR", "fromCurrency": null, "toCurrency": null, "lastMarket": null, "algorithm": null, "tradeable": false}, "sectorTrend": {"maxAge": 1, "symbol": null, "estimates": []}, "incomeStatementHistoryQuarterly": {"incomeStatementHistory": [{"maxAge": 1, "endDate": "2020-06-30", "totalRevenue": 107748000, "costOfRevenue": 10914000, "grossProfit": 96834000, "researchDevelopment": {}, "sellingGeneralAdministrative": 44945000, "nonRecurring": {}, "otherOperatingExpenses": 28019000, "totalOperatingExpenses": 86668000, "operatingIncome": 21080000, "totalOtherIncomeExpenseNet": -68486000, "ebit": 21080000, "interestExpense": -68493000, "incomeBeforeTax": -47406000, "incomeTaxExpense": 2005000, "minorityInterest": {}, "netIncomeFromContinuingOps": -49411000, "discontinuedOperations": {}, "extraordinaryItems": {}, "effectOfAccountingCharges": {}, "otherItems": {}, "netIncome": -48302000, "netIncomeApplicableToCommonShares": -48302000}, {"maxAge": 1, "endDate": "2020-03-31", "totalRevenue": 1347638000, "costOfRevenue": 880875000, "grossProfit": 466763000, "researchDevelopment": {}, "sellingGeneralAdministrative": 202410000, "nonRecurring": {}, "otherOperatingExpenses": -11133000, "totalOperatingExpenses": 1074701000, "operatingIncome": 272937000, "totalOtherIncomeExpenseNet": -52881000, "ebit": 272937000, "interestExpense": -61176000, "incomeBeforeTax": 220056000, "incomeTaxExpense": 73151000, "minorityInterest": 157663000, "netIncomeFromContinuingOps": 146905000, "discontinuedOperations": {}, "extraordinaryItems": {}, "effectOfAccountingCharges": {}, "otherItems": {}, "netIncome": 147268000, "netIncomeApplicableToCommonShares": 147268000}, {"maxAge": 1, "endDate": "2019-12-31", "totalRevenue": 945418000, "costOfRevenue": 395161000, "grossProfit": 550257000, "researchDevelopment": {}, "sellingGeneralAdministrative": 47215000, "nonRecurring": {}, "otherOperatingExpenses": 108669000, "totalOperatingExpenses": 553727000, "operatingIncome": 391691000, "totalOtherIncomeExpenseNet": -60617000, "ebit": 391691000, "interestExpense": -60580000, "incomeBeforeTax": 331074000, "incomeTaxExpense": 122666000, "minorityInterest": 157663000, "netIncomeFromContinuingOps": 208408000, "discontinuedOperations": {}, "extraordinaryItems": {}, "effectOfAccountingCharges": {}, "otherItems": {}, "netIncome": 194518000, "netIncomeApplicableToCommonShares": 194518000}, {"maxAge": 1, "endDate": "2019-09-30", "totalRevenue": 344862000, "costOfRevenue": 74749000, "grossProfit": 270113000, "researchDevelopment": {}, "sellingGeneralAdministrative": 44276000, "nonRecurring": {}, "otherOperatingExpenses": 102785000, "totalOperatingExpenses": 224726000, "operatingIncome": 120136000, "totalOtherIncomeExpenseNet": -67065000, "ebit": 120136000, "interestExpense": -67011000, "incomeBeforeTax": 53071000, "incomeTaxExpense": 24554000, "minorityInterest": 151916000, "netIncomeFromContinuingOps": 28517000, "discontinuedOperations": {}, "extraordinaryItems": {}, "effectOfAccountingCharges": {}, "otherItems": {}, "netIncome": 25675000, "netIncomeApplicableToCommonShares": 25675000}], "maxAge": 86400}, "cashflowStatementHistoryQuarterly": {"cashflowStatements": [{"maxAge": 1, "endDate": "2020-06-30", "netIncome": -48302000, "changeToLiabilities": 0}, {"maxAge": 1, "endDate": "2020-03-31", "netIncome": 147268000, "changeToLiabilities": 0}, {"maxAge": 1, "endDate": "2019-12-31", "netIncome": 194518000, "changeToLiabilities": 0}, {"maxAge": 1, "endDate": "2019-09-30", "netIncome": 25675000, "changeToLiabilities": 0}], "maxAge": 86400}, "insiderHolders": {"holders": [{"maxAge": 1, "name": "Dalal (Jagdish) HUF", "relation": "UNREPORTED", "url": "", "transactionDescription": "Acquisition", "latestTransDate": "2019-05-27", "positionDirect": 263843, "positionDirectDate": "2019-05-27"}, {"maxAge": 1, "name": "Singal (Kamal)", "relation": "Chief Executive Officer", "url": "", "transactionDescription": "Acquisition", "latestTransDate": "2019-07-17", "positionIndirectDate": 1563321600}], "maxAge": 1}, "earnings": {"maxAge": 86400, "earningsChart": {"quarterly": [{"date": "4Q2017", "actual": 1.4, "estimate": 1.12}, {"date": "1Q2018", "actual": 5.04, "estimate": 6.79}], "currentQuarterEstimateDate": "2Q", "currentQuarterEstimateYear": 2018, "earningsDate": []}, "financialsChart": {"yearly": [{"date": 2017, "revenue": 1585921000, "earnings": 202806000}, {"date": 2018, "revenue": 1994844000, "earnings": 301750000}, {"date": 2019, "revenue": 2632419000, "earnings": 306700000}, {"date": 2020, "revenue": 3005994000, "earnings": 393100000}], "quarterly": [{"date": "3Q2019", "revenue": 344862000, "earnings": 25675000}, {"date": "4Q2019", "revenue": 945418000, "earnings": 194518000}, {"date": "1Q2020", "revenue": 1347638000, "earnings": 147268000}, {"date": "2Q2020", "revenue": 107748000, "earnings": -48302000}]}, "financialCurrency": "INR"}, "calendarEvents": {"maxAge": 1, "earnings": {"earningsDate": []}}, "price": {"maxAge": 1, "regularMarketChangePercent": -0.010858279, "regularMarketChange": -1.0499954, "regularMarketTime": "2021-04-30 15:27:02", "priceHint": 2, "regularMarketPrice": 95.65, "regularMarketDayHigh": 99.0, "regularMarketDayLow": 95.6, "regularMarketVolume": 8266, "averageDailyVolume10Day": 10298, "averageDailyVolume3Month": 38185, "regularMarketPreviousClose": 96.7, "regularMarketSource": "FREE_REALTIME", "regularMarketOpen": 96.7, "exchange": "BSE", "exchangeName": "BSE", "exchangeDataDelayedBy": 0, "marketState": "CLOSED", "quoteType": "EQUITY", "symbol": "ARVSMART.BO", "underlyingSymbol": null, "shortName": "Arvind SmartSpaces Limited", "longName": "Arvind SmartSpaces Limited", "currency": "INR", "quoteSourceName": "Delayed Quote", "currencySymbol": "\u20b9", "fromCurrency": null, "toCurrency": null, "lastMarket": null, "marketCap": 3400701952}, "balanceSheetHistory": {"balanceSheetStatements": [{"maxAge": 1, "endDate": "2020-03-31", "cash": 54872000, "shortTermInvestments": 30839000, "netReceivables": 10197000, "inventory": 6627631000, "otherCurrentAssets": 296437000, "totalCurrentAssets": 7032061000, "longTermInvestments": 26000, "propertyPlantEquipment": 289528000, "intangibleAssets": 2874000, "otherAssets": 651497000, "deferredLongTermAssetCharges": 109396000, "totalAssets": 7975986000, "accountsPayable": 404746000, "shortLongTermDebt": 609788000, "otherCurrentLiab": 2296154000, "longTermDebt": 733606000, "otherLiab": 18226000, "minorityInterest": 157663000, "totalCurrentLiabilities": 4178383000, "totalLiab": 4930215000, "commonStock": 355536000, "retainedEarnings": 788444000, "treasuryStock": 3599000, "capitalSurplus": 1740529000, "otherStockholderEquity": 3599000, "totalStockholderEquity": 2888108000, "netTangibleAssets": 2885234000}, {"maxAge": 1, "endDate": "2019-03-31", "cash": 63532000, "shortTermInvestments": 19970000, "netReceivables": 19801000, "inventory": 6264433000, "otherCurrentAssets": 345777000, "totalCurrentAssets": 6725504000, "longTermInvestments": 13028000, "propertyPlantEquipment": 237428000, "intangibleAssets": 431000, "otherAssets": 794071000, "deferredLongTermAssetCharges": 311518000, "totalAssets": 7770462000, "accountsPayable": 306250000, "shortLongTermDebt": 894250000, "otherCurrentLiab": 3075667000, "longTermDebt": 806673000, "otherLiab": 15985000, "minorityInterest": 104603000, "totalCurrentLiabilities": 4297760000, "totalLiab": 5120418000, "commonStock": 352336000, "retainedEarnings": 459352000, "treasuryStock": 7220000, "capitalSurplus": 1726533000, "otherStockholderEquity": 7220000, "totalStockholderEquity": 2545441000, "netTangibleAssets": 2545010000}, {"maxAge": 1, "endDate": "2018-03-31", "cash": 60773000, "shortTermInvestments": 25187000, "netReceivables": 1732718000, "inventory": 3509049000, "otherCurrentAssets": 327209000, "totalCurrentAssets": 5663621000, "longTermInvestments": 13040000, "propertyPlantEquipment": 220651000, "intangibleAssets": 436000, "otherAssets": 62707000, "deferredLongTermAssetCharges": 1706000, "totalAssets": 5960455000, "accountsPayable": 145675000, "shortLongTermDebt": 605838000, "otherCurrentLiab": 851188000, "longTermDebt": 1001417000, "otherLiab": 199476000, "minorityInterest": 190839000, "totalCurrentLiabilities": 1618725000, "totalLiab": 2819618000, "commonStock": 318676000, "retainedEarnings": 931404000, "treasuryStock": 493363000, "capitalSurplus": 1206555000, "otherStockholderEquity": 493363000, "totalStockholderEquity": 2949998000, "netTangibleAssets": 2949562000}, {"maxAge": 1, "endDate": "2017-03-31", "cash": 131354000, "shortTermInvestments": 26024000, "netReceivables": 832617000, "inventory": 2681244000, "otherCurrentAssets": 398061000, "totalCurrentAssets": 4079078000, "longTermInvestments": 50000, "propertyPlantEquipment": 205383000, "intangibleAssets": 597000, "otherAssets": 43398000, "deferredLongTermAssetCharges": 1799000, "totalAssets": 4328506000, "accountsPayable": 244372000, "shortLongTermDebt": 393706000, "otherCurrentLiab": 797894000, "longTermDebt": 453156000, "otherLiab": 217319000, "minorityInterest": 165474000, "totalCurrentLiabilities": 1545498000, "totalLiab": 2215973000, "commonStock": 284093000, "retainedEarnings": 630299000, "treasuryStock": 90010000, "capitalSurplus": 942657000, "otherStockholderEquity": 90010000, "totalStockholderEquity": 1947059000, "netTangibleAssets": 1946462000}], "maxAge": 86400}, "earningsTrend": {"trend": [{"maxAge": 1, "period": "0q", "endDate": "2018-06-30", "growth": {}, "earningsEstimate": {"avg": 0.0, "low": 0.0, "high": 0.0, "yearAgoEps": {}, "numberOfAnalysts": 0, "growth": {}}, "revenueEstimate": {"avg": 0, "low": 0, "high": 0, "numberOfAnalysts": 0, "yearAgoRevenue": {}, "growth": {}}, "epsTrend": {"current": 0.0, "7daysAgo": 0.0, "30daysAgo": 0.0, "60daysAgo": 0.0, "90daysAgo": 0.0}, "epsRevisions": {"upLast7days": 0, "upLast30days": 0, "downLast30days": 0, "downLast90days": {}}}, {"maxAge": 1, "period": "+1q", "endDate": "2018-09-30", "growth": {}, "earningsEstimate": {"avg": 0.0, "low": 0.0, "high": 0.0, "yearAgoEps": {}, "numberOfAnalysts": 0, "growth": {}}, "revenueEstimate": {"avg": 0, "low": 0, "high": 0, "numberOfAnalysts": 0, "yearAgoRevenue": {}, "growth": {}}, "epsTrend": {"current": 0.0, "7daysAgo": 0.0, "30daysAgo": 0.0, "60daysAgo": 0.0, "90daysAgo": 0.0}, "epsRevisions": {"upLast7days": 0, "upLast30days": 0, "downLast30days": 0, "downLast90days": {}}}, {"maxAge": 1, "period": "0y", "endDate": "2019-03-31", "growth": {}, "earningsEstimate": {"avg": 0.0, "low": 0.0, "high": 0.0, "yearAgoEps": {}, "numberOfAnalysts": 0, "growth": {}}, "revenueEstimate": {"avg": 2430500000, "low": 2430500000, "high": 2430500000, "numberOfAnalysts": 1, "yearAgoRevenue": 1982460000, "growth": 0.22600001}, "epsTrend": {"current": 0.0, "7daysAgo": 13.65, "30daysAgo": 13.65, "60daysAgo": 13.65, "90daysAgo": 13.65}, "epsRevisions": {"upLast7days": 0, "upLast30days": 0, "downLast30days": 0, "downLast90days": {}}}, {"maxAge": 1, "period": "+1y", "endDate": "2020-03-31", "growth": {}, "earningsEstimate": {"avg": 0.0, "low": 0.0, "high": 0.0, "yearAgoEps": {}, "numberOfAnalysts": 0, "growth": {}}, "revenueEstimate": {"avg": 2902020000, "low": 2902020000, "high": 2902020000, "numberOfAnalysts": 1, "yearAgoRevenue": 2430500000, "growth": 0.19399999}, "epsTrend": {"current": 0.0, "7daysAgo": 16.62, "30daysAgo": 16.62, "60daysAgo": 16.62, "90daysAgo": 16.62}, "epsRevisions": {"upLast7days": 0, "upLast30days": 0, "downLast30days": 0, "downLast90days": {}}}, {"maxAge": 1, "period": "+5y", "endDate": null, "growth": {}, "earningsEstimate": {"avg": {}, "low": {}, "high": {}, "yearAgoEps": {}, "numberOfAnalysts": {}, "growth": {}}, "revenueEstimate": {"avg": {}, "low": {}, "high": {}, "numberOfAnalysts": {}, "yearAgoRevenue": {}, "growth": {}}, "epsTrend": {"current": {}, "7daysAgo": {}, "30daysAgo": {}, "60daysAgo": {}, "90daysAgo": {}}, "epsRevisions": {"upLast7days": {}, "upLast30days": {}, "downLast30days": {}, "downLast90days": {}}}, {"maxAge": 1, "period": "-5y", "endDate": null, "growth": {}, "earningsEstimate": {"avg": {}, "low": {}, "high": {}, "yearAgoEps": {}, "numberOfAnalysts": {}, "growth": {}}, "revenueEstimate": {"avg": {}, "low": {}, "high": {}, "numberOfAnalysts": {}, "yearAgoRevenue": {}, "growth": {}}, "epsTrend": {"current": {}, "7daysAgo": {}, "30daysAgo": {}, "60daysAgo": {}, "90daysAgo": {}}, "epsRevisions": {"upLast7days": {}, "upLast30days": {}, "downLast30days": {}, "downLast90days": {}}}], "maxAge": 1}, "financialData": {"maxAge": 86400, "currentPrice": 95.65, "recommendationKey": "none", "grossProfits": 1562484000, "financialCurrency": "INR"}}}