{"ASAHISONG.BO": {"recommendationTrend": {"trend": [{"period": "0m", "strongBuy": 0, "buy": 0, "hold": 0, "sell": 0, "strongSell": 0}, {"period": "-1m", "strongBuy": 0, "buy": 0, "hold": 0, "sell": 0, "strongSell": 0}, {"period": "-2m", "strongBuy": 0, "buy": 0, "hold": 0, "sell": 0, "strongSell": 0}, {"period": "-3m", "strongBuy": 0, "buy": 0, "hold": 0, "sell": 0, "strongSell": 0}], "maxAge": 86400}, "cashflowStatementHistory": {"cashflowStatements": [{"maxAge": 1, "endDate": "2020-03-31", "netIncome": 228256000, "depreciation": 83169000, "changeToNetincome": 10692000, "changeToAccountReceivables": -1381000, "changeToLiabilities": -49805000, "changeToInventory": 330398000, "changeToOperatingActivities": -31606000, "totalCashFromOperatingActivities": 569723000, "capitalExpenditures": -114867000, "investments": -57798000, "otherCashflowsFromInvestingActivities": 15069000, "totalCashflowsFromInvestingActivities": -157596000, "dividendsPaid": -73689000, "netBorrowings": -404248000, "otherCashflowsFromFinancingActivities": 88885000, "totalCashFromFinancingActivities": -389052000, "changeInCash": 23074000}, {"maxAge": 1, "endDate": "2019-03-31", "netIncome": 182950000, "depreciation": 81612000, "changeToNetincome": 65327000, "changeToAccountReceivables": 246404000, "changeToLiabilities": -77876000, "changeToInventory": -258826000, "changeToOperatingActivities": 31054000, "totalCashFromOperatingActivities": 270645000, "capitalExpenditures": -47564000, "investments": 17593000, "otherCashflowsFromInvestingActivities": -2407000, "totalCashflowsFromInvestingActivities": -28684000, "dividendsPaid": -36933000, "netBorrowings": -145756000, "otherCashflowsFromFinancingActivities": -59295000, "totalCashFromFinancingActivities": -241984000, "changeInCash": -23000}, {"maxAge": 1, "endDate": "2018-03-31", "netIncome": 230756000, "depreciation": 72193000, "changeToNetincome": -17194000, "changeToAccountReceivables": -327099000, "changeToLiabilities": 78804000, "changeToInventory": 66904000, "changeToOperatingActivities": -45272000, "totalCashFromOperatingActivities": 59092000, "capitalExpenditures": -592925000, "investments": 146384000, "otherCashflowsFromInvestingActivities": 8159000, "totalCashflowsFromInvestingActivities": -438252000, "dividendsPaid": -125000, "netBorrowings": 413251000, "otherCashflowsFromFinancingActivities": -35328000, "totalCashFromFinancingActivities": 377798000, "changeInCash": -1362000}, {"maxAge": 1, "endDate": "2017-03-31", "netIncome": 274237000, "depreciation": 71250000, "changeToNetincome": 19471000, "changeToAccountReceivables": -83470000, "changeToLiabilities": 126045000, "changeToInventory": -132440000, "changeToOperatingActivities": 5776000, "totalCashFromOperatingActivities": 280869000, "capitalExpenditures": -122516000, "investments": 2626000, "otherCashflowsFromInvestingActivities": 4338000, "totalCashflowsFromInvestingActivities": -115552000, "dividendsPaid": -36867000, "netBorrowings": -92846000, "otherCashflowsFromFinancingActivities": -35604000, "totalCashFromFinancingActivities": -165317000, "changeInCash": -1362000}], "maxAge": 86400}, "institutionOwnership": {"maxAge": 1, "ownershipList": []}, "balanceSheetHistoryQuarterly": {"balanceSheetStatements": [{"maxAge": 1, "endDate": "2020-06-30", "totalStockholderEquity": 2016246000, "netTangibleAssets": 2016246000}, {"maxAge": 1, "endDate": "2020-03-31", "cash": 24827000, "netReceivables": 552300000, "inventory": 292052000, "otherCurrentAssets": 298042000, "totalCurrentAssets": 1173493000, "longTermInvestments": 127306000, "propertyPlantEquipment": 1403374000, "otherAssets": 73914000, "totalAssets": 2778087000, "accountsPayable": 239727000, "shortLongTermDebt": 52100000, "otherCurrentLiab": 27932000, "longTermDebt": 125183000, "otherLiab": 130674000, "minorityInterest": 140402000, "totalCurrentLiabilities": 365582000, "totalLiab": 621439000, "commonStock": 122723000, "retainedEarnings": 1742806000, "capitalSurplus": 150717000, "totalStockholderEquity": 2016246000, "netTangibleAssets": 2016246000}, {"maxAge": 1, "endDate": "2019-12-31", "totalStockholderEquity": 2022930000, "netTangibleAssets": 2022930000}, {"maxAge": 1, "endDate": "2019-09-30", "cash": 30816000, "netReceivables": 699262000, "inventory": 392150000, "otherCurrentAssets": 146065000, "totalCurrentAssets": 1268293000, "longTermInvestments": 159121000, "propertyPlantEquipment": 1478213000, "otherAssets": 16622000, "totalAssets": 2922249000, "accountsPayable": 291405000, "shortLongTermDebt": 52471000, "otherCurrentLiab": 13023000, "longTermDebt": 151256000, "otherLiab": 150691000, "totalCurrentLiabilities": 597372000, "totalLiab": 899319000, "commonStock": 122723000, "treasuryStock": 1900207000, "otherStockholderEquity": 1900207000, "totalStockholderEquity": 2022930000, "netTangibleAssets": 2022930000}], "maxAge": 86400}, "earningsHistory": {"history": [{"maxAge": 1, "epsActual": {}, "epsEstimate": {}, "epsDifference": {}, "surprisePercent": {}, "quarter": {}, "period": "-4q"}, {"maxAge": 1, "epsActual": 2.23, "epsEstimate": 6.43, "epsDifference": -4.2, "surprisePercent": -0.65300006, "quarter": "2017-06-30", "period": "-3q"}, {"maxAge": 1, "epsActual": 7.62, "epsEstimate": 4.73, "epsDifference": 2.89, "surprisePercent": 0.611, "quarter": "2017-09-30", "period": "-2q"}, {"maxAge": 1, "epsActual": 3.88, "epsEstimate": 3.79, "epsDifference": 0.09, "surprisePercent": 0.024, "quarter": "2018-06-30", "period": "-1q"}], "maxAge": 86400}, "indexTrend": {"maxAge": 1, "symbol": "SP5", "peRatio": 19.7411, "pegRatio": 1.34172, "estimates": [{"period": "0q", "growth": 0.549}, {"period": "+1q", "growth": 0.431}, {"period": "0y", "growth": 0.305}, {"period": "+1y", "growth": 0.109}, {"period": "+5y", "growth": 0.120865}, {"period": "-5y"}]}, "industryTrend": {"maxAge": 1, "symbol": null, "estimates": []}, "insiderTransactions": {"transactions": [{"maxAge": 1, "shares": 10000, "value": 28343, "filerUrl": "", "transactionText": "Acquisition at price 2.83 per share.", "filerName": "Jaykrishna (Gokul M)", "filerRelation": "Director (Executive)", "moneyText": "", "startDate": "2020-08-04", "ownership": "D"}, {"maxAge": 1, "shares": 10000, "value": 19935, "filerUrl": "", "transactionText": "Acquisition at price 1.99 per share.", "filerName": "Jaykrishna (Arjun Gokul)", "filerRelation": "Promoter", "moneyText": "", "startDate": "2020-06-29", "ownership": "D"}, {"maxAge": 1, "shares": 19487, "filerUrl": "", "transactionText": "", "filerName": "Jaykrishna (Arjun Gokul)", "filerRelation": "Promoter", "moneyText": "", "startDate": "2020-03-26", "ownership": "D"}, {"maxAge": 1, "shares": 6000, "filerUrl": "", "transactionText": "", "filerName": "Mrugesh Jaykrishna Family Trust", "filerRelation": "Institution- Corporation", "moneyText": "", "startDate": "2020-03-26", "ownership": "D"}, {"maxAge": 1, "shares": 12668, "filerUrl": "", "transactionText": "", "filerName": "Mrugesh Jaykrishna Family Trust", "filerRelation": "Promoter", "moneyText": "", "startDate": "2020-03-24", "ownership": "D"}, {"maxAge": 1, "shares": 27332, "filerUrl": "", "transactionText": "", "filerName": "Mrugesh Jaykrishna Family Trust", "filerRelation": "Promoter", "moneyText": "", "startDate": "2020-03-19", "ownership": "D"}, {"maxAge": 1, "shares": 10000, "filerUrl": "", "transactionText": "", "filerName": "Mrugesh Jaykrishna Family Trust", "filerRelation": "Promoter", "moneyText": "", "startDate": "2020-03-18", "ownership": "D"}, {"maxAge": 1, "shares": 1631, "filerUrl": "", "transactionText": "", "filerName": "Gokul M Jaykrishna Family Trust", "filerRelation": "Promoter", "moneyText": "", "startDate": "2018-11-19", "ownership": "D"}, {"maxAge": 1, "shares": 8369, "filerUrl": "", "transactionText": "", "filerName": "Gokul M Jaykrishna Family Trust", "filerRelation": "Promoter", "moneyText": "", "startDate": "2018-11-16", "ownership": "D"}], "maxAge": 1}, "quoteType": {"exchange": "BSE", "quoteType": "EQUITY", "symbol": "ASAHISONG.BO", "underlyingSymbol": "ASAHISONG.BO", "shortName": "ASAHI SONGWON COLORS LTD.", "longName": "Asahi Songwon Colors Limited", "firstTradeDateEpochUtc": "2007-06-04 09:15:00", "timeZoneFullName": "Asia/Kolkata", "timeZoneShortName": "IST", "uuid": "b9c5dadd-0b8f-3afd-93b2-aefb2cb42fe0", "messageBoardId": null, "gmtOffSetMilliseconds": 19800000, "maxAge": 1}, "incomeStatementHistory": {"incomeStatementHistory": [{"maxAge": 1, "endDate": "2020-03-31", "totalRevenue": 2843888000, "costOfRevenue": 1771812000, "grossProfit": 1072076000, "researchDevelopment": {}, "sellingGeneralAdministrative": 97727000, "nonRecurring": {}, "otherOperatingExpenses": 622874000, "totalOperatingExpenses": 2575582000, "operatingIncome": 268306000, "totalOtherIncomeExpenseNet": -35627000, "ebit": 268306000, "interestExpense": -31390000, "incomeBeforeTax": 232679000, "incomeTaxExpense": 4416000, "minorityInterest": 140402000, "netIncomeFromContinuingOps": 228263000, "discontinuedOperations": {}, "extraordinaryItems": {}, "effectOfAccountingCharges": {}, "otherItems": {}, "netIncome": 228256000, "netIncomeApplicableToCommonShares": 228256000}, {"maxAge": 1, "endDate": "2019-03-31", "totalRevenue": 2936296000, "costOfRevenue": 1780455000, "grossProfit": 1155841000, "researchDevelopment": {}, "sellingGeneralAdministrative": 97446000, "nonRecurring": {}, "otherOperatingExpenses": 655237000, "totalOperatingExpenses": 2614750000, "operatingIncome": 321546000, "totalOtherIncomeExpenseNet": -59116000, "ebit": 321546000, "interestExpense": -43741000, "incomeBeforeTax": 262430000, "incomeTaxExpense": 79480000, "minorityInterest": 140402000, "netIncomeFromContinuingOps": 182950000, "discontinuedOperations": {}, "extraordinaryItems": {}, "effectOfAccountingCharges": {}, "otherItems": {}, "netIncome": 182950000, "netIncomeApplicableToCommonShares": 182950000}, {"maxAge": 1, "endDate": "2018-03-31", "totalRevenue": 2925068000, "costOfRevenue": 2163261000, "grossProfit": 761807000, "researchDevelopment": {}, "sellingGeneralAdministrative": 105163000, "nonRecurring": {}, "otherOperatingExpenses": 271821000, "totalOperatingExpenses": 2612438000, "operatingIncome": 312630000, "totalOtherIncomeExpenseNet": 7026000, "ebit": 312630000, "interestExpense": -30068000, "incomeBeforeTax": 319656000, "incomeTaxExpense": 88900000, "minorityInterest": 140402000, "netIncomeFromContinuingOps": 230756000, "discontinuedOperations": {}, "extraordinaryItems": {}, "effectOfAccountingCharges": {}, "otherItems": {}, "netIncome": 230756000, "netIncomeApplicableToCommonShares": 230756000}, {"maxAge": 1, "endDate": "2017-03-31", "totalRevenue": 2534707000, "costOfRevenue": 1383952000, "grossProfit": 1150755000, "researchDevelopment": {}, "sellingGeneralAdministrative": 100902000, "nonRecurring": {}, "otherOperatingExpenses": 575361000, "totalOperatingExpenses": 2131465000, "operatingIncome": 403242000, "totalOtherIncomeExpenseNet": 489000, "ebit": 403242000, "interestExpense": -17949000, "incomeBeforeTax": 403731000, "incomeTaxExpense": 129494000, "minorityInterest": 140402000, "netIncomeFromContinuingOps": 274237000, "discontinuedOperations": {}, "extraordinaryItems": {}, "effectOfAccountingCharges": {}, "otherItems": {}, "netIncome": 274237000, "netIncomeApplicableToCommonShares": 274237000}], "maxAge": 86400}, "fundOwnership": {"maxAge": 1, "ownershipList": []}, "summaryDetail": {"maxAge": 1, "priceHint": 2, "previousClose": 347.1, "open": 340.0, "dayLow": 335.05, "dayHigh": 345.2, "regularMarketPreviousClose": 347.1, "regularMarketOpen": 340.0, "regularMarketDayLow": 335.05, "regularMarketDayHigh": 345.2, "trailingPE": 15.452478, "forwardPE": 12.63197, "volume": 3972, "regularMarketVolume": 3972, "averageVolume": 4555, "averageVolume10days": 4628, "averageDailyVolume10Day": 4628, "bid": 336.2, "ask": 340.0, "bidSize": 0, "askSize": 0, "marketCap": 4170127360, "fiftyTwoWeekLow": 63.05, "fiftyTwoWeekHigh": 345.2, "fiftyDayAverage": 246.06857, "twoHundredDayAverage": 227.76424, "trailingAnnualDividendRate": 3.0, "trailingAnnualDividendYield": 0.008643042, "currency": "INR", "fromCurrency": null, "toCurrency": null, "lastMarket": null, "algorithm": null, "tradeable": false}, "sectorTrend": {"maxAge": 1, "symbol": null, "estimates": []}, "incomeStatementHistoryQuarterly": {"incomeStatementHistory": [{"maxAge": 1, "endDate": "2020-06-30", "totalRevenue": 579932000, "costOfRevenue": 381377000, "grossProfit": 198555000, "researchDevelopment": {}, "sellingGeneralAdministrative": 22292000, "nonRecurring": {}, "otherOperatingExpenses": 66123000, "totalOperatingExpenses": 490531000, "operatingIncome": 89401000, "totalOtherIncomeExpenseNet": 33020000, "ebit": 89401000, "interestExpense": -4739000, "incomeBeforeTax": 122421000, "incomeTaxExpense": 27118000, "minorityInterest": {}, "netIncomeFromContinuingOps": 95303000, "discontinuedOperations": {}, "extraordinaryItems": {}, "effectOfAccountingCharges": {}, "otherItems": {}, "netIncome": 95321000, "netIncomeApplicableToCommonShares": 95321000}, {"maxAge": 1, "endDate": "2020-03-31", "totalRevenue": 719833000, "costOfRevenue": 195198000, "grossProfit": 524635000, "researchDevelopment": {}, "sellingGeneralAdministrative": 23585000, "nonRecurring": {}, "otherOperatingExpenses": 389599000, "totalOperatingExpenses": 629045000, "operatingIncome": 90788000, "totalOtherIncomeExpenseNet": -7999000, "ebit": 90788000, "interestExpense": -3762000, "incomeBeforeTax": 82789000, "incomeTaxExpense": 22018000, "minorityInterest": 140402000, "netIncomeFromContinuingOps": 60771000, "discontinuedOperations": {}, "extraordinaryItems": {}, "effectOfAccountingCharges": {}, "otherItems": {}, "netIncome": 60764000, "netIncomeApplicableToCommonShares": 60764000}, {"maxAge": 1, "endDate": "2019-12-31", "totalRevenue": 586280000, "costOfRevenue": 402877000, "grossProfit": 183403000, "researchDevelopment": {}, "sellingGeneralAdministrative": 25250000, "nonRecurring": {}, "otherOperatingExpenses": 81692000, "totalOperatingExpenses": 530719000, "operatingIncome": 55561000, "totalOtherIncomeExpenseNet": -8172000, "ebit": 55561000, "interestExpense": -8172000, "incomeBeforeTax": 47389000, "incomeTaxExpense": 12289000, "minorityInterest": 140402000, "netIncomeFromContinuingOps": 35100000, "discontinuedOperations": {}, "extraordinaryItems": {}, "effectOfAccountingCharges": {}, "otherItems": {}, "netIncome": 35100000, "netIncomeApplicableToCommonShares": 35100000}, {"maxAge": 1, "endDate": "2019-09-30", "totalRevenue": 719836000, "costOfRevenue": 520191000, "grossProfit": 199645000, "researchDevelopment": {}, "sellingGeneralAdministrative": 25232000, "nonRecurring": {}, "otherOperatingExpenses": 82116000, "totalOperatingExpenses": 648456000, "operatingIncome": 71380000, "totalOtherIncomeExpenseNet": -8623000, "ebit": 71380000, "interestExpense": -8623000, "incomeBeforeTax": 62757000, "incomeTaxExpense": -15846000, "minorityInterest": 140402000, "netIncomeFromContinuingOps": 78603000, "discontinuedOperations": {}, "extraordinaryItems": {}, "effectOfAccountingCharges": {}, "otherItems": {}, "netIncome": 78603000, "netIncomeApplicableToCommonShares": 78603000}], "maxAge": 86400}, "cashflowStatementHistoryQuarterly": {"cashflowStatements": [{"maxAge": 1, "endDate": "2020-06-30", "netIncome": 95321000, "changeToLiabilities": 0}, {"maxAge": 1, "endDate": "2020-03-31", "netIncome": 60764000, "changeToLiabilities": 0}, {"maxAge": 1, "endDate": "2019-12-31", "netIncome": 35100000, "changeToLiabilities": 0}, {"maxAge": 1, "endDate": "2019-09-30", "netIncome": 78603000, "changeToLiabilities": 0}], "maxAge": 86400}, "insiderHolders": {"holders": [{"maxAge": 1, "name": "Gokul M Jaykrishna Family Trust", "relation": "Promoter", "url": "", "transactionDescription": "Acquisition", "latestTransDate": "2018-11-19", "positionDirect": 2752009, "positionDirectDate": "2018-11-19"}, {"maxAge": 1, "name": "Jaykrishna (Arjun Gokul)", "relation": "Promoter", "url": "", "transactionDescription": "Acquisition", "latestTransDate": "2020-06-29", "positionDirect": 29487, "positionDirectDate": "2020-06-29"}, {"maxAge": 1, "name": "Jaykrishna (Gokul M)", "relation": "Director (Executive)", "url": "", "transactionDescription": "Acquisition", "latestTransDate": "2020-08-04", "positionDirect": 10000, "positionDirectDate": "2020-08-04"}, {"maxAge": 1, "name": "Mrugesh Jaykrishna Family Trust", "relation": "Institution- Corporation", "url": "", "transactionDescription": "Acquisition", "latestTransDate": "2020-03-26", "positionDirect": 5379811, "positionDirectDate": "2020-03-26"}], "maxAge": 1}, "earnings": {"maxAge": 86400, "earningsChart": {"quarterly": [{"date": "2Q2017", "actual": 2.23, "estimate": 6.43}, {"date": "3Q2017", "actual": 7.62, "estimate": 4.73}, {"date": "2Q2018", "actual": 3.88, "estimate": 3.79}], "currentQuarterEstimateDate": "3Q", "currentQuarterEstimateYear": 2018, "earningsDate": []}, "financialsChart": {"yearly": [{"date": 2017, "revenue": 2534707000, "earnings": 274237000}, {"date": 2018, "revenue": 2925068000, "earnings": 230756000}, {"date": 2019, "revenue": 2936296000, "earnings": 182950000}, {"date": 2020, "revenue": 2843888000, "earnings": 228256000}], "quarterly": [{"date": "3Q2019", "revenue": 719836000, "earnings": 78603000}, {"date": "4Q2019", "revenue": 586280000, "earnings": 35100000}, {"date": "1Q2020", "revenue": 719833000, "earnings": 60764000}, {"date": "2Q2020", "revenue": 579932000, "earnings": 95321000}]}, "financialCurrency": "INR"}, "calendarEvents": {"maxAge": 1, "earnings": {"earningsDate": [], "revenueAverage": 822134000}}, "price": {"maxAge": 1, "regularMarketChangePercent": -0.021031456, "regularMarketChange": -7.3000183, "regularMarketTime": "2021-04-30 15:27:47", "priceHint": 2, "regularMarketPrice": 339.8, "regularMarketDayHigh": 345.2, "regularMarketDayLow": 335.05, "regularMarketVolume": 3972, "averageDailyVolume10Day": 4628, "averageDailyVolume3Month": 4555, "regularMarketPreviousClose": 347.1, "regularMarketSource": "FREE_REALTIME", "regularMarketOpen": 340.0, "exchange": "BSE", "exchangeName": "BSE", "exchangeDataDelayedBy": 0, "marketState": "CLOSED", "quoteType": "EQUITY", "symbol": "ASAHISONG.BO", "underlyingSymbol": null, "shortName": "ASAHI SONGWON COLORS LTD.", "longName": "Asahi Songwon Colors Limited", "currency": "INR", "quoteSourceName": "Delayed Quote", "currencySymbol": "\u20b9", "fromCurrency": null, "toCurrency": null, "lastMarket": null, "marketCap": 4170127360}, "balanceSheetHistory": {"balanceSheetStatements": [{"maxAge": 1, "endDate": "2020-03-31", "cash": 24827000, "netReceivables": 552300000, "inventory": 292052000, "otherCurrentAssets": 298042000, "totalCurrentAssets": 1173493000, "longTermInvestments": 127306000, "propertyPlantEquipment": 1403374000, "otherAssets": 73914000, "totalAssets": 2778087000, "accountsPayable": 239727000, "shortLongTermDebt": 52100000, "otherCurrentLiab": 27932000, "longTermDebt": 125183000, "otherLiab": 130674000, "minorityInterest": 140402000, "totalCurrentLiabilities": 365582000, "totalLiab": 621439000, "commonStock": 122723000, "retainedEarnings": 1742806000, "capitalSurplus": 150717000, "totalStockholderEquity": 2016246000, "netTangibleAssets": 2016246000}, {"maxAge": 1, "endDate": "2019-03-31", "cash": 1753000, "netReceivables": 551514000, "inventory": 622450000, "otherCurrentAssets": 239100000, "totalCurrentAssets": 1419766000, "longTermInvestments": 141749000, "propertyPlantEquipment": 1515266000, "otherAssets": 13836000, "totalAssets": 3090617000, "accountsPayable": 311832000, "shortLongTermDebt": 51930000, "otherCurrentLiab": 10692000, "longTermDebt": 177284000, "otherLiab": 207602000, "totalCurrentLiabilities": 769782000, "totalLiab": 1154668000, "commonStock": 122723000, "retainedEarnings": 1662509000, "treasuryStock": 1813226000, "capitalSurplus": 150717000, "otherStockholderEquity": 1813226000, "totalStockholderEquity": 1935949000, "netTangibleAssets": 1935949000}, {"maxAge": 1, "endDate": "2018-03-31", "cash": 6076000, "netReceivables": 798454000, "inventory": 363624000, "otherCurrentAssets": 256412000, "totalCurrentAssets": 1429877000, "longTermInvestments": 189444000, "propertyPlantEquipment": 1560729000, "otherAssets": 14835000, "totalAssets": 3194885000, "accountsPayable": 361940000, "shortLongTermDebt": 61631000, "otherCurrentLiab": 33830000, "longTermDebt": 192773000, "otherLiab": 197398000, "totalCurrentLiabilities": 988298000, "totalLiab": 1378469000, "commonStock": 122723000, "retainedEarnings": 1542976000, "capitalSurplus": 150717000, "totalStockholderEquity": 1816416000, "netTangibleAssets": 1816416000}, {"maxAge": 1, "endDate": "2017-03-31", "cash": 7438000, "shortTermInvestments": 3356000, "netReceivables": 469984000, "inventory": 430528000, "otherCurrentAssets": 204261000, "totalCurrentAssets": 1118378000, "longTermInvestments": 294892000, "propertyPlantEquipment": 1040483000, "otherAssets": 12519000, "totalAssets": 2466272000, "accountsPayable": 296735000, "shortLongTermDebt": 12705000, "otherCurrentLiab": 28559000, "longTermDebt": 35000000, "otherLiab": 191385000, "totalCurrentLiabilities": 654703000, "totalLiab": 881088000, "commonStock": 122723000, "retainedEarnings": 1311744000, "capitalSurplus": 150717000, "totalStockholderEquity": 1585184000, "netTangibleAssets": 1585184000}], "maxAge": 86400}, "earningsTrend": {"trend": [{"maxAge": 1, "period": "0q", "endDate": "2018-09-30", "growth": {}, "earningsEstimate": {"avg": 0.0, "low": 0.0, "high": 0.0, "yearAgoEps": {}, "numberOfAnalysts": 0, "growth": {}}, "revenueEstimate": {"avg": 822134000, "low": 0, "high": 0, "numberOfAnalysts": 0, "yearAgoRevenue": 662971000, "growth": 0.24}, "epsTrend": {"current": 0.0, "7daysAgo": 0.0, "30daysAgo": 0.0, "60daysAgo": 0.0, "90daysAgo": 0.0}, "epsRevisions": {"upLast7days": 0, "upLast30days": 0, "downLast30days": 0, "downLast90days": {}}}, {"maxAge": 1, "period": "+1q", "endDate": "2018-12-31", "growth": {}, "earningsEstimate": {"avg": 0.0, "low": 0.0, "high": 0.0, "yearAgoEps": 2.23, "numberOfAnalysts": 0, "growth": {}}, "revenueEstimate": {"avg": 0, "low": 0, "high": 0, "numberOfAnalysts": 0, "yearAgoRevenue": {}, "growth": {}}, "epsTrend": {"current": 0.0, "7daysAgo": 0.0, "30daysAgo": 0.0, "60daysAgo": 0.0, "90daysAgo": 0.0}, "epsRevisions": {"upLast7days": 0, "upLast30days": 0, "downLast30days": 0, "downLast90days": {}}}, {"maxAge": 1, "period": "0y", "endDate": "2019-03-31", "growth": {}, "earningsEstimate": {"avg": 0.0, "low": 0.0, "high": 0.0, "yearAgoEps": {}, "numberOfAnalysts": 0, "growth": {}}, "revenueEstimate": {"avg": 3396690000, "low": 3396690000, "high": 3396690000, "numberOfAnalysts": 1, "yearAgoRevenue": 2969790000, "growth": 0.144}, "epsTrend": {"current": 0.0, "7daysAgo": 22.34, "30daysAgo": 22.34, "60daysAgo": 22.34, "90daysAgo": 22.34}, "epsRevisions": {"upLast7days": 0, "upLast30days": 0, "downLast30days": 0, "downLast90days": {}}}, {"maxAge": 1, "period": "+1y", "endDate": "2020-03-31", "growth": {}, "earningsEstimate": {"avg": 0.0, "low": 0.0, "high": 0.0, "yearAgoEps": {}, "numberOfAnalysts": 0, "growth": {}}, "revenueEstimate": {"avg": 3906200000, "low": 3906200000, "high": 3906200000, "numberOfAnalysts": 1, "yearAgoRevenue": 3396690000, "growth": 0.15}, "epsTrend": {"current": 0.0, "7daysAgo": 26.9, "30daysAgo": 26.9, "60daysAgo": 26.9, "90daysAgo": 26.9}, "epsRevisions": {"upLast7days": 0, "upLast30days": 0, "downLast30days": 0, "downLast90days": {}}}, {"maxAge": 1, "period": "+5y", "endDate": null, "growth": {}, "earningsEstimate": {"avg": {}, "low": {}, "high": {}, "yearAgoEps": {}, "numberOfAnalysts": {}, "growth": {}}, "revenueEstimate": {"avg": {}, "low": {}, "high": {}, "numberOfAnalysts": {}, "yearAgoRevenue": {}, "growth": {}}, "epsTrend": {"current": {}, "7daysAgo": {}, "30daysAgo": {}, "60daysAgo": {}, "90daysAgo": {}}, "epsRevisions": {"upLast7days": {}, "upLast30days": {}, "downLast30days": {}, "downLast90days": {}}}, {"maxAge": 1, "period": "-5y", "endDate": null, "growth": {}, "earningsEstimate": {"avg": {}, "low": {}, "high": {}, "yearAgoEps": {}, "numberOfAnalysts": {}, "growth": {}}, "revenueEstimate": {"avg": {}, "low": {}, "high": {}, "numberOfAnalysts": {}, "yearAgoRevenue": {}, "growth": {}}, "epsTrend": {"current": {}, "7daysAgo": {}, "30daysAgo": {}, "60daysAgo": {}, "90daysAgo": {}}, "epsRevisions": {"upLast7days": {}, "upLast30days": {}, "downLast30days": {}, "downLast90days": {}}}], "maxAge": 1}, "financialData": {"maxAge": 86400, "currentPrice": 339.8, "targetHighPrice": 469.0, "targetLowPrice": 469.0, "targetMeanPrice": 469.0, "targetMedianPrice": 469.0, "recommendationKey": "none", "numberOfAnalystOpinions": 1, "grossProfits": 1072076000, "financialCurrency": "INR"}}}