{"ASAHIINDIA.BO": {"recommendationTrend": {"trend": [{"period": "0m", "strongBuy": 0, "buy": 0, "hold": 0, "sell": 0, "strongSell": 0}, {"period": "-1m", "strongBuy": 0, "buy": 0, "hold": 0, "sell": 0, "strongSell": 0}, {"period": "-2m", "strongBuy": 0, "buy": 0, "hold": 0, "sell": 0, "strongSell": 0}, {"period": "-3m", "strongBuy": 0, "buy": 0, "hold": 0, "sell": 0, "strongSell": 0}], "maxAge": 86400}, "cashflowStatementHistory": {"cashflowStatements": [{"maxAge": 1, "endDate": "2020-03-31", "netIncome": 1537200000, "depreciation": 1358000000, "changeToNetincome": 1376900000, "changeToAccountReceivables": 83400000, "changeToLiabilities": -750600000, "changeToInventory": -311300000, "changeToOperatingActivities": -322200000, "totalCashFromOperatingActivities": 2931500000, "capitalExpenditures": -2273300000, "investments": -110300000, "totalCashflowsFromInvestingActivities": -2137200000, "dividendsPaid": -486200000, "netBorrowings": 1114400000, "otherCashflowsFromFinancingActivities": -1560500000, "totalCashFromFinancingActivities": -932300000, "changeInCash": -138000000}, {"maxAge": 1, "endDate": "2019-03-31", "netIncome": 1901800000, "depreciation": 1185800000, "changeToNetincome": 1263700000, "changeToAccountReceivables": 530000000, "changeToLiabilities": -134100000, "changeToInventory": -767400000, "changeToOperatingActivities": 245000000, "totalCashFromOperatingActivities": 4237500000, "capitalExpenditures": -5124900000, "investments": -75500000, "totalCashflowsFromInvestingActivities": -5117800000, "dividendsPaid": -364600000, "netBorrowings": 2699800000, "otherCashflowsFromFinancingActivities": -1427100000, "totalCashFromFinancingActivities": 908100000, "changeInCash": 27800000}, {"maxAge": 1, "endDate": "2018-03-31", "netIncome": 1773800000, "depreciation": 935800000, "changeToNetincome": 1135200000, "changeToAccountReceivables": -811700000, "changeToLiabilities": 1519800000, "changeToInventory": -305000000, "changeToOperatingActivities": 240000000, "totalCashFromOperatingActivities": 4492600000, "capitalExpenditures": -4484600000, "investments": -114300000, "totalCashflowsFromInvestingActivities": -4475100000, "dividendsPaid": -243100000, "netBorrowings": 1517800000, "otherCashflowsFromFinancingActivities": -1286900000, "totalCashFromFinancingActivities": -12200000, "changeInCash": 5300000}, {"maxAge": 1, "endDate": "2017-03-31", "netIncome": 1495600000, "depreciation": 771500000, "changeToNetincome": 1423300000, "changeToAccountReceivables": 247200000, "changeToLiabilities": 1052900000, "changeToInventory": -648800000, "changeToOperatingActivities": -81400000, "totalCashFromOperatingActivities": 4180300000, "capitalExpenditures": -1999100000, "investments": -42500000, "totalCashflowsFromInvestingActivities": -1900500000, "dividendsPaid": -145900000, "netBorrowings": -876700000, "otherCashflowsFromFinancingActivities": -1471700000, "totalCashFromFinancingActivities": -2494300000, "changeInCash": -214500000}], "maxAge": 86400}, "institutionOwnership": {"maxAge": 1, "ownershipList": []}, "balanceSheetHistoryQuarterly": {"balanceSheetStatements": [{"maxAge": 1, "endDate": "2020-06-30", "totalStockholderEquity": 13022400000, "netTangibleAssets": 12961100000}, {"maxAge": 1, "endDate": "2020-03-31", "cash": 141600000, "netReceivables": 2637200000, "inventory": 7221200000, "otherCurrentAssets": 1572900000, "totalCurrentAssets": 11605500000, "longTermInvestments": 554600000, "propertyPlantEquipment": 25163400000, "intangibleAssets": 61300000, "otherAssets": 1245200000, "deferredLongTermAssetCharges": 870700000, "totalAssets": 38630000000, "accountsPayable": 5780300000, "shortLongTermDebt": 3735400000, "otherCurrentLiab": 728900000, "longTermDebt": 11085000000, "otherLiab": 332200000, "minorityInterest": -137400000, "totalCurrentLiabilities": 13965400000, "totalLiab": 25745000000, "commonStock": 243100000, "retainedEarnings": 10269600000, "treasuryStock": 123500000, "capitalSurplus": 2386200000, "otherStockholderEquity": 123500000, "totalStockholderEquity": 13022400000, "netTangibleAssets": 12961100000}, {"maxAge": 1, "endDate": "2019-12-31", "totalStockholderEquity": 12483400000, "netTangibleAssets": 12037200000}, {"maxAge": 1, "endDate": "2019-09-30", "cash": 247900000, "netReceivables": 2461400000, "inventory": 6865800000, "otherCurrentAssets": 1564000000, "totalCurrentAssets": 11139100000, "longTermInvestments": 521800000, "propertyPlantEquipment": 24508400000, "intangibleAssets": 446200000, "otherAssets": 988900000, "deferredLongTermAssetCharges": 565100000, "totalAssets": 37604400000, "accountsPayable": 6009900000, "otherCurrentLiab": 4117700000, "longTermDebt": 9818900000, "otherLiab": 718900000, "minorityInterest": -124700000, "totalCurrentLiabilities": 14707900000, "totalLiab": 25245700000, "commonStock": 243100000, "treasuryStock": 12240300000, "otherStockholderEquity": 12240300000, "totalStockholderEquity": 12483400000, "netTangibleAssets": 12037200000}], "maxAge": 86400}, "earningsHistory": {"history": [{"maxAge": 1, "epsActual": {}, "epsEstimate": {}, "epsDifference": {}, "surprisePercent": {}, "quarter": {}, "period": "-4q"}, {"maxAge": 1, "epsActual": {}, "epsEstimate": {}, "epsDifference": {}, "surprisePercent": {}, "quarter": {}, "period": "-3q"}, {"maxAge": 1, "epsActual": {}, "epsEstimate": {}, "epsDifference": {}, "surprisePercent": {}, "quarter": {}, "period": "-2q"}, {"maxAge": 1, "epsActual": {}, "epsEstimate": {}, "epsDifference": {}, "surprisePercent": {}, "quarter": {}, "period": "-1q"}], "maxAge": 86400}, "indexTrend": {"maxAge": 1, "symbol": "SP5", "peRatio": 19.7411, "pegRatio": 1.34172, "estimates": [{"period": "0q", "growth": 0.549}, {"period": "+1q", "growth": 0.431}, {"period": "0y", "growth": 0.305}, {"period": "+1y", "growth": 0.109}, {"period": "+5y", "growth": 0.120865}, {"period": "-5y"}]}, "industryTrend": {"maxAge": 1, "symbol": null, "estimates": []}, "insiderTransactions": {"transactions": [{"maxAge": 1, "shares": 340, "value": 818, "filerUrl": "", "transactionText": "Sale at price 2.41 per share.", "filerName": "Tahiliani (Tarun R)", "filerRelation": "Promoter", "moneyText": "", "startDate": "2020-06-29", "ownership": "D"}, {"maxAge": 1, "shares": 4203, "value": 10293, "filerUrl": "", "transactionText": "Sale at price 2.45 per share.", "filerName": "Tahiliani (Tarun R)", "filerRelation": "Promoter", "moneyText": "", "startDate": "2020-06-26", "ownership": "D"}, {"maxAge": 1, "shares": 267520, "filerUrl": "", "transactionText": "", "filerName": "Kumar (Sanjaya)", "filerRelation": "Promoter", "moneyText": "", "startDate": "2019-12-31", "ownership": "D"}, {"maxAge": 1, "shares": 267520, "filerUrl": "", "transactionText": "", "filerName": "Nand (Satya)", "filerRelation": "Promoter", "moneyText": "", "startDate": "2019-12-31", "ownership": "D"}, {"maxAge": 1, "shares": 316160, "filerUrl": "", "transactionText": "", "filerName": "Kumar (Sundip)", "filerRelation": "Promoter", "moneyText": "", "startDate": "2019-12-24", "ownership": "D"}, {"maxAge": 1, "shares": 316160, "filerUrl": "", "transactionText": "", "filerName": "Nand (Satya)", "filerRelation": "Promoter", "moneyText": "", "startDate": "2019-12-24", "ownership": "D"}, {"maxAge": 1, "shares": 21015, "filerUrl": "", "transactionText": "", "filerName": "Tahiliani (Tarun R)", "filerRelation": "Promoter", "moneyText": "", "startDate": "2019-11-22", "ownership": "D"}, {"maxAge": 1, "shares": 481082, "filerUrl": "", "transactionText": "", "filerName": "Labroo (Aneesha)", "filerRelation": "Promoter", "moneyText": "", "startDate": "2018-11-22", "ownership": "D"}, {"maxAge": 1, "shares": 350000, "filerUrl": "", "transactionText": "", "filerName": "Mahindra (Keshub)", "filerRelation": "Promoter", "moneyText": "", "startDate": "2018-11-22", "ownership": "D"}], "maxAge": 1}, "quoteType": {"exchange": "BSE", "quoteType": "EQUITY", "symbol": "ASAHIINDIA.BO", "underlyingSymbol": "ASAHIINDIA.BO", "shortName": "ASAHI INDIA GLASS LTD.", "longName": "Asahi India Glass Limited", "firstTradeDateEpochUtc": "2000-06-01 09:15:00", "timeZoneFullName": "Asia/Kolkata", "timeZoneShortName": "IST", "uuid": "2270327f-b3e7-384d-9593-58feca28f4ba", "messageBoardId": null, "gmtOffSetMilliseconds": 19800000, "maxAge": 1}, "incomeStatementHistory": {"incomeStatementHistory": [{"maxAge": 1, "endDate": "2020-03-31", "totalRevenue": 26432400000, "costOfRevenue": 9103700000, "grossProfit": 17328700000, "researchDevelopment": {}, "sellingGeneralAdministrative": 2706200000, "nonRecurring": {}, "otherOperatingExpenses": 10079700000, "totalOperatingExpenses": 23260200000, "operatingIncome": 3172200000, "totalOtherIncomeExpenseNet": -1465300000, "ebit": 3172200000, "interestExpense": -1414800000, "incomeBeforeTax": 1706900000, "incomeTaxExpense": 194500000, "minorityInterest": -137400000, "netIncomeFromContinuingOps": 1512400000, "discontinuedOperations": {}, "extraordinaryItems": {}, "effectOfAccountingCharges": {}, "otherItems": {}, "netIncome": 1537200000, "netIncomeApplicableToCommonShares": 1537200000}, {"maxAge": 1, "endDate": "2019-03-31", "totalRevenue": 29130400000, "costOfRevenue": 9965300000, "grossProfit": 19165100000, "researchDevelopment": {}, "sellingGeneralAdministrative": 2798100000, "nonRecurring": {}, "otherOperatingExpenses": 11126600000, "totalOperatingExpenses": 25075200000, "operatingIncome": 4055200000, "totalOtherIncomeExpenseNet": -1251300000, "ebit": 4055200000, "interestExpense": -1338200000, "incomeBeforeTax": 2803900000, "incomeTaxExpense": 921200000, "minorityInterest": -112700000, "netIncomeFromContinuingOps": 1882700000, "discontinuedOperations": {}, "extraordinaryItems": {}, "effectOfAccountingCharges": {}, "otherItems": {}, "netIncome": 1901800000, "netIncomeApplicableToCommonShares": 1901800000}, {"maxAge": 1, "endDate": "2018-03-31", "totalRevenue": 26425500000, "costOfRevenue": 10097300000, "grossProfit": 16328200000, "researchDevelopment": {}, "sellingGeneralAdministrative": 2721000000, "nonRecurring": {}, "otherOperatingExpenses": 8911400000, "totalOperatingExpenses": 22634800000, "operatingIncome": 3790700000, "totalOtherIncomeExpenseNet": -1104100000, "ebit": 3790700000, "interestExpense": -1203700000, "incomeBeforeTax": 2686600000, "incomeTaxExpense": 929900000, "minorityInterest": -93700000, "netIncomeFromContinuingOps": 1756700000, "discontinuedOperations": {}, "extraordinaryItems": {}, "effectOfAccountingCharges": {}, "otherItems": {}, "netIncome": 1773800000, "netIncomeApplicableToCommonShares": 1773800000}, {"maxAge": 1, "endDate": "2017-03-31", "totalRevenue": 23451400000, "costOfRevenue": 9135900000, "grossProfit": 14315500000, "researchDevelopment": {}, "sellingGeneralAdministrative": 2422300000, "nonRecurring": {}, "otherOperatingExpenses": 7739000000, "totalOperatingExpenses": 20046300000, "operatingIncome": 3405100000, "totalOtherIncomeExpenseNet": -1178300000, "ebit": 3405100000, "interestExpense": -1355300000, "incomeBeforeTax": 2226800000, "incomeTaxExpense": 729700000, "minorityInterest": -76600000, "netIncomeFromContinuingOps": 1497100000, "discontinuedOperations": {}, "extraordinaryItems": {}, "effectOfAccountingCharges": {}, "otherItems": {}, "netIncome": 1495600000, "netIncomeApplicableToCommonShares": 1495600000}], "maxAge": 86400}, "fundOwnership": {"maxAge": 1, "ownershipList": [{"maxAge": 1, "reportDate": "2020-07-31", "organization": "DFA Emerging Markets Small Cap Series", "pctHeld": 0.0019, "position": 456696, "value": 78369033}, {"maxAge": 1, "reportDate": "2020-07-31", "organization": "DFA Emerging Markets Core Equity Portfolio", "pctHeld": 0.0016, "position": 388763, "value": 66711730}, {"maxAge": 1, "reportDate": "2020-07-31", "organization": "DFA Investment Dimensions-Emerging Markets Social Core Equity", "pctHeld": 0.0001, "position": 26973, "value": 4628566}, {"maxAge": 1, "reportDate": "2020-07-31", "organization": "DFA Investment Dimensions-World Ex U.S. Core Equity Port", "pctHeld": 0.0001, "position": 16342, "value": 2804287}, {"maxAge": 1, "reportDate": "2020-07-31", "organization": "John Hancock Fds II-Emerging Markets Fund", "pctHeld": 0.0001, "position": 13159, "value": 2258084}]}, "summaryDetail": {"maxAge": 1, "priceHint": 2, "previousClose": 300.55, "open": 295.8, "dayLow": 290.0, "dayHigh": 298.5, "regularMarketPreviousClose": 300.55, "regularMarketOpen": 295.8, "regularMarketDayLow": 290.0, "regularMarketDayHigh": 298.5, "trailingPE": 143.90663, "forwardPE": 34.45294, "volume": 4302, "regularMarketVolume": 4302, "averageVolume": 10212, "averageVolume10days": 5472, "averageDailyVolume10Day": 5472, "bid": 293.5, "ask": 294.95, "bidSize": 0, "askSize": 0, "marketCap": 71188905984, "fiftyTwoWeekLow": 118.4, "fiftyTwoWeekHigh": 304.35, "fiftyDayAverage": 281.20572, "twoHundredDayAverage": 243.75694, "trailingAnnualDividendRate": 1.0, "trailingAnnualDividendYield": 0.0033272335, "currency": "INR", "fromCurrency": null, "toCurrency": null, "lastMarket": null, "algorithm": null, "tradeable": false}, "sectorTrend": {"maxAge": 1, "symbol": null, "estimates": []}, "incomeStatementHistoryQuarterly": {"incomeStatementHistory": [{"maxAge": 1, "endDate": "2020-06-30", "totalRevenue": 2292000000, "costOfRevenue": 1434900000, "grossProfit": 857100000, "researchDevelopment": {}, "sellingGeneralAdministrative": 565200000, "nonRecurring": {}, "otherOperatingExpenses": 592100000, "totalOperatingExpenses": 2892700000, "operatingIncome": -600700000, "totalOtherIncomeExpenseNet": -372200000, "ebit": -600700000, "interestExpense": -369300000, "incomeBeforeTax": -972900000, "incomeTaxExpense": -335800000, "minorityInterest": {}, "netIncomeFromContinuingOps": -637100000, "discontinuedOperations": {}, "extraordinaryItems": {}, "effectOfAccountingCharges": {}, "otherItems": {}, "netIncome": -627400000, "netIncomeApplicableToCommonShares": -627400000}, {"maxAge": 1, "endDate": "2020-03-31", "totalRevenue": 5882200000, "costOfRevenue": -802200000, "grossProfit": 6684400000, "researchDevelopment": {}, "sellingGeneralAdministrative": 682800000, "nonRecurring": {}, "otherOperatingExpenses": 5029000000, "totalOperatingExpenses": 5274200000, "operatingIncome": 608000000, "totalOtherIncomeExpenseNet": -403200000, "ebit": 608000000, "interestExpense": -303700000, "incomeBeforeTax": 204800000, "incomeTaxExpense": -313900000, "minorityInterest": -137400000, "netIncomeFromContinuingOps": 518700000, "discontinuedOperations": {}, "extraordinaryItems": {}, "effectOfAccountingCharges": {}, "otherItems": {}, "netIncome": 525200000, "netIncomeApplicableToCommonShares": 525200000}, {"maxAge": 1, "endDate": "2019-12-31", "totalRevenue": 6883200000, "costOfRevenue": 3378900000, "grossProfit": 3504300000, "researchDevelopment": {}, "sellingGeneralAdministrative": 683700000, "nonRecurring": {}, "otherOperatingExpenses": 1633300000, "totalOperatingExpenses": 6038500000, "operatingIncome": 844700000, "totalOtherIncomeExpenseNet": -376200000, "ebit": 844700000, "interestExpense": -368500000, "incomeBeforeTax": 468500000, "incomeTaxExpense": 153000000, "minorityInterest": -137400000, "netIncomeFromContinuingOps": 315500000, "discontinuedOperations": {}, "extraordinaryItems": {}, "effectOfAccountingCharges": {}, "otherItems": {}, "netIncome": 321700000, "netIncomeApplicableToCommonShares": 321700000}, {"maxAge": 1, "endDate": "2019-09-30", "totalRevenue": 6498800000, "costOfRevenue": 3061800000, "grossProfit": 3437000000, "researchDevelopment": {}, "sellingGeneralAdministrative": 633500000, "nonRecurring": {}, "otherOperatingExpenses": 1679300000, "totalOperatingExpenses": 5711500000, "operatingIncome": 787300000, "totalOtherIncomeExpenseNet": -348500000, "ebit": 787300000, "interestExpense": -378700000, "incomeBeforeTax": 438800000, "incomeTaxExpense": 154100000, "minorityInterest": -124700000, "netIncomeFromContinuingOps": 284700000, "discontinuedOperations": {}, "extraordinaryItems": {}, "effectOfAccountingCharges": {}, "otherItems": {}, "netIncome": 292400000, "netIncomeApplicableToCommonShares": 292400000}], "maxAge": 86400}, "cashflowStatementHistoryQuarterly": {"cashflowStatements": [{"maxAge": 1, "endDate": "2020-06-30", "netIncome": -627400000, "changeToLiabilities": 0}, {"maxAge": 1, "endDate": "2020-03-31", "netIncome": 525200000, "changeToLiabilities": 0}, {"maxAge": 1, "endDate": "2019-12-31", "netIncome": 321700000, "changeToLiabilities": 0}, {"maxAge": 1, "endDate": "2019-09-30", "netIncome": 292400000, "changeToLiabilities": 0}], "maxAge": 86400}, "insiderHolders": {"holders": [{"maxAge": 1, "name": "Kumar (Sanjaya)", "relation": "Promoter", "url": "", "transactionDescription": "Gift", "latestTransDate": "2019-12-31", "positionDirect": 0, "positionDirectDate": "2019-12-31"}, {"maxAge": 1, "name": "Kumar (Sundip)", "relation": "Promoter", "url": "", "transactionDescription": "Gift", "latestTransDate": "2019-12-24", "positionDirect": 0, "positionDirectDate": "2019-12-24"}, {"maxAge": 1, "name": "Labroo (Aneesha)", "relation": "Promoter", "url": "", "transactionDescription": "Gift", "latestTransDate": "2018-11-22", "positionDirect": 641086, "positionDirectDate": "2018-11-22"}, {"maxAge": 1, "name": "Mahindra (Keshub)", "relation": "Promoter", "url": "", "transactionDescription": "Gift", "latestTransDate": "2018-11-22", "positionDirect": 1241546, "positionDirectDate": "2018-11-22"}, {"maxAge": 1, "name": "Nand (Satya)", "relation": "Promoter", "url": "", "transactionDescription": "Gift", "latestTransDate": "2019-12-31", "positionDirect": 948480, "positionDirectDate": "2019-12-31"}, {"maxAge": 1, "name": "Tahiliani (Tarun R)", "relation": "Promoter", "url": "", "transactionDescription": "Sale", "latestTransDate": "2020-06-29", "positionDirect": 580905, "positionDirectDate": "2020-06-29"}], "maxAge": 1}, "earnings": {"maxAge": 86400, "earningsChart": {"quarterly": [], "earningsDate": []}, "financialsChart": {"yearly": [{"date": 2017, "revenue": 23451400000, "earnings": 1495600000}, {"date": 2018, "revenue": 26425500000, "earnings": 1773800000}, {"date": 2019, "revenue": 29130400000, "earnings": 1901800000}, {"date": 2020, "revenue": 26432400000, "earnings": 1537200000}], "quarterly": [{"date": "3Q2019", "revenue": 6498800000, "earnings": 292400000}, {"date": "4Q2019", "revenue": 6883200000, "earnings": 321700000}, {"date": "1Q2020", "revenue": 5882200000, "earnings": 525200000}, {"date": "2Q2020", "revenue": 2292000000, "earnings": -627400000}]}, "financialCurrency": "INR"}, "calendarEvents": {"maxAge": 1, "earnings": {"earningsDate": [], "revenueAverage": 25875000000, "revenueLow": 26326200000, "revenueHigh": 26326200000}}, "price": {"maxAge": 1, "regularMarketChangePercent": -0.025619637, "regularMarketChange": -7.6999817, "regularMarketTime": "2021-04-30 15:29:48", "priceHint": 2, "regularMarketPrice": 292.85, "regularMarketDayHigh": 298.5, "regularMarketDayLow": 290.0, "regularMarketVolume": 4302, "averageDailyVolume10Day": 5472, "averageDailyVolume3Month": 10212, "regularMarketPreviousClose": 300.55, "regularMarketSource": "FREE_REALTIME", "regularMarketOpen": 295.8, "exchange": "BSE", "exchangeName": "BSE", "exchangeDataDelayedBy": 0, "marketState": "CLOSED", "quoteType": "EQUITY", "symbol": "ASAHIINDIA.BO", "underlyingSymbol": null, "shortName": "ASAHI INDIA GLASS LTD.", "longName": "Asahi India Glass Limited", "currency": "INR", "quoteSourceName": "Delayed Quote", "currencySymbol": "\u20b9", "fromCurrency": null, "toCurrency": null, "lastMarket": null, "marketCap": 71188905984}, "balanceSheetHistory": {"balanceSheetStatements": [{"maxAge": 1, "endDate": "2020-03-31", "cash": 141600000, "netReceivables": 2637200000, "inventory": 7221200000, "otherCurrentAssets": 1572900000, "totalCurrentAssets": 11605500000, "longTermInvestments": 554600000, "propertyPlantEquipment": 25163400000, "intangibleAssets": 61300000, "otherAssets": 1245200000, "deferredLongTermAssetCharges": 870700000, "totalAssets": 38630000000, "accountsPayable": 5780300000, "shortLongTermDebt": 3735400000, "otherCurrentLiab": 728900000, "longTermDebt": 11085000000, "otherLiab": 332200000, "minorityInterest": -137400000, "totalCurrentLiabilities": 13965400000, "totalLiab": 25745000000, "commonStock": 243100000, "retainedEarnings": 10269600000, "treasuryStock": 123500000, "capitalSurplus": 2386200000, "otherStockholderEquity": 123500000, "totalStockholderEquity": 13022400000, "netTangibleAssets": 12961100000}, {"maxAge": 1, "endDate": "2019-03-31", "cash": 215900000, "netReceivables": 2712200000, "inventory": 6909900000, "otherCurrentAssets": 1358500000, "totalCurrentAssets": 11266000000, "longTermInvestments": 489900000, "propertyPlantEquipment": 23993900000, "intangibleAssets": 63700000, "otherAssets": 1081200000, "deferredLongTermAssetCharges": 723800000, "totalAssets": 36894700000, "accountsPayable": 6384000000, "shortLongTermDebt": 2185600000, "otherCurrentLiab": 761300000, "longTermDebt": 10983300000, "otherLiab": 305200000, "minorityInterest": -112700000, "totalCurrentLiabilities": 13552400000, "totalLiab": 24850400000, "commonStock": 243100000, "retainedEarnings": 9356200000, "treasuryStock": 171500000, "capitalSurplus": 2386200000, "otherStockholderEquity": 171500000, "totalStockholderEquity": 12157000000, "netTangibleAssets": 12093300000}, {"maxAge": 1, "endDate": "2018-03-31", "cash": 171300000, "netReceivables": 3254800000, "inventory": 6142500000, "otherCurrentAssets": 1232000000, "totalCurrentAssets": 10845700000, "longTermInvestments": 434000000, "propertyPlantEquipment": 20126300000, "intangibleAssets": 49400000, "otherAssets": 1358100000, "deferredLongTermAssetCharges": 1016600000, "totalAssets": 32813500000, "accountsPayable": 5865700000, "shortLongTermDebt": 1035900000, "otherCurrentLiab": 538100000, "longTermDebt": 9087400000, "otherLiab": 1148000000, "minorityInterest": -93700000, "totalCurrentLiabilities": 11894400000, "totalLiab": 22151500000, "commonStock": 243100000, "retainedEarnings": 7894000000, "treasuryStock": 232400000, "capitalSurplus": 2386200000, "otherStockholderEquity": 232400000, "totalStockholderEquity": 10755700000, "netTangibleAssets": 10706300000}, {"maxAge": 1, "endDate": "2017-03-31", "cash": 155700000, "netReceivables": 2450400000, "inventory": 5837500000, "otherCurrentAssets": 1087900000, "totalCurrentAssets": 9581100000, "longTermInvestments": 276300000, "propertyPlantEquipment": 16009400000, "intangibleAssets": 36700000, "otherAssets": 2400300000, "deferredLongTermAssetCharges": 1339700000, "totalAssets": 28303800000, "accountsPayable": 3727400000, "shortLongTermDebt": 1766500000, "otherCurrentLiab": 371900000, "longTermDebt": 7748200000, "otherLiab": 2055700000, "minorityInterest": -76600000, "totalCurrentLiabilities": 9276300000, "totalLiab": 19113200000, "commonStock": 243100000, "retainedEarnings": 6412800000, "treasuryStock": 225100000, "capitalSurplus": 2386200000, "otherStockholderEquity": 225100000, "totalStockholderEquity": 9267200000, "netTangibleAssets": 9230500000}], "maxAge": 86400}, "earningsTrend": {"trend": [{"maxAge": 1, "period": "0q", "endDate": "2018-06-30", "growth": {}, "earningsEstimate": {"avg": 0.0, "low": 0.0, "high": 0.0, "yearAgoEps": {}, "numberOfAnalysts": 0, "growth": {}}, "revenueEstimate": {"avg": 25875000000, "low": 26326200000, "high": 26326200000, "numberOfAnalysts": 1, "yearAgoRevenue": 25759600000, "growth": 0.004}, "epsTrend": {"current": 0.0, "7daysAgo": 2.08, "30daysAgo": 2.08, "60daysAgo": 2.08, "90daysAgo": 2.08}, "epsRevisions": {"upLast7days": 0, "upLast30days": 0, "downLast30days": 0, "downLast90days": {}}}, {"maxAge": 1, "period": "+1q", "endDate": "2018-09-30", "growth": {}, "earningsEstimate": {"avg": 0.0, "low": 0.0, "high": 0.0, "yearAgoEps": {}, "numberOfAnalysts": 0, "growth": {}}, "revenueEstimate": {"avg": 25875000000, "low": 26326200000, "high": 26326200000, "numberOfAnalysts": 1, "yearAgoRevenue": 25759600000, "growth": 0.004}, "epsTrend": {"current": 0.0, "7daysAgo": 0.0, "30daysAgo": 0.0, "60daysAgo": 0.0, "90daysAgo": 0.0}, "epsRevisions": {"upLast7days": 0, "upLast30days": 0, "downLast30days": 0, "downLast90days": {}}}, {"maxAge": 1, "period": "0y", "endDate": "2018-03-31", "growth": {}, "earningsEstimate": {"avg": 0.0, "low": 0.0, "high": 0.0, "yearAgoEps": {}, "numberOfAnalysts": 0, "growth": {}}, "revenueEstimate": {"avg": 25875000000, "low": 26326200000, "high": 26326200000, "numberOfAnalysts": 1, "yearAgoRevenue": 25759600000, "growth": 0.004}, "epsTrend": {"current": 0.0, "7daysAgo": 6.98, "30daysAgo": 6.98, "60daysAgo": 6.98, "90daysAgo": 6.98}, "epsRevisions": {"upLast7days": 0, "upLast30days": 0, "downLast30days": 0, "downLast90days": {}}}, {"maxAge": 1, "period": "+1y", "endDate": "2019-03-31", "growth": {}, "earningsEstimate": {"avg": 0.0, "low": 0.0, "high": 0.0, "yearAgoEps": {}, "numberOfAnalysts": 0, "growth": {}}, "revenueEstimate": {"avg": 30560000000, "low": 30560000000, "high": 30560000000, "numberOfAnalysts": 1, "yearAgoRevenue": 25875000000, "growth": 0.18100001}, "epsTrend": {"current": 0.0, "7daysAgo": 8.5, "30daysAgo": 8.5, "60daysAgo": 8.5, "90daysAgo": 8.5}, "epsRevisions": {"upLast7days": 0, "upLast30days": 0, "downLast30days": 0, "downLast90days": {}}}, {"maxAge": 1, "period": "+5y", "endDate": null, "growth": {}, "earningsEstimate": {"avg": {}, "low": {}, "high": {}, "yearAgoEps": {}, "numberOfAnalysts": {}, "growth": {}}, "revenueEstimate": {"avg": {}, "low": {}, "high": {}, "numberOfAnalysts": {}, "yearAgoRevenue": {}, "growth": {}}, "epsTrend": {"current": {}, "7daysAgo": {}, "30daysAgo": {}, "60daysAgo": {}, "90daysAgo": {}}, "epsRevisions": {"upLast7days": {}, "upLast30days": {}, "downLast30days": {}, "downLast90days": {}}}, {"maxAge": 1, "period": "-5y", "endDate": null, "growth": {}, "earningsEstimate": {"avg": {}, "low": {}, "high": {}, "yearAgoEps": {}, "numberOfAnalysts": {}, "growth": {}}, "revenueEstimate": {"avg": {}, "low": {}, "high": {}, "numberOfAnalysts": {}, "yearAgoRevenue": {}, "growth": {}}, "epsTrend": {"current": {}, "7daysAgo": {}, "30daysAgo": {}, "60daysAgo": {}, "90daysAgo": {}}, "epsRevisions": {"upLast7days": {}, "upLast30days": {}, "downLast30days": {}, "downLast90days": {}}}], "maxAge": 1}, "financialData": {"maxAge": 86400, "currentPrice": 292.85, "targetHighPrice": 351.0, "targetLowPrice": 351.0, "targetMeanPrice": 351.0, "targetMedianPrice": 351.0, "recommendationKey": "none", "numberOfAnalystOpinions": 1, "grossProfits": 17328700000, "financialCurrency": "INR"}}}