{"ASAL.NS": {"assetProfile": {"address1": "Gat No. 427", "address2": "Juna Chakan Medankarwadi", "city": "Pune", "zip": "410501", "country": "India", "phone": "91 21 3567 9801", "website": "http://www.autostampings.com", "industry": "Auto Parts", "sector": "Consumer Cyclical", "longBusinessSummary": "Automotive Stampings and Assemblies Limited manufactures and sells sheet metal stampings, welded assemblies, and modules for the automotive industry in India. It offers various skin parts of cars, including side panels, rear door panels, front door panels, front mudguards, panel front head lamps, bonnet outer parts, face sides for truck/bus, and cabin inner panels; and body in white components comprising main internal body in white parts, door inners, tie member fronts, rear quarter glasses, panel dash products, door inner panels, bonnet inners, panel inner rear doors, and panel B pillars. The company also provides under body members, which include assembly front floors, cross members, radiator support tops, and longitudinal rears; fuel tanks, such as top shells, shells, and braces for fuel tanks; chassis and suspension parts, including suspension tower rears and trailing arms; and wheel housings consisting of assembly fenders, panel wheel housings, and wheel arches. In addition, it offers oil sumps; and other products, including cover tail lamps, support consoles, reinforcement parts, and clutch covers for HCVs. The company was formerly known as JBM Tools Limited and changed its name to Automotive Stampings and Assemblies Limited in August 2003. The company was incorporated in 1990 and is based in Pune, India. Automotive Stampings and Assemblies Limited is a subsidiary of Tata AutoComp Systems Limited.", "companyOfficers": [{"maxAge": 1, "name": "Mr. Jitendraa  Dikkshit", "age": 55, "title": "Chief Exec. Officer", "yearBorn": 1965, "fiscalYear": 2020, "totalPay": 2917000, "exercisedValue": 0, "unexercisedValue": 0}, {"maxAge": 1, "name": "Mr. Yogesh  Jaju", "title": "CFO & Chief Relations Officer", "fiscalYear": 2020, "totalPay": 1690000, "exercisedValue": 0, "unexercisedValue": 0}, {"maxAge": 1, "name": "Mr. Prasad D. Zinjurde", "age": 33, "title": "Compliance Officer & Company Sec.", "yearBorn": 1987, "exercisedValue": 0, "unexercisedValue": 0}], "compensationAsOfEpochDate": "2020-12-31 05:30:00", "maxAge": 86400}, "recommendationTrend": {"trend": [{"period": "0m", "strongBuy": 0, "buy": 0, "hold": 0, "sell": 0, "strongSell": 0}, {"period": "-1m", "strongBuy": 0, "buy": 0, "hold": 0, "sell": 0, "strongSell": 0}, {"period": "-2m", "strongBuy": 0, "buy": 0, "hold": 0, "sell": 0, "strongSell": 0}, {"period": "-3m", "strongBuy": 0, "buy": 0, "hold": 0, "sell": 0, "strongSell": 0}], "maxAge": 86400}, "cashflowStatementHistory": {"cashflowStatements": [{"maxAge": 1, "endDate": "2021-03-31", "netIncome": -296989000, "depreciation": 114642000, "changeToNetincome": 190460000, "changeToAccountReceivables": 5201000, "changeToLiabilities": 65730000, "changeToInventory": -53879000, "changeToOperatingActivities": 17113000, "totalCashFromOperatingActivities": 42278000, "capitalExpenditures": -12102000, "otherCashflowsFromInvestingActivities": 1420000, "totalCashflowsFromInvestingActivities": 28830000, "netBorrowings": 111450000, "otherCashflowsFromFinancingActivities": -186397000, "totalCashFromFinancingActivities": -74947000, "changeInCash": -3839000}, {"maxAge": 1, "endDate": "2020-03-31", "netIncome": -170137000, "depreciation": 112522000, "changeToNetincome": -39564000, "changeToAccountReceivables": 330258000, "changeToLiabilities": -205888000, "changeToInventory": 212750000, "changeToOperatingActivities": -159698000, "totalCashFromOperatingActivities": 80837000, "capitalExpenditures": -58746000, "otherCashflowsFromInvestingActivities": -1123000, "totalCashflowsFromInvestingActivities": 111018000, "dividendsPaid": -77000, "netBorrowings": -17453000, "otherCashflowsFromFinancingActivities": -176002000, "totalCashFromFinancingActivities": -193532000, "changeInCash": -1677000}, {"maxAge": 1, "endDate": "2019-03-31", "netIncome": -126275000, "depreciation": 97125000, "changeToNetincome": 162615000, "changeToAccountReceivables": -331691000, "changeToLiabilities": 178636000, "changeToInventory": -238971000, "changeToOperatingActivities": 43482000, "totalCashFromOperatingActivities": -214638000, "capitalExpenditures": -150076000, "otherCashflowsFromInvestingActivities": 102000, "totalCashflowsFromInvestingActivities": -58409000, "dividendsPaid": -77000, "netBorrowings": 429314000, "otherCashflowsFromFinancingActivities": -152705000, "totalCashFromFinancingActivities": 276609000, "changeInCash": 3562000}, {"maxAge": 1, "endDate": "2018-03-31", "netIncome": -465608000, "depreciation": 99893000, "changeToNetincome": 108068000, "changeToAccountReceivables": 187804000, "changeToLiabilities": 90152000, "changeToInventory": -43077000, "changeToOperatingActivities": 63161000, "totalCashFromOperatingActivities": 40837000, "capitalExpenditures": -28228000, "otherCashflowsFromInvestingActivities": 225000, "totalCashflowsFromInvestingActivities": -27512000, "dividendsPaid": -77000, "netBorrowings": 99799000, "otherCashflowsFromFinancingActivities": -111092000, "totalCashFromFinancingActivities": -11293000, "changeInCash": 2032000}], "maxAge": 86400}, "indexTrend": {"maxAge": 1, "symbol": "SP5", "peRatio": 19.7411, "pegRatio": 1.34172, "estimates": [{"period": "0q", "growth": 0.549}, {"period": "+1q", "growth": 0.431}, {"period": "0y", "growth": 0.305}, {"period": "+1y", "growth": 0.109}, {"period": "+5y", "growth": 0.120865}, {"period": "-5y"}]}, "defaultKeyStatistics": {"maxAge": 1, "priceHint": 2, "enterpriseValue": 2049579008, "profitMargins": -0.08756, "floatShares": 3127473, "sharesOutstanding": 15864400, "heldPercentInsiders": 0.75187, "heldPercentInstitutions": 0.0, "category": null, "bookValue": -57.874, "fundFamily": null, "legalType": null, "lastFiscalYearEnd": "2021-03-31 05:30:00", "nextFiscalYearEnd": "2023-03-31 05:30:00", "mostRecentQuarter": "2021-03-31 05:30:00", "netIncomeToCommon": -296988992, "trailingEps": -18.72, "lastSplitFactor": null, "enterpriseToRevenue": 0.604, "enterpriseToEbitda": 3491.617, "52WeekChange": 1.0031447, "SandP52WeekChange": 0.48148263, "lastDividendValue": 1.5, "lastDividendDate": 1342051200}, "industryTrend": {"maxAge": 1, "symbol": null, "estimates": []}, "quoteType": {"exchange": "NSI", "quoteType": "EQUITY", "symbol": "ASAL.NS", "underlyingSymbol": "ASAL.NS", "shortName": "AUTOMOTIVE STAMPIN", "longName": "Automotive Stampings and Assemblies Limited", "firstTradeDateEpochUtc": "2002-07-01 09:15:00", "timeZoneFullName": "Asia/Kolkata", "timeZoneShortName": "IST", "uuid": "24bd9494-b277-34d0-8d97-30b6ce674bb3", "messageBoardId": "finmb_20725667", "gmtOffSetMilliseconds": 19800000, "maxAge": 1}, "incomeStatementHistory": {"incomeStatementHistory": [{"maxAge": 1, "endDate": "2021-03-31", "totalRevenue": 3391822000, "costOfRevenue": 2579703000, "grossProfit": 812119000, "researchDevelopment": {}, "sellingGeneralAdministrative": 292012000, "nonRecurring": {}, "otherOperatingExpenses": 519520000, "totalOperatingExpenses": 3505877000, "operatingIncome": -114055000, "totalOtherIncomeExpenseNet": -182934000, "ebit": -114055000, "interestExpense": -182934000, "incomeBeforeTax": -296989000, "incomeTaxExpense": 0, "minorityInterest": {}, "netIncomeFromContinuingOps": -296989000, "discontinuedOperations": {}, "extraordinaryItems": {}, "effectOfAccountingCharges": {}, "otherItems": {}, "netIncome": -296989000, "netIncomeApplicableToCommonShares": -296989000}, {"maxAge": 1, "endDate": "2020-03-31", "totalRevenue": 3624030000, "costOfRevenue": 2838593000, "grossProfit": 785437000, "researchDevelopment": {}, "sellingGeneralAdministrative": 359602000, "nonRecurring": {}, "otherOperatingExpenses": 521200000, "totalOperatingExpenses": 3832511000, "operatingIncome": -208481000, "totalOtherIncomeExpenseNet": 39544000, "ebit": -208481000, "interestExpense": -174827000, "incomeBeforeTax": -168937000, "incomeTaxExpense": 1200000, "minorityInterest": {}, "netIncomeFromContinuingOps": -170137000, "discontinuedOperations": {}, "extraordinaryItems": {}, "effectOfAccountingCharges": {}, "otherItems": {}, "netIncome": -170137000, "netIncomeApplicableToCommonShares": -170137000}, {"maxAge": 1, "endDate": "2019-03-31", "totalRevenue": 4816724000, "costOfRevenue": 3711202000, "grossProfit": 1105522000, "researchDevelopment": {}, "sellingGeneralAdministrative": 375308000, "nonRecurring": {}, "otherOperatingExpenses": 614137000, "totalOperatingExpenses": 4797905000, "operatingIncome": 18819000, "totalOtherIncomeExpenseNet": -145094000, "ebit": 18819000, "interestExpense": -165005000, "incomeBeforeTax": -126275000, "incomeTaxExpense": 0, "minorityInterest": {}, "netIncomeFromContinuingOps": -126275000, "discontinuedOperations": {}, "extraordinaryItems": {}, "effectOfAccountingCharges": {}, "otherItems": {}, "netIncome": -126275000, "netIncomeApplicableToCommonShares": -126275000}, {"maxAge": 1, "endDate": "2018-03-31", "totalRevenue": 3307977000, "costOfRevenue": 2671303000, "grossProfit": 636674000, "researchDevelopment": {}, "sellingGeneralAdministrative": 353325000, "nonRecurring": {}, "otherOperatingExpenses": 533627000, "totalOperatingExpenses": 3658283000, "operatingIncome": -350306000, "totalOtherIncomeExpenseNet": -115302000, "ebit": -350306000, "interestExpense": -114784000, "incomeBeforeTax": -465608000, "incomeTaxExpense": 0, "minorityInterest": {}, "netIncomeFromContinuingOps": -465608000, "discontinuedOperations": {}, "extraordinaryItems": {}, "effectOfAccountingCharges": {}, "otherItems": {}, "netIncome": -465608000, "netIncomeApplicableToCommonShares": -465608000}], "maxAge": 86400}, "fundOwnership": {"maxAge": 1, "ownershipList": []}, "summaryDetail": {"maxAge": 1, "priceHint": 2, "previousClose": 32.6, "open": 32.8, "dayLow": 31.45, "dayHigh": 32.8, "regularMarketPreviousClose": 32.6, "regularMarketOpen": 32.8, "regularMarketDayLow": 31.45, "regularMarketDayHigh": 32.8, "exDividendDate": "2012-07-12 05:30:00", "payoutRatio": 0.0, "volume": 9671, "regularMarketVolume": 9671, "averageVolume": 8065, "averageVolume10days": 9124, "averageDailyVolume10Day": 9124, "bid": 0.0, "ask": 0.0, "bidSize": 0, "askSize": 0, "marketCap": 502956096, "fiftyTwoWeekLow": 13.55, "fiftyTwoWeekHigh": 48.65, "priceToSalesTrailing12Months": 0.14828493, "fiftyDayAverage": 33.663635, "twoHundredDayAverage": 30.851065, "currency": "INR", "fromCurrency": null, "toCurrency": null, "lastMarket": null, "algorithm": null, "tradeable": false}, "insiderHolders": {"holders": [{"maxAge": 1, "name": "Gestamp Services SL", "relation": "Institution- Corporation", "url": "", "transactionDescription": "Sale", "latestTransDate": "2010-12-10", "positionDirect": 0, "positionDirectDate": "2010-12-10"}, {"maxAge": 1, "name": "Lotus Global Investments Ltd", "relation": "UNREPORTED", "url": "", "transactionDescription": "Sale", "latestTransDate": "2010-10-21", "positionDirect": 418693, "positionDirectDate": "2010-10-21"}, {"maxAge": 1, "name": "Tata Autocomp Systems, Ltd.", "relation": "Institution- Corporation", "url": "", "transactionDescription": "Acquisition", "latestTransDate": "2010-12-10", "positionDirect": 7648906, "positionDirectDate": "2010-12-10"}], "maxAge": 1}, "calendarEvents": {"maxAge": 1, "earnings": {"earningsDate": ["2021-01-28 05:30:S"]}, "exDividendDate": "2012-07-12 05:30:00"}, "price": {"maxAge": 1, "regularMarketChangePercent": -0.023006076, "regularMarketChange": -0.7499981, "regularMarketTime": "2021-04-30 15:27:58", "priceHint": 2, "regularMarketPrice": 31.85, "regularMarketDayHigh": 32.8, "regularMarketDayLow": 31.45, "regularMarketVolume": 9671, "averageDailyVolume10Day": 9124, "averageDailyVolume3Month": 8065, "regularMarketPreviousClose": 32.6, "regularMarketSource": "FREE_REALTIME", "regularMarketOpen": 32.8, "exchange": "NSI", "exchangeName": "NSE", "exchangeDataDelayedBy": 15, "marketState": "CLOSED", "quoteType": "EQUITY", "symbol": "ASAL.NS", "underlyingSymbol": null, "shortName": "AUTOMOTIVE STAMPIN", "longName": "Automotive Stampings and Assemblies Limited", "currency": "INR", "quoteSourceName": "Delayed Quote", "currencySymbol": "\u20b9", "fromCurrency": null, "toCurrency": null, "lastMarket": null, "marketCap": 502956096}, "balanceSheetHistory": {"balanceSheetStatements": [{"maxAge": 1, "endDate": "2021-03-31", "cash": 355000, "shortTermInvestments": 3113000, "netReceivables": 311547000, "inventory": 367597000, "otherCurrentAssets": 160825000, "totalCurrentAssets": 843437000, "longTermInvestments": 2050000, "propertyPlantEquipment": 841856000, "intangibleAssets": 3067000, "otherAssets": 57898000, "totalAssets": 1748308000, "accountsPayable": 769716000, "otherCurrentLiab": 261965000, "longTermDebt": 360781000, "otherLiab": 50545000, "totalCurrentLiabilities": 2224189000, "totalLiab": 2635515000, "commonStock": 158644000, "treasuryStock": -1045851000, "otherStockholderEquity": -1045851000, "totalStockholderEquity": -887207000, "netTangibleAssets": -890274000}, {"maxAge": 1, "endDate": "2020-03-31", "cash": 4098000, "netReceivables": 359386000, "inventory": 313718000, "otherCurrentAssets": 72772000, "totalCurrentAssets": 756976000, "propertyPlantEquipment": 1024650000, "intangibleAssets": 4375000, "otherAssets": 67142000, "totalAssets": 1853143000, "accountsPayable": 703986000, "shortLongTermDebt": 20487000, "otherCurrentLiab": 140547000, "longTermDebt": 265000000, "otherLiab": 41643000, "totalCurrentLiabilities": 2123921000, "totalLiab": 2441476000, "commonStock": 158644000, "retainedEarnings": -1200702000, "treasuryStock": 30000000, "capitalSurplus": 423725000, "otherStockholderEquity": 30000000, "totalStockholderEquity": -588333000, "netTangibleAssets": -592708000}, {"maxAge": 1, "endDate": "2019-03-31", "cash": 5775000, "netReceivables": 653302000, "inventory": 526468000, "otherCurrentAssets": 96742000, "totalCurrentAssets": 1290071000, "propertyPlantEquipment": 1082201000, "intangibleAssets": 519000, "otherAssets": 58035000, "totalAssets": 2430826000, "accountsPayable": 909874000, "shortLongTermDebt": 103128000, "otherCurrentLiab": 338110000, "longTermDebt": 277500000, "otherLiab": 36869000, "totalCurrentLiabilities": 2531964000, "totalLiab": 2846333000, "commonStock": 158644000, "retainedEarnings": -1027876000, "treasuryStock": 30000000, "capitalSurplus": 423725000, "otherStockholderEquity": 30000000, "totalStockholderEquity": -415507000, "netTangibleAssets": -416026000}, {"maxAge": 1, "endDate": "2018-03-31", "cash": 2213000, "netReceivables": 315315000, "inventory": 287497000, "otherCurrentAssets": 67130000, "totalCurrentAssets": 678768000, "propertyPlantEquipment": 1041323000, "intangibleAssets": 960000, "otherAssets": 48674000, "totalAssets": 1769725000, "accountsPayable": 731238000, "shortLongTermDebt": 135000000, "otherCurrentLiab": 183249000, "longTermDebt": 380628000, "otherLiab": 42217000, "totalCurrentLiabilities": 1635984000, "totalLiab": 2058829000, "commonStock": 158644000, "retainedEarnings": -901473000, "treasuryStock": 30000000, "capitalSurplus": 423725000, "otherStockholderEquity": 30000000, "totalStockholderEquity": -289104000, "netTangibleAssets": -290064000}], "maxAge": 86400}, "earningsTrend": {"trend": [{"maxAge": 1, "period": "0q", "endDate": null, "growth": {}, "earningsEstimate": {"avg": 0.0, "low": 0.0, "high": 0.0, "yearAgoEps": {}, "numberOfAnalysts": 0, "growth": {}}, "revenueEstimate": {"avg": 0, "low": 0, "high": 0, "numberOfAnalysts": 0, "yearAgoRevenue": {}, "growth": {}}, "epsTrend": {"current": 0.0, "7daysAgo": 0.0, "30daysAgo": 0.0, "60daysAgo": 0.0, "90daysAgo": 0.0}, "epsRevisions": {"upLast7days": 0, "upLast30days": 0, "downLast30days": 0, "downLast90days": {}}}, {"maxAge": 1, "period": "+1q", "endDate": null, "growth": {}, "earningsEstimate": {"avg": 0.0, "low": 0.0, "high": 0.0, "yearAgoEps": {}, "numberOfAnalysts": 0, "growth": {}}, "revenueEstimate": {"avg": 0, "low": 0, "high": 0, "numberOfAnalysts": 0, "yearAgoRevenue": {}, "growth": {}}, "epsTrend": {"current": 0.0, "7daysAgo": 0.0, "30daysAgo": 0.0, "60daysAgo": 0.0, "90daysAgo": 0.0}, "epsRevisions": {"upLast7days": 0, "upLast30days": 0, "downLast30days": 0, "downLast90days": {}}}, {"maxAge": 1, "period": "0y", "endDate": null, "growth": {}, "earningsEstimate": {"avg": 0.0, "low": 0.0, "high": 0.0, "yearAgoEps": {}, "numberOfAnalysts": 0, "growth": {}}, "revenueEstimate": {"avg": 0, "low": 0, "high": 0, "numberOfAnalysts": 0, "yearAgoRevenue": {}, "growth": {}}, "epsTrend": {"current": 0.0, "7daysAgo": 0.0, "30daysAgo": 0.0, "60daysAgo": 0.0, "90daysAgo": 0.0}, "epsRevisions": {"upLast7days": 0, "upLast30days": 0, "downLast30days": 0, "downLast90days": {}}}, {"maxAge": 1, "period": "+1y", "endDate": null, "growth": {}, "earningsEstimate": {"avg": 0.0, "low": 0.0, "high": 0.0, "yearAgoEps": {}, "numberOfAnalysts": 0, "growth": {}}, "revenueEstimate": {"avg": 0, "low": 0, "high": 0, "numberOfAnalysts": 0, "yearAgoRevenue": {}, "growth": {}}, "epsTrend": {"current": 0.0, "7daysAgo": 0.0, "30daysAgo": 0.0, "60daysAgo": 0.0, "90daysAgo": 0.0}, "epsRevisions": {"upLast7days": 0, "upLast30days": 0, "downLast30days": 0, "downLast90days": {}}}, {"maxAge": 1, "period": "+5y", "endDate": null, "growth": {}, "earningsEstimate": {"avg": {}, "low": {}, "high": {}, "yearAgoEps": {}, "numberOfAnalysts": {}, "growth": {}}, "revenueEstimate": {"avg": {}, "low": {}, "high": {}, "numberOfAnalysts": {}, "yearAgoRevenue": {}, "growth": {}}, "epsTrend": {"current": {}, "7daysAgo": {}, "30daysAgo": {}, "60daysAgo": {}, "90daysAgo": {}}, "epsRevisions": {"upLast7days": {}, "upLast30days": {}, "downLast30days": {}, "downLast90days": {}}}, {"maxAge": 1, "period": "-5y", "endDate": null, "growth": {}, "earningsEstimate": {"avg": {}, "low": {}, "high": {}, "yearAgoEps": {}, "numberOfAnalysts": {}, "growth": {}}, "revenueEstimate": {"avg": {}, "low": {}, "high": {}, "numberOfAnalysts": {}, "yearAgoRevenue": {}, "growth": {}}, "epsTrend": {"current": {}, "7daysAgo": {}, "30daysAgo": {}, "60daysAgo": {}, "90daysAgo": {}}, "epsRevisions": {"upLast7days": {}, "upLast30days": {}, "downLast30days": {}, "downLast90days": {}}}], "maxAge": 1}, "institutionOwnership": {"maxAge": 1, "ownershipList": []}, "majorHoldersBreakdown": {"maxAge": 1, "insidersPercentHeld": 0.75187, "institutionsPercentHeld": 0.0, "institutionsFloatPercentHeld": 0.0, "institutionsCount": 0}, "balanceSheetHistoryQuarterly": {"balanceSheetStatements": [{"maxAge": 1, "endDate": "2021-03-31", "cash": 355000, "shortTermInvestments": 3113000, "netReceivables": 311547000, "inventory": 367597000, "otherCurrentAssets": 160825000, "totalCurrentAssets": 843437000, "longTermInvestments": 2050000, "propertyPlantEquipment": 841856000, "intangibleAssets": 3067000, "otherAssets": 57898000, "totalAssets": 1748308000, "accountsPayable": 769716000, "otherCurrentLiab": 261965000, "longTermDebt": 360781000, "otherLiab": 50545000, "totalCurrentLiabilities": 2224189000, "totalLiab": 2635515000, "commonStock": 158644000, "treasuryStock": -1045851000, "otherStockholderEquity": -1045851000, "totalStockholderEquity": -887207000, "netTangibleAssets": -890274000}, {"maxAge": 1, "endDate": "2020-12-31", "totalStockholderEquity": -845120000, "netTangibleAssets": -848845000}, {"maxAge": 1, "endDate": "2020-09-30", "cash": 2016000, "shortTermInvestments": 20998000, "netReceivables": 692579000, "inventory": 310060000, "otherCurrentAssets": 75216000, "totalCurrentAssets": 1100869000, "longTermInvestments": 2050000, "propertyPlantEquipment": 969656000, "intangibleAssets": 3725000, "otherAssets": 49350000, "totalAssets": 2125650000, "accountsPayable": 691445000, "otherCurrentLiab": 252900000, "longTermDebt": 295006000, "otherLiab": 47897000, "totalCurrentLiabilities": 2622724000, "totalLiab": 2970770000, "commonStock": 158644000, "treasuryStock": -1003764000, "otherStockholderEquity": -1003764000, "totalStockholderEquity": -845120000, "netTangibleAssets": -848845000}, {"maxAge": 1, "endDate": "2020-06-30", "totalStockholderEquity": -588333000, "netTangibleAssets": -592708000}], "maxAge": 86400}, "earningsHistory": {"history": [{"maxAge": 1, "epsActual": {}, "epsEstimate": {}, "epsDifference": {}, "surprisePercent": {}, "quarter": {}, "period": "-4q"}, {"maxAge": 1, "epsActual": {}, "epsEstimate": {}, "epsDifference": {}, "surprisePercent": {}, "quarter": {}, "period": "-3q"}, {"maxAge": 1, "epsActual": {}, "epsEstimate": {}, "epsDifference": {}, "surprisePercent": {}, "quarter": {}, "period": "-2q"}, {"maxAge": 1, "epsActual": {}, "epsEstimate": {}, "epsDifference": {}, "surprisePercent": {}, "quarter": {}, "period": "-1q"}], "maxAge": 86400}, "summaryProfile": {"address1": "Gat No. 427", "address2": "Juna Chakan Medankarwadi", "city": "Pune", "zip": "410501", "country": "India", "phone": "91 21 3567 9801", "website": "http://www.autostampings.com", "industry": "Auto Parts", "sector": "Consumer Cyclical", "longBusinessSummary": "Automotive Stampings and Assemblies Limited manufactures and sells sheet metal stampings, welded assemblies, and modules for the automotive industry in India. It offers various skin parts of cars, including side panels, rear door panels, front door panels, front mudguards, panel front head lamps, bonnet outer parts, face sides for truck/bus, and cabin inner panels; and body in white components comprising main internal body in white parts, door inners, tie member fronts, rear quarter glasses, panel dash products, door inner panels, bonnet inners, panel inner rear doors, and panel B pillars. The company also provides under body members, which include assembly front floors, cross members, radiator support tops, and longitudinal rears; fuel tanks, such as top shells, shells, and braces for fuel tanks; chassis and suspension parts, including suspension tower rears and trailing arms; and wheel housings consisting of assembly fenders, panel wheel housings, and wheel arches. In addition, it offers oil sumps; and other products, including cover tail lamps, support consoles, reinforcement parts, and clutch covers for HCVs. The company was formerly known as JBM Tools Limited and changed its name to Automotive Stampings and Assemblies Limited in August 2003. The company was incorporated in 1990 and is based in Pune, India. Automotive Stampings and Assemblies Limited is a subsidiary of Tata AutoComp Systems Limited.", "companyOfficers": [], "maxAge": 86400}, "netSharePurchaseActivity": {"maxAge": 1, "period": "6m", "buyInfoCount": 0, "buyInfoShares": 0, "sellInfoCount": 0, "netInfoCount": 0, "netInfoShares": 0, "netPercentInsiderShares": 0.0, "totalInsiderShares": 11526167}, "insiderTransactions": {"transactions": [{"maxAge": 1, "shares": 3824453, "filerUrl": "", "transactionText": "", "filerName": "Gestamp Services SL", "filerRelation": "Institution- Corporation", "moneyText": "", "startDate": "2010-12-10", "ownership": "D"}, {"maxAge": 1, "shares": 3824453, "filerUrl": "", "transactionText": "", "filerName": "Tata Autocomp Systems, Ltd.", "filerRelation": "Institution- Corporation", "moneyText": "", "startDate": "2010-12-10", "ownership": "D"}, {"maxAge": 1, "shares": 205471, "filerUrl": "", "transactionText": "", "filerName": "Lotus Global Investments Ltd", "filerRelation": "UNREPORTED", "moneyText": "", "startDate": "2010-10-21", "ownership": "D"}, {"maxAge": 1, "shares": 624164, "filerUrl": "", "transactionText": "", "filerName": "Lotus Global Investments Ltd", "filerRelation": "UNREPORTED", "moneyText": "", "startDate": "2010-02-15", "ownership": "D"}], "maxAge": 1}, "sectorTrend": {"maxAge": 1, "symbol": null, "estimates": []}, "incomeStatementHistoryQuarterly": {"incomeStatementHistory": [{"maxAge": 1, "endDate": "2021-03-31", "totalRevenue": 1346301000, "costOfRevenue": 1015852000, "grossProfit": 330449000, "researchDevelopment": {}, "sellingGeneralAdministrative": 67074000, "nonRecurring": {}, "otherOperatingExpenses": 186099000, "totalOperatingExpenses": 1299067000, "operatingIncome": 47234000, "totalOtherIncomeExpenseNet": -48977000, "ebit": 47234000, "interestExpense": -48977000, "incomeBeforeTax": -1743000, "incomeTaxExpense": -210000, "minorityInterest": {}, "netIncomeFromContinuingOps": -1533000, "discontinuedOperations": {}, "extraordinaryItems": {}, "effectOfAccountingCharges": {}, "otherItems": {}, "netIncome": -1533000, "netIncomeApplicableToCommonShares": -1533000}, {"maxAge": 1, "endDate": "2020-12-31", "totalRevenue": 1118859000, "costOfRevenue": 842573000, "grossProfit": 276286000, "researchDevelopment": {}, "sellingGeneralAdministrative": 74964000, "nonRecurring": {}, "otherOperatingExpenses": 165612000, "totalOperatingExpenses": 1111366000, "operatingIncome": 7493000, "totalOtherIncomeExpenseNet": -46566000, "ebit": 7493000, "interestExpense": -46662000, "incomeBeforeTax": -39073000, "incomeTaxExpense": 0, "minorityInterest": {}, "netIncomeFromContinuingOps": -39073000, "discontinuedOperations": {}, "extraordinaryItems": {}, "effectOfAccountingCharges": {}, "otherItems": {}, "netIncome": -39073000, "netIncomeApplicableToCommonShares": -39073000}, {"maxAge": 1, "endDate": "2020-09-30", "totalRevenue": 771876000, "costOfRevenue": 595496000, "grossProfit": 176380000, "researchDevelopment": {}, "sellingGeneralAdministrative": 75887000, "nonRecurring": {}, "otherOperatingExpenses": 116933000, "totalOperatingExpenses": 816519000, "operatingIncome": -44643000, "totalOtherIncomeExpenseNet": -45097000, "ebit": -44643000, "interestExpense": -45097000, "incomeBeforeTax": -89740000, "incomeTaxExpense": 0, "minorityInterest": {}, "netIncomeFromContinuingOps": -89740000, "discontinuedOperations": {}, "extraordinaryItems": {}, "effectOfAccountingCharges": {}, "otherItems": {}, "netIncome": -89740000, "netIncomeApplicableToCommonShares": -89740000}, {"maxAge": 1, "endDate": "2020-06-30", "totalRevenue": 154576000, "costOfRevenue": 125782000, "grossProfit": 28794000, "researchDevelopment": {}, "sellingGeneralAdministrative": 74087000, "nonRecurring": {}, "otherOperatingExpenses": 50876000, "totalOperatingExpenses": 278925000, "operatingIncome": -124349000, "totalOtherIncomeExpenseNet": -42084000, "ebit": -124349000, "interestExpense": -42198000, "incomeBeforeTax": -166433000, "incomeTaxExpense": 210000, "minorityInterest": {}, "netIncomeFromContinuingOps": -166643000, "discontinuedOperations": {}, "extraordinaryItems": {}, "effectOfAccountingCharges": {}, "otherItems": {}, "netIncome": -166643000, "netIncomeApplicableToCommonShares": -166643000}], "maxAge": 86400}, "cashflowStatementHistoryQuarterly": {"cashflowStatements": [{"maxAge": 1, "endDate": "2021-03-31", "netIncome": -1533000, "changeToLiabilities": 0}, {"maxAge": 1, "endDate": "2020-12-31", "netIncome": -39073000, "changeToLiabilities": 0}, {"maxAge": 1, "endDate": "2020-09-30", "netIncome": -89740000, "changeToLiabilities": 0}, {"maxAge": 1, "endDate": "2020-06-30", "netIncome": -166643000, "changeToLiabilities": 0}], "maxAge": 86400}, "earnings": {"maxAge": 86400, "earningsChart": {"quarterly": [], "earningsDate": ["2021-01-28 05:30:S"]}, "financialsChart": {"yearly": [{"date": 2018, "revenue": 3307977000, "earnings": -465608000}, {"date": 2019, "revenue": 4816724000, "earnings": -126275000}, {"date": 2020, "revenue": 3624030000, "earnings": -170137000}, {"date": 2021, "revenue": 3391822000, "earnings": -296989000}], "quarterly": [{"date": "2Q2020", "revenue": 154576000, "earnings": -166643000}, {"date": "3Q2020", "revenue": 771876000, "earnings": -89740000}, {"date": "4Q2020", "revenue": 1118859000, "earnings": -39073000}, {"date": "1Q2021", "revenue": 1346301000, "earnings": -1533000}]}, "financialCurrency": "INR"}, "financialData": {"maxAge": 86400, "currentPrice": 31.85, "recommendationKey": "none", "totalCash": 3468000, "totalCashPerShare": 0.226, "ebitda": 587000, "totalDebt": 1553288960, "quickRatio": 0.142, "currentRatio": 0.379, "totalRevenue": 3391822080, "revenuePerShare": 213.795, "returnOnAssets": -0.03959, "grossProfits": 812119000, "freeCashflow": -64763124, "operatingCashflow": 42278000, "revenueGrowth": 0.899, "grossMargins": 0.23943001, "ebitdaMargins": 0.00017000001, "operatingMargins": -0.03363, "profitMargins": -0.08756, "financialCurrency": "INR"}}}