{"ASALCBR.BO": {"recommendationTrend": {"trend": [{"period": "0m", "strongBuy": 0, "buy": 0, "hold": 0, "sell": 0, "strongSell": 0}, {"period": "-1m", "strongBuy": 0, "buy": 0, "hold": 0, "sell": 0, "strongSell": 0}, {"period": "-2m", "strongBuy": 0, "buy": 0, "hold": 0, "sell": 0, "strongSell": 0}, {"period": "-3m", "strongBuy": 0, "buy": 0, "hold": 0, "sell": 0, "strongSell": 0}], "maxAge": 86400}, "cashflowStatementHistory": {"cashflowStatements": [{"maxAge": 1, "endDate": "2020-03-31", "netIncome": 493362000, "depreciation": 140863000, "changeToNetincome": -30693000, "changeToAccountReceivables": -95507000, "changeToLiabilities": 62294000, "changeToInventory": -18613000, "changeToOperatingActivities": 32324000, "totalCashFromOperatingActivities": 584139000, "capitalExpenditures": -175283000, "investments": -157809000, "otherCashflowsFromInvestingActivities": 9452000, "totalCashflowsFromInvestingActivities": -328054000, "dividendsPaid": -18079000, "netBorrowings": -202022000, "otherCashflowsFromFinancingActivities": -26266000, "totalCashFromFinancingActivities": -246367000, "changeInCash": 9718000}, {"maxAge": 1, "endDate": "2019-03-31", "netIncome": 302639000, "depreciation": 120822000, "changeToNetincome": -46936000, "changeToAccountReceivables": -128665000, "changeToLiabilities": 133048000, "changeToInventory": -179472000, "changeToOperatingActivities": 44531000, "totalCashFromOperatingActivities": 248086000, "capitalExpenditures": -340089000, "investments": -16647000, "otherCashflowsFromInvestingActivities": 15256000, "totalCashflowsFromInvestingActivities": -284614000, "dividendsPaid": -17111000, "netBorrowings": 69831000, "otherCashflowsFromFinancingActivities": -22525000, "totalCashFromFinancingActivities": 30195000, "changeInCash": -6333000}, {"maxAge": 1, "endDate": "2018-03-31", "netIncome": 251892000, "depreciation": 106850000, "changeToNetincome": 48431000, "changeToAccountReceivables": -25786000, "changeToLiabilities": 35517000, "changeToInventory": -96124000, "changeToOperatingActivities": 61417000, "totalCashFromOperatingActivities": 388518000, "capitalExpenditures": -159923000, "investments": 1714000, "otherCashflowsFromInvestingActivities": 11316000, "totalCashflowsFromInvestingActivities": -233302000, "dividendsPaid": -18079000, "netBorrowings": -102538000, "otherCashflowsFromFinancingActivities": -41416000, "totalCashFromFinancingActivities": -162033000, "changeInCash": -6817000}, {"maxAge": 1, "endDate": "2017-03-31", "netIncome": 169124000, "depreciation": 103577000, "changeToNetincome": 28301000, "changeToAccountReceivables": -61887000, "changeToLiabilities": -35464000, "changeToInventory": 2601000, "changeToOperatingActivities": 33688000, "totalCashFromOperatingActivities": 245835000, "capitalExpenditures": -108126000, "investments": 7000, "otherCashflowsFromInvestingActivities": 18932000, "totalCashflowsFromInvestingActivities": -127450000, "dividendsPaid": -9040000, "netBorrowings": -70133000, "otherCashflowsFromFinancingActivities": -41559000, "totalCashFromFinancingActivities": -120732000, "changeInCash": -2347000}], "maxAge": 86400}, "institutionOwnership": {"maxAge": 1, "ownershipList": []}, "balanceSheetHistoryQuarterly": {"balanceSheetStatements": [{"maxAge": 1, "endDate": "2020-06-30", "totalStockholderEquity": 1952705000, "netTangibleAssets": 1951443000}, {"maxAge": 1, "endDate": "2020-03-31", "cash": 27211000, "shortTermInvestments": 152828000, "netReceivables": 604757000, "inventory": 590505000, "otherCurrentAssets": 45563000, "totalCurrentAssets": 1435614000, "longTermInvestments": 21900000, "propertyPlantEquipment": 1206039000, "intangibleAssets": 1262000, "otherAssets": 70450000, "totalAssets": 2735265000, "accountsPayable": 364861000, "shortLongTermDebt": 30560000, "otherCurrentLiab": 80261000, "longTermDebt": 46781000, "otherLiab": 77613000, "totalCurrentLiabilities": 641861000, "totalLiab": 782560000, "commonStock": 180792000, "retainedEarnings": 1753703000, "treasuryStock": 1900000, "capitalSurplus": 16310000, "otherStockholderEquity": 1900000, "totalStockholderEquity": 1952705000, "netTangibleAssets": 1951443000}, {"maxAge": 1, "endDate": "2019-12-31", "totalStockholderEquity": 1692100000, "netTangibleAssets": 1690971000}, {"maxAge": 1, "endDate": "2019-09-30", "cash": 45817000, "netReceivables": 489241000, "inventory": 548441000, "otherCurrentAssets": 48879000, "totalCurrentAssets": 1132378000, "longTermInvestments": 32885000, "propertyPlantEquipment": 1208661000, "intangibleAssets": 1129000, "otherAssets": 101041000, "totalAssets": 2476094000, "accountsPayable": 253503000, "otherCurrentLiab": 346330000, "longTermDebt": 84651000, "otherLiab": 80381000, "totalCurrentLiabilities": 618962000, "totalLiab": 783994000, "commonStock": 180792000, "treasuryStock": 1511308000, "otherStockholderEquity": 1511308000, "totalStockholderEquity": 1692100000, "netTangibleAssets": 1690971000}], "maxAge": 86400}, "earningsHistory": {"history": [{"maxAge": 1, "epsActual": {}, "epsEstimate": {}, "epsDifference": {}, "surprisePercent": {}, "quarter": {}, "period": "-4q"}, {"maxAge": 1, "epsActual": {}, "epsEstimate": {}, "epsDifference": {}, "surprisePercent": {}, "quarter": {}, "period": "-3q"}, {"maxAge": 1, "epsActual": 2.0, "epsEstimate": 3.44, "epsDifference": -1.44, "surprisePercent": -0.41900003, "quarter": "2017-09-30", "period": "-2q"}, {"maxAge": 1, "epsActual": 2.57, "epsEstimate": 3.27, "epsDifference": -0.7, "surprisePercent": -0.214, "quarter": "2018-03-31", "period": "-1q"}], "maxAge": 86400}, "indexTrend": {"maxAge": 1, "symbol": "SP5", "peRatio": 19.7411, "pegRatio": 1.34172, "estimates": [{"period": "0q", "growth": 0.549}, {"period": "+1q", "growth": 0.431}, {"period": "0y", "growth": 0.305}, {"period": "+1y", "growth": 0.109}, {"period": "+5y", "growth": 0.120865}, {"period": "-5y"}]}, "industryTrend": {"maxAge": 1, "symbol": null, "estimates": []}, "insiderTransactions": {"transactions": [{"maxAge": 1, "shares": 25100, "filerUrl": "", "transactionText": "", "filerName": "Kedia (Sweta)", "filerRelation": "Promoter", "moneyText": "", "startDate": "2011-12-22", "ownership": "D"}, {"maxAge": 1, "shares": 200000, "filerUrl": "", "transactionText": "", "filerName": "Kedia (Sangita)", "filerRelation": "Promoter", "moneyText": "", "startDate": "2011-12-21", "ownership": "D"}, {"maxAge": 1, "shares": 44000, "filerUrl": "", "transactionText": "", "filerName": "Kedia (Prasann Kumar) HUF", "filerRelation": "UNREPORTED", "moneyText": "", "startDate": "2010-02-18", "ownership": "D"}], "maxAge": 1}, "quoteType": {"exchange": "BSE", "quoteType": "EQUITY", "symbol": "ASALCBR.BO", "underlyingSymbol": "ASALCBR.BO", "shortName": "ASSOCIATED ALCOHOLS & BREWERIE", "longName": "Associated Alcohols & Breweries Limited", "firstTradeDateEpochUtc": "2006-03-14 09:15:00", "timeZoneFullName": "Asia/Kolkata", "timeZoneShortName": "IST", "uuid": "4af92cdd-0ff1-3135-b399-f4bb4cef7a63", "messageBoardId": null, "gmtOffSetMilliseconds": 19800000, "maxAge": 1}, "incomeStatementHistory": {"incomeStatementHistory": [{"maxAge": 1, "endDate": "2020-03-31", "totalRevenue": 5225825000, "costOfRevenue": 3261368000, "grossProfit": 1964457000, "researchDevelopment": {}, "sellingGeneralAdministrative": 244384000, "nonRecurring": {}, "otherOperatingExpenses": 942232000, "totalOperatingExpenses": 4588956000, "operatingIncome": 636869000, "totalOtherIncomeExpenseNet": 297000, "ebit": 636869000, "interestExpense": -14351000, "incomeBeforeTax": 637166000, "incomeTaxExpense": 143804000, "minorityInterest": {}, "netIncomeFromContinuingOps": 493362000, "discontinuedOperations": {}, "extraordinaryItems": {}, "effectOfAccountingCharges": {}, "otherItems": {}, "netIncome": 493362000, "netIncomeApplicableToCommonShares": 493362000}, {"maxAge": 1, "endDate": "2019-03-31", "totalRevenue": 3985406000, "costOfRevenue": 2443167000, "grossProfit": 1542239000, "researchDevelopment": {}, "sellingGeneralAdministrative": 207103000, "nonRecurring": {}, "otherOperatingExpenses": 758386000, "totalOperatingExpenses": 3531596000, "operatingIncome": 453810000, "totalOtherIncomeExpenseNet": 19356000, "ebit": 453810000, "interestExpense": -16820000, "incomeBeforeTax": 473166000, "incomeTaxExpense": 170527000, "minorityInterest": {}, "netIncomeFromContinuingOps": 302639000, "discontinuedOperations": {}, "extraordinaryItems": {}, "effectOfAccountingCharges": {}, "otherItems": {}, "netIncome": 302639000, "netIncomeApplicableToCommonShares": 302639000}, {"maxAge": 1, "endDate": "2018-03-31", "totalRevenue": 3241191000, "costOfRevenue": 1915688000, "grossProfit": 1325503000, "researchDevelopment": {}, "sellingGeneralAdministrative": 232960000, "nonRecurring": {}, "otherOperatingExpenses": 570223000, "totalOperatingExpenses": 2832041000, "operatingIncome": 409150000, "totalOtherIncomeExpenseNet": -14910000, "ebit": 409150000, "interestExpense": -27803000, "incomeBeforeTax": 394240000, "incomeTaxExpense": 142348000, "minorityInterest": {}, "netIncomeFromContinuingOps": 251892000, "discontinuedOperations": {}, "extraordinaryItems": {}, "effectOfAccountingCharges": {}, "otherItems": {}, "netIncome": 251892000, "netIncomeApplicableToCommonShares": 251892000}, {"maxAge": 1, "endDate": "2017-03-31", "totalRevenue": 2909547000, "costOfRevenue": 1961860000, "grossProfit": 947687000, "researchDevelopment": {}, "sellingGeneralAdministrative": 200352000, "nonRecurring": {}, "otherOperatingExpenses": 342077000, "totalOperatingExpenses": 2613760000, "operatingIncome": 295787000, "totalOtherIncomeExpenseNet": -23785000, "ebit": 295787000, "interestExpense": -38313000, "incomeBeforeTax": 272002000, "incomeTaxExpense": 102878000, "minorityInterest": {}, "netIncomeFromContinuingOps": 169124000, "discontinuedOperations": {}, "extraordinaryItems": {}, "effectOfAccountingCharges": {}, "otherItems": {}, "netIncome": 169124000, "netIncomeApplicableToCommonShares": 169124000}], "maxAge": 86400}, "fundOwnership": {"maxAge": 1, "ownershipList": []}, "summaryDetail": {"maxAge": 1, "priceHint": 2, "previousClose": 419.35, "open": 412.35, "dayLow": 408.05, "dayHigh": 421.6, "regularMarketPreviousClose": 419.35, "regularMarketOpen": 412.35, "regularMarketDayLow": 408.05, "regularMarketDayHigh": 421.6, "trailingPE": 17.542213, "forwardPE": 23.335224, "volume": 12562, "regularMarketVolume": 12562, "averageVolume": 21619, "averageVolume10days": 29508, "averageDailyVolume10Day": 29508, "bid": 410.55, "ask": 415.3, "bidSize": 0, "askSize": 0, "marketCap": 7437782528, "fiftyTwoWeekLow": 122.0, "fiftyTwoWeekHigh": 421.6, "fiftyDayAverage": 330.91, "twoHundredDayAverage": 284.3336, "trailingAnnualDividendRate": 1.0, "trailingAnnualDividendYield": 0.0023846428, "currency": "INR", "fromCurrency": null, "toCurrency": null, "lastMarket": null, "algorithm": null, "tradeable": false}, "sectorTrend": {"maxAge": 1, "symbol": null, "estimates": []}, "incomeStatementHistoryQuarterly": {"incomeStatementHistory": [{"maxAge": 1, "endDate": "2020-06-30", "totalRevenue": 575424000, "costOfRevenue": 335007000, "grossProfit": 240417000, "researchDevelopment": {}, "sellingGeneralAdministrative": 57781000, "nonRecurring": {}, "otherOperatingExpenses": 94902000, "totalOperatingExpenses": 518133000, "operatingIncome": 57291000, "totalOtherIncomeExpenseNet": 7532000, "ebit": 57291000, "interestExpense": -2533000, "incomeBeforeTax": 64823000, "incomeTaxExpense": 17132000, "minorityInterest": {}, "netIncomeFromContinuingOps": 47691000, "discontinuedOperations": {}, "extraordinaryItems": {}, "effectOfAccountingCharges": {}, "otherItems": {}, "netIncome": 47691000, "netIncomeApplicableToCommonShares": 47691000}, {"maxAge": 1, "endDate": "2020-03-31", "totalRevenue": 1321974000, "costOfRevenue": 840590000, "grossProfit": 481384000, "researchDevelopment": {}, "sellingGeneralAdministrative": 75290000, "nonRecurring": {}, "otherOperatingExpenses": 237955000, "totalOperatingExpenses": 1189139000, "operatingIncome": 132835000, "totalOtherIncomeExpenseNet": 7179000, "ebit": 132835000, "interestExpense": -2533000, "incomeBeforeTax": 140014000, "incomeTaxExpense": 32583000, "minorityInterest": {}, "netIncomeFromContinuingOps": 107431000, "discontinuedOperations": {}, "extraordinaryItems": {}, "effectOfAccountingCharges": {}, "otherItems": {}, "netIncome": 107431000, "netIncomeApplicableToCommonShares": 107431000}, {"maxAge": 1, "endDate": "2019-12-31", "totalRevenue": 1413704000, "costOfRevenue": 820228000, "grossProfit": 593476000, "researchDevelopment": {}, "sellingGeneralAdministrative": 60529000, "nonRecurring": {}, "otherOperatingExpenses": 269839000, "totalOperatingExpenses": 1186240000, "operatingIncome": 227464000, "totalOtherIncomeExpenseNet": -6635000, "ebit": 227464000, "interestExpense": -3929000, "incomeBeforeTax": 220829000, "incomeTaxExpense": 62614000, "minorityInterest": {}, "netIncomeFromContinuingOps": 158215000, "discontinuedOperations": {}, "extraordinaryItems": {}, "effectOfAccountingCharges": {}, "otherItems": {}, "netIncome": 158215000, "netIncomeApplicableToCommonShares": 158215000}, {"maxAge": 1, "endDate": "2019-09-30", "totalRevenue": 1194751000, "costOfRevenue": 783297000, "grossProfit": 411454000, "researchDevelopment": {}, "sellingGeneralAdministrative": 54837000, "nonRecurring": {}, "otherOperatingExpenses": 225345000, "totalOperatingExpenses": 1098881000, "operatingIncome": 95870000, "totalOtherIncomeExpenseNet": 664000, "ebit": 95870000, "interestExpense": -4641000, "incomeBeforeTax": 96534000, "incomeTaxExpense": -14078000, "minorityInterest": {}, "netIncomeFromContinuingOps": 110612000, "discontinuedOperations": {}, "extraordinaryItems": {}, "effectOfAccountingCharges": {}, "otherItems": {}, "netIncome": 110612000, "netIncomeApplicableToCommonShares": 110612000}], "maxAge": 86400}, "cashflowStatementHistoryQuarterly": {"cashflowStatements": [{"maxAge": 1, "endDate": "2020-06-30", "netIncome": 47691000, "changeToLiabilities": 0}, {"maxAge": 1, "endDate": "2020-03-31", "netIncome": 107431000, "changeToLiabilities": 0}, {"maxAge": 1, "endDate": "2019-12-31", "netIncome": 158215000, "changeToLiabilities": 0}, {"maxAge": 1, "endDate": "2019-09-30", "netIncome": 110612000, "changeToLiabilities": 0}], "maxAge": 86400}, "insiderHolders": {"holders": [{"maxAge": 1, "name": "Kedia (Prasann Kumar) HUF", "relation": "UNREPORTED", "url": "", "transactionDescription": "Acquisition", "latestTransDate": "2010-02-18", "positionDirect": 383300, "positionDirectDate": "2010-02-18"}, {"maxAge": 1, "name": "Kedia (Sangita)", "relation": "Promoter", "url": "", "transactionDescription": "Acquisition", "latestTransDate": "2011-12-21", "positionDirect": 743200, "positionDirectDate": "2011-12-21"}, {"maxAge": 1, "name": "Kedia (Sweta)", "relation": "Promoter", "url": "", "transactionDescription": "Acquisition", "latestTransDate": "2011-12-22", "positionDirect": 771000, "positionDirectDate": "2011-12-22"}], "maxAge": 1}, "earnings": {"maxAge": 86400, "earningsChart": {"quarterly": [{"date": "3Q2017", "actual": 2.0, "estimate": 3.44}, {"date": "1Q2018", "actual": 2.57, "estimate": 3.27}], "currentQuarterEstimateDate": "2Q", "currentQuarterEstimateYear": 2018, "earningsDate": ["2020-09-12 05:30:S"]}, "financialsChart": {"yearly": [{"date": 2017, "revenue": 2909547000, "earnings": 169124000}, {"date": 2018, "revenue": 3241191000, "earnings": 251892000}, {"date": 2019, "revenue": 3985406000, "earnings": 302639000}, {"date": 2020, "revenue": 5225825000, "earnings": 493362000}], "quarterly": [{"date": "3Q2019", "revenue": 1194751000, "earnings": 110612000}, {"date": "4Q2019", "revenue": 1413704000, "earnings": 158215000}, {"date": "1Q2020", "revenue": 1321974000, "earnings": 107431000}, {"date": "2Q2020", "revenue": 575424000, "earnings": 47691000}]}, "financialCurrency": "INR"}, "calendarEvents": {"maxAge": 1, "earnings": {"earningsDate": ["2020-09-12 05:30:S"], "revenueAverage": 999139000}}, "price": {"maxAge": 1, "regularMarketChangePercent": -0.018957939, "regularMarketChange": -7.950012, "regularMarketTime": "2021-04-30 15:29:41", "priceHint": 2, "regularMarketPrice": 411.4, "regularMarketDayHigh": 421.6, "regularMarketDayLow": 408.05, "regularMarketVolume": 12562, "averageDailyVolume10Day": 29508, "averageDailyVolume3Month": 21619, "regularMarketPreviousClose": 419.35, "regularMarketSource": "FREE_REALTIME", "regularMarketOpen": 412.35, "exchange": "BSE", "exchangeName": "BSE", "exchangeDataDelayedBy": 0, "marketState": "CLOSED", "quoteType": "EQUITY", "symbol": "ASALCBR.BO", "underlyingSymbol": null, "shortName": "ASSOCIATED ALCOHOLS & BREWERIE", "longName": "Associated Alcohols & Breweries Limited", "currency": "INR", "quoteSourceName": "Delayed Quote", "currencySymbol": "\u20b9", "fromCurrency": null, "toCurrency": null, "lastMarket": null, "marketCap": 7437782528}, "balanceSheetHistory": {"balanceSheetStatements": [{"maxAge": 1, "endDate": "2020-03-31", "cash": 27211000, "shortTermInvestments": 152828000, "netReceivables": 604757000, "inventory": 590505000, "otherCurrentAssets": 45563000, "totalCurrentAssets": 1435614000, "longTermInvestments": 21900000, "propertyPlantEquipment": 1206039000, "intangibleAssets": 1262000, "otherAssets": 70450000, "totalAssets": 2735265000, "accountsPayable": 364861000, "shortLongTermDebt": 30560000, "otherCurrentLiab": 80261000, "longTermDebt": 46781000, "otherLiab": 77613000, "totalCurrentLiabilities": 641861000, "totalLiab": 782560000, "commonStock": 180792000, "retainedEarnings": 1753703000, "treasuryStock": 1900000, "capitalSurplus": 16310000, "otherStockholderEquity": 1900000, "totalStockholderEquity": 1952705000, "netTangibleAssets": 1951443000}, {"maxAge": 1, "endDate": "2019-03-31", "cash": 17493000, "shortTermInvestments": 222000, "netReceivables": 490034000, "inventory": 581462000, "otherCurrentAssets": 42683000, "totalCurrentAssets": 1150225000, "longTermInvestments": 30842000, "propertyPlantEquipment": 1182153000, "intangibleAssets": 1146000, "otherAssets": 78719000, "totalAssets": 2443085000, "accountsPayable": 305749000, "shortLongTermDebt": 61477000, "otherCurrentLiab": 103927000, "longTermDebt": 75306000, "otherLiab": 94894000, "totalCurrentLiabilities": 781304000, "totalLiab": 951504000, "commonStock": 180792000, "retainedEarnings": 1283637000, "treasuryStock": 10842000, "capitalSurplus": 16310000, "otherStockholderEquity": 10842000, "totalStockholderEquity": 1491581000, "netTangibleAssets": 1490435000}, {"maxAge": 1, "endDate": "2018-03-31", "cash": 23826000, "netReceivables": 401399000, "inventory": 400971000, "otherCurrentAssets": 28612000, "totalCurrentAssets": 873080000, "longTermInvestments": 26756000, "propertyPlantEquipment": 1022855000, "intangibleAssets": 3018000, "otherAssets": 83501000, "totalAssets": 2009210000, "accountsPayable": 195751000, "shortLongTermDebt": 69471000, "otherCurrentLiab": 209313000, "longTermDebt": 32603000, "otherLiab": 80176000, "totalCurrentLiabilities": 688737000, "totalLiab": 801516000, "commonStock": 180792000, "retainedEarnings": 1003836000, "treasuryStock": 6756000, "capitalSurplus": 16310000, "otherStockholderEquity": 6756000, "totalStockholderEquity": 1207694000, "netTangibleAssets": 1204676000}, {"maxAge": 1, "endDate": "2017-03-31", "cash": 30643000, "netReceivables": 290420000, "inventory": 316644000, "otherCurrentAssets": 13973000, "totalCurrentAssets": 666747000, "longTermInvestments": 23472000, "propertyPlantEquipment": 898925000, "intangibleAssets": 9003000, "otherAssets": 94055000, "totalAssets": 1692202000, "accountsPayable": 167909000, "shortLongTermDebt": 71954000, "otherCurrentLiab": 84575000, "longTermDebt": 81653000, "otherLiab": 96214000, "totalCurrentLiabilities": 544788000, "totalLiab": 722655000, "commonStock": 180792000, "retainedEarnings": 768973000, "treasuryStock": 3472000, "capitalSurplus": 16310000, "otherStockholderEquity": 3472000, "totalStockholderEquity": 969547000, "netTangibleAssets": 960544000}], "maxAge": 86400}, "earningsTrend": {"trend": [{"maxAge": 1, "period": "0q", "endDate": "2018-06-30", "growth": {}, "earningsEstimate": {"avg": 0.0, "low": 0.0, "high": 0.0, "yearAgoEps": {}, "numberOfAnalysts": 0, "growth": {}}, "revenueEstimate": {"avg": 999139000, "low": 0, "high": 0, "numberOfAnalysts": 0, "yearAgoRevenue": 862605000, "growth": 0.158}, "epsTrend": {"current": 0.0, "7daysAgo": 0.0, "30daysAgo": 0.0, "60daysAgo": 0.0, "90daysAgo": 0.0}, "epsRevisions": {"upLast7days": 0, "upLast30days": 0, "downLast30days": 0, "downLast90days": {}}}, {"maxAge": 1, "period": "+1q", "endDate": "2018-09-30", "growth": {}, "earningsEstimate": {"avg": 0.0, "low": 0.0, "high": 0.0, "yearAgoEps": {}, "numberOfAnalysts": 0, "growth": {}}, "revenueEstimate": {"avg": 756100000, "low": 0, "high": 0, "numberOfAnalysts": 0, "yearAgoRevenue": 644447000, "growth": 0.173}, "epsTrend": {"current": 0.0, "7daysAgo": 0.0, "30daysAgo": 0.0, "60daysAgo": 0.0, "90daysAgo": 0.0}, "epsRevisions": {"upLast7days": 0, "upLast30days": 0, "downLast30days": 0, "downLast90days": {}}}, {"maxAge": 1, "period": "0y", "endDate": "2019-03-31", "growth": {}, "earningsEstimate": {"avg": 0.0, "low": 0.0, "high": 0.0, "yearAgoEps": {}, "numberOfAnalysts": 0, "growth": {}}, "revenueEstimate": {"avg": 3636180000, "low": 3636180000, "high": 3636180000, "numberOfAnalysts": 1, "yearAgoRevenue": 3252400000, "growth": 0.118}, "epsTrend": {"current": 0.0, "7daysAgo": 15.77, "30daysAgo": 15.77, "60daysAgo": 15.77, "90daysAgo": 15.77}, "epsRevisions": {"upLast7days": 0, "upLast30days": 0, "downLast30days": 0, "downLast90days": {}}}, {"maxAge": 1, "period": "+1y", "endDate": "2020-03-31", "growth": {}, "earningsEstimate": {"avg": 0.0, "low": 0.0, "high": 0.0, "yearAgoEps": {}, "numberOfAnalysts": 0, "growth": {}}, "revenueEstimate": {"avg": 4072520000, "low": 4072520000, "high": 4072520000, "numberOfAnalysts": 1, "yearAgoRevenue": 3636180000, "growth": 0.12}, "epsTrend": {"current": 0.0, "7daysAgo": 17.63, "30daysAgo": 17.63, "60daysAgo": 17.63, "90daysAgo": 17.63}, "epsRevisions": {"upLast7days": 0, "upLast30days": 0, "downLast30days": 0, "downLast90days": {}}}, {"maxAge": 1, "period": "+5y", "endDate": null, "growth": {}, "earningsEstimate": {"avg": {}, "low": {}, "high": {}, "yearAgoEps": {}, "numberOfAnalysts": {}, "growth": {}}, "revenueEstimate": {"avg": {}, "low": {}, "high": {}, "numberOfAnalysts": {}, "yearAgoRevenue": {}, "growth": {}}, "epsTrend": {"current": {}, "7daysAgo": {}, "30daysAgo": {}, "60daysAgo": {}, "90daysAgo": {}}, "epsRevisions": {"upLast7days": {}, "upLast30days": {}, "downLast30days": {}, "downLast90days": {}}}, {"maxAge": 1, "period": "-5y", "endDate": null, "growth": {}, "earningsEstimate": {"avg": {}, "low": {}, "high": {}, "yearAgoEps": {}, "numberOfAnalysts": {}, "growth": {}}, "revenueEstimate": {"avg": {}, "low": {}, "high": {}, "numberOfAnalysts": {}, "yearAgoRevenue": {}, "growth": {}}, "epsTrend": {"current": {}, "7daysAgo": {}, "30daysAgo": {}, "60daysAgo": {}, "90daysAgo": {}}, "epsRevisions": {"upLast7days": {}, "upLast30days": {}, "downLast30days": {}, "downLast90days": {}}}], "maxAge": 1}, "financialData": {"maxAge": 86400, "currentPrice": 411.4, "recommendationKey": "none", "grossProfits": 1964457000, "financialCurrency": "INR"}}}