{"ASHAPURMIN.BO": {"recommendationTrend": {"trend": [{"period": "0m", "strongBuy": 0, "buy": 0, "hold": 0, "sell": 0, "strongSell": 0}, {"period": "-1m", "strongBuy": 0, "buy": 0, "hold": 0, "sell": 0, "strongSell": 0}, {"period": "-2m", "strongBuy": 0, "buy": 0, "hold": 0, "sell": 0, "strongSell": 0}, {"period": "-3m", "strongBuy": 0, "buy": 0, "hold": 0, "sell": 0, "strongSell": 0}], "maxAge": 86400}, "cashflowStatementHistory": {"cashflowStatements": [{"maxAge": 1, "endDate": "2020-03-31", "netIncome": 3876825000, "depreciation": 283894000, "changeToNetincome": 316771000, "changeToAccountReceivables": -2208059000, "changeToLiabilities": -1831976000, "changeToInventory": -634816000, "totalCashFromOperatingActivities": -197361000, "capitalExpenditures": -191220000, "investments": -1129466000, "otherCashflowsFromInvestingActivities": 111730000, "totalCashflowsFromInvestingActivities": -1200649000, "netBorrowings": 2295310000, "otherCashflowsFromFinancingActivities": -986542000, "totalCashFromFinancingActivities": 1308768000, "changeInCash": -89243000}, {"maxAge": 1, "endDate": "2019-03-31", "netIncome": -3310199000, "depreciation": 320815000, "changeToNetincome": -59567000, "changeToAccountReceivables": 666277000, "changeToLiabilities": -640535000, "changeToInventory": 844881000, "totalCashFromOperatingActivities": -2173970000, "capitalExpenditures": -94904000, "investments": 968833000, "otherCashflowsFromInvestingActivities": 672282000, "totalCashflowsFromInvestingActivities": 1604796000, "netBorrowings": 246897000, "otherCashflowsFromFinancingActivities": 431805000, "totalCashFromFinancingActivities": 678702000, "changeInCash": 109528000}, {"maxAge": 1, "endDate": "2018-03-31", "netIncome": -451639000, "depreciation": 378403000, "changeToNetincome": -32865000, "changeToAccountReceivables": 119343000, "changeToLiabilities": -286329000, "changeToInventory": 87226000, "totalCashFromOperatingActivities": -179207000, "capitalExpenditures": -346479000, "investments": 37133000, "otherCashflowsFromInvestingActivities": 28698000, "totalCashflowsFromInvestingActivities": -202841000, "netBorrowings": 538346000, "otherCashflowsFromFinancingActivities": -175246000, "totalCashFromFinancingActivities": 363100000, "changeInCash": -18948000}, {"maxAge": 1, "endDate": "2017-03-31", "netIncome": -188837000, "depreciation": 481172000, "changeToNetincome": -202239000, "changeToAccountReceivables": 522848000, "changeToLiabilities": 16450000, "changeToInventory": 90130000, "totalCashFromOperatingActivities": 722497000, "capitalExpenditures": -489158000, "investments": 27227000, "otherCashflowsFromInvestingActivities": 37096000, "totalCashflowsFromInvestingActivities": -299953000, "netBorrowings": -276969000, "otherCashflowsFromFinancingActivities": -151412000, "totalCashFromFinancingActivities": -428381000, "changeInCash": -5837000}], "maxAge": 86400}, "institutionOwnership": {"maxAge": 1, "ownershipList": []}, "balanceSheetHistoryQuarterly": {"balanceSheetStatements": [{"maxAge": 1, "endDate": "2020-06-30", "totalStockholderEquity": 3463173000, "netTangibleAssets": 2706884000}, {"maxAge": 1, "endDate": "2020-03-31", "cash": 476207000, "shortTermInvestments": 197817000, "netReceivables": 3297656000, "inventory": 2240296000, "otherCurrentAssets": 1498101000, "totalCurrentAssets": 7710077000, "longTermInvestments": 2911317000, "propertyPlantEquipment": 5227825000, "goodWill": 406940000, "intangibleAssets": 349349000, "otherAssets": 1595387000, "deferredLongTermAssetCharges": 143744000, "totalAssets": 18200895000, "accountsPayable": 1380036000, "otherCurrentLiab": 5586135000, "longTermDebt": 3907468000, "otherLiab": 3321924000, "minorityInterest": -2137000, "totalCurrentLiabilities": 7510467000, "totalLiab": 14739859000, "commonStock": 173972000, "treasuryStock": 3289201000, "otherStockholderEquity": 3289201000, "totalStockholderEquity": 3463173000, "netTangibleAssets": 2706884000}, {"maxAge": 1, "endDate": "2019-12-31", "totalStockholderEquity": -3966391000, "netTangibleAssets": -4074678000}, {"maxAge": 1, "endDate": "2019-09-30", "cash": 259986000, "shortTermInvestments": 23486000, "netReceivables": 1194447000, "inventory": 1404239000, "otherCurrentAssets": 2612858000, "totalCurrentAssets": 5495016000, "longTermInvestments": 1740270000, "propertyPlantEquipment": 2192103000, "goodWill": 102330000, "intangibleAssets": 5957000, "otherAssets": 806874000, "deferredLongTermAssetCharges": 103390000, "totalAssets": 10342550000, "accountsPayable": 1004146000, "otherCurrentLiab": 9683574000, "longTermDebt": 2228642000, "otherLiab": 177553000, "minorityInterest": 598666000, "totalCurrentLiabilities": 11304080000, "totalLiab": 13710275000, "commonStock": 173972000, "treasuryStock": -4140363000, "otherStockholderEquity": -4140363000, "totalStockholderEquity": -3966391000, "netTangibleAssets": -4074678000}], "maxAge": 86400}, "earningsHistory": {"history": [{"maxAge": 1, "epsActual": {}, "epsEstimate": {}, "epsDifference": {}, "surprisePercent": {}, "quarter": {}, "period": "-4q"}, {"maxAge": 1, "epsActual": {}, "epsEstimate": {}, "epsDifference": {}, "surprisePercent": {}, "quarter": {}, "period": "-3q"}, {"maxAge": 1, "epsActual": {}, "epsEstimate": {}, "epsDifference": {}, "surprisePercent": {}, "quarter": {}, "period": "-2q"}, {"maxAge": 1, "epsActual": {}, "epsEstimate": {}, "epsDifference": {}, "surprisePercent": {}, "quarter": {}, "period": "-1q"}], "maxAge": 86400}, "indexTrend": {"maxAge": 1, "symbol": "SP5", "peRatio": 19.7411, "pegRatio": 1.34172, "estimates": [{"period": "0q", "growth": 0.549}, {"period": "+1q", "growth": 0.431}, {"period": "0y", "growth": 0.305}, {"period": "+1y", "growth": 0.109}, {"period": "+5y", "growth": 0.120865}, {"period": "-5y"}]}, "industryTrend": {"maxAge": 1, "symbol": null, "estimates": []}, "insiderTransactions": {"transactions": [{"maxAge": 1, "shares": 35000, "value": 38213, "filerUrl": "", "transactionText": "Acquisition at price 1.09 per share.", "filerName": "Ashapura Industrial Finance Ltd", "filerRelation": "Promoter", "moneyText": "", "startDate": "2020-09-30", "ownership": "D"}, {"maxAge": 1, "shares": 28632, "value": 31655, "filerUrl": "", "transactionText": "Acquisition at price 1.11 per share.", "filerName": "Ashapura Industrial Finance Ltd", "filerRelation": "Promoter", "moneyText": "", "startDate": "2020-09-25", "ownership": "D"}, {"maxAge": 1, "shares": 50000, "value": 60955, "filerUrl": "", "transactionText": "Acquisition at price 1.22 per share.", "filerName": "Ashapura Industrial Finance Ltd", "filerRelation": "Promoter", "moneyText": "", "startDate": "2020-09-21", "ownership": "D"}, {"maxAge": 1, "shares": 35458, "value": 41726, "filerUrl": "", "transactionText": "Acquisition at price 1.18 per share.", "filerName": "Ashapura Industrial Finance Ltd", "filerRelation": "Promoter", "moneyText": "", "startDate": "2020-09-18", "ownership": "D"}, {"maxAge": 1, "shares": 25000, "filerUrl": "", "transactionText": "", "filerName": "Ashapura Industrial Finance Ltd", "filerRelation": "Promoter", "moneyText": "", "startDate": "2020-09-15", "ownership": "D"}, {"maxAge": 1, "shares": 40000, "value": 39152, "filerUrl": "", "transactionText": "Acquisition at price 0.98 per share.", "filerName": "Ashapura Industrial Finance Ltd", "filerRelation": "Promoter", "moneyText": "", "startDate": "2020-09-14", "ownership": "D"}, {"maxAge": 1, "shares": 50000, "value": 50480, "filerUrl": "", "transactionText": "Acquisition at price 1.01 per share.", "filerName": "Ashapura Industrial Finance Ltd", "filerRelation": "Promoter", "moneyText": "", "startDate": "2020-09-11", "ownership": "D"}, {"maxAge": 1, "shares": 0, "filerUrl": "", "transactionText": "", "filerName": "Ashapura Industrial Finance Ltd", "filerRelation": "Institution- Corporation", "moneyText": "", "startDate": "2020-09-10", "ownership": "I"}, {"maxAge": 1, "shares": 55000, "value": 52657, "filerUrl": "", "transactionText": "Acquisition at price 0.96 per share.", "filerName": "Ashapura Industrial Finance Ltd", "filerRelation": "Promoter", "moneyText": "", "startDate": "2020-09-09", "ownership": "D"}, {"maxAge": 1, "shares": 50000, "value": 50139, "filerUrl": "", "transactionText": "Acquisition at price 1.00 per share.", "filerName": "Ashapura Industrial Finance Ltd", "filerRelation": "Promoter", "moneyText": "", "startDate": "2020-09-07", "ownership": "D"}, {"maxAge": 1, "shares": 13442, "value": 12863, "filerUrl": "", "transactionText": "Acquisition at price 0.96 per share.", "filerName": "Ashapura Industrial Finance Ltd", "filerRelation": "Promoter", "moneyText": "", "startDate": "2020-09-04", "ownership": "D"}, {"maxAge": 1, "shares": 10000, "value": 8314, "filerUrl": "", "transactionText": "Acquisition at price 0.83 per share.", "filerName": "Ashapura Industrial Finance Ltd", "filerRelation": "Promoter", "moneyText": "", "startDate": "2020-09-01", "ownership": "D"}, {"maxAge": 1, "shares": 11100, "value": 9598, "filerUrl": "", "transactionText": "Acquisition at price 0.86 per share.", "filerName": "Ashapura Industrial Finance Ltd", "filerRelation": "Promoter", "moneyText": "", "startDate": "2020-08-31", "ownership": "D"}, {"maxAge": 1, "shares": 100000, "value": 92520, "filerUrl": "", "transactionText": "Acquisition at price 0.93 per share.", "filerName": "Ashapura Industrial Finance Ltd", "filerRelation": "Promoter", "moneyText": "", "startDate": "2020-08-28", "ownership": "D"}, {"maxAge": 1, "shares": 4500000, "filerUrl": "", "transactionText": "", "filerName": "Ashapura Industrial Finance Ltd", "filerRelation": "Promoter", "moneyText": "", "startDate": "2020-02-28", "ownership": "D"}], "maxAge": 1}, "quoteType": {"exchange": "BSE", "quoteType": "EQUITY", "symbol": "ASHAPURMIN.BO", "underlyingSymbol": "ASHAPURMIN.BO", "shortName": "ASHAPURA MINECHEM LTD.", "longName": "Ashapura Minechem Limited", "firstTradeDateEpochUtc": "1993-11-22 09:15:00", "timeZoneFullName": "Asia/Kolkata", "timeZoneShortName": "IST", "uuid": "bba2d8ac-fb7a-3da4-a526-4d7859c162df", "messageBoardId": null, "gmtOffSetMilliseconds": 19800000, "maxAge": 1}, "incomeStatementHistory": {"incomeStatementHistory": [{"maxAge": 1, "endDate": "2020-03-31", "totalRevenue": 3343234000, "costOfRevenue": 1623976000, "grossProfit": 1719258000, "researchDevelopment": {}, "sellingGeneralAdministrative": 393785000, "nonRecurring": {}, "otherOperatingExpenses": 1682570000, "totalOperatingExpenses": 3984225000, "operatingIncome": -640991000, "totalOtherIncomeExpenseNet": 4462622000, "ebit": -640991000, "interestExpense": -309586000, "incomeBeforeTax": 3821631000, "incomeTaxExpense": -10307000, "minorityInterest": -2137000, "netIncomeFromContinuingOps": 3831938000, "discontinuedOperations": {}, "extraordinaryItems": {}, "effectOfAccountingCharges": {}, "otherItems": {}, "netIncome": 3876825000, "netIncomeApplicableToCommonShares": 3876825000}, {"maxAge": 1, "endDate": "2019-03-31", "totalRevenue": 6213659000, "costOfRevenue": 2619336000, "grossProfit": 3594323000, "researchDevelopment": {}, "sellingGeneralAdministrative": 615542000, "nonRecurring": {}, "otherOperatingExpenses": 2702472000, "totalOperatingExpenses": 6262523000, "operatingIncome": -48864000, "totalOtherIncomeExpenseNet": -3168288000, "ebit": -48864000, "interestExpense": -190079000, "incomeBeforeTax": -3217152000, "incomeTaxExpense": 51802000, "minorityInterest": 621912000, "netIncomeFromContinuingOps": -3268954000, "discontinuedOperations": {}, "extraordinaryItems": {}, "effectOfAccountingCharges": {}, "otherItems": {}, "netIncome": -3310199000, "netIncomeApplicableToCommonShares": -3310199000}, {"maxAge": 1, "endDate": "2018-03-31", "totalRevenue": 7943643000, "costOfRevenue": 3180385000, "grossProfit": 4763258000, "researchDevelopment": {}, "sellingGeneralAdministrative": 785966000, "nonRecurring": {}, "otherOperatingExpenses": 3930253000, "totalOperatingExpenses": 8281661000, "operatingIncome": -338018000, "totalOtherIncomeExpenseNet": 6099000, "ebit": -338018000, "interestExpense": -175246000, "incomeBeforeTax": -331919000, "incomeTaxExpense": 119738000, "minorityInterest": 28000, "netIncomeFromContinuingOps": -451657000, "discontinuedOperations": {}, "extraordinaryItems": {}, "effectOfAccountingCharges": {}, "otherItems": {}, "netIncome": -451639000, "netIncomeApplicableToCommonShares": -451639000}, {"maxAge": 1, "endDate": "2017-03-31", "totalRevenue": 8328984000, "costOfRevenue": 2861141000, "grossProfit": 5467843000, "researchDevelopment": {}, "sellingGeneralAdministrative": 762689000, "nonRecurring": {}, "otherOperatingExpenses": 4266476000, "totalOperatingExpenses": 8374451000, "operatingIncome": -45467000, "totalOtherIncomeExpenseNet": 33601000, "ebit": -45467000, "interestExpense": -151412000, "incomeBeforeTax": -11866000, "incomeTaxExpense": 177151000, "minorityInterest": 46000, "netIncomeFromContinuingOps": -189017000, "discontinuedOperations": {}, "extraordinaryItems": {}, "effectOfAccountingCharges": {}, "otherItems": {}, "netIncome": -188837000, "netIncomeApplicableToCommonShares": -188837000}], "maxAge": 86400}, "fundOwnership": {"maxAge": 1, "ownershipList": []}, "summaryDetail": {"maxAge": 1, "priceHint": 2, "previousClose": 158.65, "open": 159.0, "dayLow": 152.5, "dayHigh": 171.8, "regularMarketPreviousClose": 158.65, "regularMarketOpen": 159.0, "regularMarketDayLow": 152.5, "regularMarketDayHigh": 171.8, "trailingPE": 3.164167, "volume": 108344, "regularMarketVolume": 108344, "averageVolume": 58560, "averageVolume10days": 88940, "averageDailyVolume10Day": 88940, "bid": 154.05, "ask": 156.05, "bidSize": 0, "askSize": 0, "marketCap": 13395858432, "fiftyTwoWeekLow": 18.7, "fiftyTwoWeekHigh": 171.8, "fiftyDayAverage": 119.12, "twoHundredDayAverage": 86.822624, "currency": "INR", "fromCurrency": null, "toCurrency": null, "lastMarket": null, "algorithm": null, "tradeable": false}, "sectorTrend": {"maxAge": 1, "symbol": null, "estimates": []}, "incomeStatementHistoryQuarterly": {"incomeStatementHistory": [{"maxAge": 1, "endDate": "2020-06-30", "totalRevenue": 2864755000, "costOfRevenue": 1295221000, "grossProfit": 1569534000, "researchDevelopment": {}, "sellingGeneralAdministrative": 185409000, "nonRecurring": {}, "otherOperatingExpenses": 1110578000, "totalOperatingExpenses": 2675662000, "operatingIncome": 189093000, "totalOtherIncomeExpenseNet": 202039000, "ebit": 189093000, "interestExpense": -105858000, "incomeBeforeTax": 391132000, "incomeTaxExpense": 27132000, "minorityInterest": {}, "netIncomeFromContinuingOps": 364000000, "discontinuedOperations": {}, "extraordinaryItems": {}, "effectOfAccountingCharges": {}, "otherItems": {}, "netIncome": 363871000, "netIncomeApplicableToCommonShares": 363871000}, {"maxAge": 1, "endDate": "2020-03-31", "totalRevenue": 1030204000, "costOfRevenue": 403146000, "grossProfit": 627058000, "researchDevelopment": {}, "sellingGeneralAdministrative": 100436000, "nonRecurring": {}, "otherOperatingExpenses": 634827000, "totalOperatingExpenses": 1214968000, "operatingIncome": -184764000, "totalOtherIncomeExpenseNet": 3866540000, "ebit": -184764000, "interestExpense": -105045000, "incomeBeforeTax": 3681776000, "incomeTaxExpense": 3427000, "minorityInterest": -2137000, "netIncomeFromContinuingOps": 3678349000, "discontinuedOperations": {}, "extraordinaryItems": {}, "effectOfAccountingCharges": {}, "otherItems": {}, "netIncome": 3678686000, "netIncomeApplicableToCommonShares": 3678686000}, {"maxAge": 1, "endDate": "2019-12-31", "totalRevenue": 486442000, "costOfRevenue": 260600000, "grossProfit": 225842000, "researchDevelopment": {}, "sellingGeneralAdministrative": 88579000, "nonRecurring": {}, "otherOperatingExpenses": 272727000, "totalOperatingExpenses": 690919000, "operatingIncome": -204477000, "totalOtherIncomeExpenseNet": 711794000, "ebit": -204477000, "interestExpense": -108994000, "incomeBeforeTax": 507317000, "incomeTaxExpense": -16504000, "minorityInterest": -2137000, "netIncomeFromContinuingOps": 523821000, "discontinuedOperations": {}, "extraordinaryItems": {}, "effectOfAccountingCharges": {}, "otherItems": {}, "netIncome": 545164000, "netIncomeApplicableToCommonShares": 545164000}, {"maxAge": 1, "endDate": "2019-09-30", "totalRevenue": 678742000, "costOfRevenue": 324798000, "grossProfit": 353944000, "researchDevelopment": {}, "sellingGeneralAdministrative": 94673000, "nonRecurring": {}, "otherOperatingExpenses": 395977000, "totalOperatingExpenses": 884343000, "operatingIncome": -205601000, "totalOtherIncomeExpenseNet": -161159000, "ebit": -205601000, "interestExpense": -54178000, "incomeBeforeTax": -366760000, "incomeTaxExpense": 7327000, "minorityInterest": 598666000, "netIncomeFromContinuingOps": -374087000, "discontinuedOperations": {}, "extraordinaryItems": {}, "effectOfAccountingCharges": {}, "otherItems": {}, "netIncome": -353887000, "netIncomeApplicableToCommonShares": -353887000}], "maxAge": 86400}, "cashflowStatementHistoryQuarterly": {"cashflowStatements": [{"maxAge": 1, "endDate": "2020-06-30", "netIncome": 363871000, "changeToLiabilities": 0}, {"maxAge": 1, "endDate": "2020-03-31", "netIncome": 3678686000, "changeToLiabilities": 0}, {"maxAge": 1, "endDate": "2019-12-31", "netIncome": 545164000, "changeToLiabilities": 0}, {"maxAge": 1, "endDate": "2019-09-30", "netIncome": -353887000, "changeToLiabilities": 0}], "maxAge": 86400}, "insiderHolders": {"holders": [{"maxAge": 1, "name": "Ashapura Industrial Finance Ltd", "relation": "Promoter", "url": "", "transactionDescription": "Acquisition", "latestTransDate": "2020-09-30", "positionDirect": 13091632, "positionDirectDate": "2020-09-30"}], "maxAge": 1}, "earnings": {"maxAge": 86400, "earningsChart": {"quarterly": [], "earningsDate": []}, "financialsChart": {"yearly": [{"date": 2017, "revenue": 8328984000, "earnings": -188837000}, {"date": 2018, "revenue": 7943643000, "earnings": -451639000}, {"date": 2019, "revenue": 6213659000, "earnings": -3310199000}, {"date": 2020, "revenue": 3343234000, "earnings": 3876825000}], "quarterly": [{"date": "3Q2019", "revenue": 678742000, "earnings": -353887000}, {"date": "4Q2019", "revenue": 486442000, "earnings": 545164000}, {"date": "1Q2020", "revenue": 1030204000, "earnings": 3678686000}, {"date": "2Q2020", "revenue": 2864755000, "earnings": 363871000}]}, "financialCurrency": "INR"}, "calendarEvents": {"maxAge": 1, "earnings": {"earningsDate": []}}, "price": {"maxAge": 1, "regularMarketChangePercent": -0.029309765, "regularMarketChange": -4.649994, "regularMarketTime": "2021-04-30 15:29:13", "priceHint": 2, "regularMarketPrice": 154.0, "regularMarketDayHigh": 171.8, "regularMarketDayLow": 152.5, "regularMarketVolume": 108344, "averageDailyVolume10Day": 88940, "averageDailyVolume3Month": 58560, "regularMarketPreviousClose": 158.65, "regularMarketSource": "FREE_REALTIME", "regularMarketOpen": 159.0, "exchange": "BSE", "exchangeName": "BSE", "exchangeDataDelayedBy": 0, "marketState": "CLOSED", "quoteType": "EQUITY", "symbol": "ASHAPURMIN.BO", "underlyingSymbol": null, "shortName": "ASHAPURA MINECHEM LTD.", "longName": "Ashapura Minechem Limited", "currency": "INR", "quoteSourceName": "Delayed Quote", "currencySymbol": "\u20b9", "fromCurrency": null, "toCurrency": null, "lastMarket": null, "marketCap": 13395858432}, "balanceSheetHistory": {"balanceSheetStatements": [{"maxAge": 1, "endDate": "2020-03-31", "cash": 476207000, "shortTermInvestments": 197817000, "netReceivables": 3297656000, "inventory": 2240296000, "otherCurrentAssets": 1498101000, "totalCurrentAssets": 7710077000, "longTermInvestments": 2911317000, "propertyPlantEquipment": 5227825000, "goodWill": 406940000, "intangibleAssets": 349349000, "otherAssets": 1595387000, "deferredLongTermAssetCharges": 143744000, "totalAssets": 18200895000, "accountsPayable": 1380036000, "otherCurrentLiab": 5586135000, "longTermDebt": 3907468000, "otherLiab": 3321924000, "minorityInterest": -2137000, "totalCurrentLiabilities": 7510467000, "totalLiab": 14739859000, "commonStock": 173972000, "treasuryStock": 3289201000, "otherStockholderEquity": 3289201000, "totalStockholderEquity": 3463173000, "netTangibleAssets": 2706884000}, {"maxAge": 1, "endDate": "2019-03-31", "cash": 499066000, "shortTermInvestments": 37871000, "netReceivables": 1424410000, "inventory": 1605480000, "otherCurrentAssets": 1379805000, "totalCurrentAssets": 4960036000, "longTermInvestments": 1759544000, "propertyPlantEquipment": 2290158000, "goodWill": 102330000, "intangibleAssets": 7254000, "otherAssets": 795365000, "deferredLongTermAssetCharges": 106259000, "totalAssets": 9914687000, "accountsPayable": 1170833000, "shortLongTermDebt": 92009000, "otherCurrentLiab": 9013389000, "longTermDebt": 1531716000, "otherLiab": 167916000, "minorityInterest": 621912000, "totalCurrentLiabilities": 11203738000, "totalLiab": 12903370000, "commonStock": 173972000, "retainedEarnings": -5580009000, "treasuryStock": 21983000, "capitalSurplus": 1773459000, "otherStockholderEquity": 21983000, "totalStockholderEquity": -3610595000, "netTangibleAssets": -3720179000}, {"maxAge": 1, "endDate": "2018-03-31", "cash": 410976000, "netReceivables": 2449528000, "inventory": 2450361000, "otherCurrentAssets": 1036545000, "totalCurrentAssets": 6384687000, "longTermInvestments": 2660772000, "propertyPlantEquipment": 3149177000, "goodWill": 105057000, "intangibleAssets": 12863000, "otherAssets": 547042000, "deferredLongTermAssetCharges": 93405000, "totalAssets": 12859598000, "accountsPayable": 1604545000, "shortLongTermDebt": 97792000, "otherCurrentLiab": 7740671000, "longTermDebt": 1046370000, "otherLiab": 1647714000, "minorityInterest": 28000, "totalCurrentLiabilities": 10619872000, "totalLiab": 13331136000, "commonStock": 173972000, "retainedEarnings": -2453029000, "treasuryStock": 34032000, "capitalSurplus": 1773459000, "otherStockholderEquity": 34032000, "totalStockholderEquity": -471566000, "netTangibleAssets": -589486000}, {"maxAge": 1, "endDate": "2017-03-31", "cash": 407550000, "netReceivables": 2562591000, "inventory": 2537587000, "otherCurrentAssets": 1068312000, "totalCurrentAssets": 6588745000, "longTermInvestments": 1683293000, "propertyPlantEquipment": 3257302000, "goodWill": 105057000, "intangibleAssets": 16716000, "otherAssets": 1394779000, "deferredLongTermAssetCharges": 60746000, "totalAssets": 13045892000, "accountsPayable": 2048346000, "shortLongTermDebt": 227825000, "otherCurrentLiab": 8879306000, "longTermDebt": 614367000, "otherLiab": 227468000, "minorityInterest": 46000, "totalCurrentLiabilities": 12212120000, "totalLiab": 13069211000, "commonStock": 173972000, "retainedEarnings": -2001279000, "treasuryStock": 30483000, "capitalSurplus": 1773459000, "otherStockholderEquity": 30483000, "totalStockholderEquity": -23365000, "netTangibleAssets": -145138000}], "maxAge": 86400}, "earningsTrend": {"trend": [{"maxAge": 1, "period": "0q", "endDate": null, "growth": {}, "earningsEstimate": {"avg": 0.0, "low": 0.0, "high": 0.0, "yearAgoEps": {}, "numberOfAnalysts": 0, "growth": {}}, "revenueEstimate": {"avg": 0, "low": 0, "high": 0, "numberOfAnalysts": 0, "yearAgoRevenue": {}, "growth": {}}, "epsTrend": {"current": 0.0, "7daysAgo": 0.0, "30daysAgo": 0.0, "60daysAgo": 0.0, "90daysAgo": 0.0}, "epsRevisions": {"upLast7days": 0, "upLast30days": 0, "downLast30days": 0, "downLast90days": {}}}, {"maxAge": 1, "period": "+1q", "endDate": null, "growth": {}, "earningsEstimate": {"avg": 0.0, "low": 0.0, "high": 0.0, "yearAgoEps": {}, "numberOfAnalysts": 0, "growth": {}}, "revenueEstimate": {"avg": 0, "low": 0, "high": 0, "numberOfAnalysts": 0, "yearAgoRevenue": {}, "growth": {}}, "epsTrend": {"current": 0.0, "7daysAgo": 0.0, "30daysAgo": 0.0, "60daysAgo": 0.0, "90daysAgo": 0.0}, "epsRevisions": {"upLast7days": 0, "upLast30days": 0, "downLast30days": 0, "downLast90days": {}}}, {"maxAge": 1, "period": "0y", "endDate": null, "growth": {}, "earningsEstimate": {"avg": 0.0, "low": 0.0, "high": 0.0, "yearAgoEps": {}, "numberOfAnalysts": 0, "growth": {}}, "revenueEstimate": {"avg": 0, "low": 0, "high": 0, "numberOfAnalysts": 0, "yearAgoRevenue": {}, "growth": {}}, "epsTrend": {"current": 0.0, "7daysAgo": 0.0, "30daysAgo": 0.0, "60daysAgo": 0.0, "90daysAgo": 0.0}, "epsRevisions": {"upLast7days": 0, "upLast30days": 0, "downLast30days": 0, "downLast90days": {}}}, {"maxAge": 1, "period": "+1y", "endDate": null, "growth": {}, "earningsEstimate": {"avg": 0.0, "low": 0.0, "high": 0.0, "yearAgoEps": {}, "numberOfAnalysts": 0, "growth": {}}, "revenueEstimate": {"avg": 0, "low": 0, "high": 0, "numberOfAnalysts": 0, "yearAgoRevenue": {}, "growth": {}}, "epsTrend": {"current": 0.0, "7daysAgo": 0.0, "30daysAgo": 0.0, "60daysAgo": 0.0, "90daysAgo": 0.0}, "epsRevisions": {"upLast7days": 0, "upLast30days": 0, "downLast30days": 0, "downLast90days": {}}}, {"maxAge": 1, "period": "+5y", "endDate": null, "growth": {}, "earningsEstimate": {"avg": {}, "low": {}, "high": {}, "yearAgoEps": {}, "numberOfAnalysts": {}, "growth": {}}, "revenueEstimate": {"avg": {}, "low": {}, "high": {}, "numberOfAnalysts": {}, "yearAgoRevenue": {}, "growth": {}}, "epsTrend": {"current": {}, "7daysAgo": {}, "30daysAgo": {}, "60daysAgo": {}, "90daysAgo": {}}, "epsRevisions": {"upLast7days": {}, "upLast30days": {}, "downLast30days": {}, "downLast90days": {}}}, {"maxAge": 1, "period": "-5y", "endDate": null, "growth": {}, "earningsEstimate": {"avg": {}, "low": {}, "high": {}, "yearAgoEps": {}, "numberOfAnalysts": {}, "growth": {}}, "revenueEstimate": {"avg": {}, "low": {}, "high": {}, "numberOfAnalysts": {}, "yearAgoRevenue": {}, "growth": {}}, "epsTrend": {"current": {}, "7daysAgo": {}, "30daysAgo": {}, "60daysAgo": {}, "90daysAgo": {}}, "epsRevisions": {"upLast7days": {}, "upLast30days": {}, "downLast30days": {}, "downLast90days": {}}}], "maxAge": 1}, "financialData": {"maxAge": 86400, "currentPrice": 154.0, "recommendationKey": "none", "grossProfits": 1719258000, "financialCurrency": "INR"}}}