{"ASHAI.BO": {"cashflowStatementHistory": {"cashflowStatements": [{"maxAge": 1, "endDate": "2020-03-31", "netIncome": -88510, "depreciation": 641, "changeToNetincome": -2055646, "changeToLiabilities": 0, "changeToOperatingActivities": 556606, "totalCashFromOperatingActivities": -1586909, "otherCashflowsFromInvestingActivities": 1839615, "totalCashflowsFromInvestingActivities": 1839615, "changeInCash": 252706}, {"maxAge": 1, "endDate": "2019-03-31", "netIncome": -348359, "depreciation": 641, "changeToNetincome": -1873522, "changeToLiabilities": 0, "changeToOperatingActivities": -2013696, "totalCashFromOperatingActivities": -4234936, "otherCashflowsFromInvestingActivities": 1873521, "totalCashflowsFromInvestingActivities": 1873521, "changeInCash": -2361415}, {"maxAge": 1, "endDate": "2018-03-31", "netIncome": -409166, "depreciation": 641, "changeToNetincome": -2241459, "changeToLiabilities": 0, "changeToOperatingActivities": -621182, "totalCashFromOperatingActivities": -3271166, "otherCashflowsFromInvestingActivities": 2018998, "totalCashflowsFromInvestingActivities": 2018998, "changeInCash": -1252167}, {"maxAge": 1, "endDate": "2017-03-31", "netIncome": -488075, "depreciation": 641, "changeToNetincome": -2108669, "changeToLiabilities": 0, "changeToOperatingActivities": 229310, "totalCashFromOperatingActivities": -2366793, "otherCashflowsFromInvestingActivities": 2108669, "totalCashflowsFromInvestingActivities": 2108669, "changeInCash": -258124}], "maxAge": 86400}, "institutionOwnership": {"ownershipList": [], "maxAge": 1}, "balanceSheetHistoryQuarterly": {"balanceSheetStatements": [{"maxAge": 1, "endDate": "2020-06-30", "totalStockholderEquity": 23457000, "netTangibleAssets": 23457000}, {"maxAge": 1, "endDate": "2020-03-31", "cash": 5768088, "netReceivables": 3420274, "otherCurrentAssets": 215147, "totalCurrentAssets": 9403509, "propertyPlantEquipment": 891, "otherAssets": 15000000, "totalAssets": 24404400, "accountsPayable": 731302, "otherCurrentLiab": 6546, "totalCurrentLiabilities": 947123, "totalLiab": 947123, "commonStock": 45859500, "retainedEarnings": -22402223, "totalStockholderEquity": 23457277, "netTangibleAssets": 23457277}, {"maxAge": 1, "endDate": "2019-12-31", "totalStockholderEquity": 22949000, "netTangibleAssets": 22949000}, {"maxAge": 1, "endDate": "2019-09-30", "cash": 5783000, "netReceivables": 2859000, "otherCurrentAssets": 337000, "totalCurrentAssets": 8979000, "propertyPlantEquipment": 2000, "otherAssets": 15000000, "totalAssets": 23981000, "accountsPayable": 964000, "otherCurrentLiab": 68000, "totalCurrentLiabilities": 1032000, "totalLiab": 1032000, "commonStock": 45859000, "retainedEarnings": -22910000, "treasuryStock": -22910000, "otherStockholderEquity": -22910000, "totalStockholderEquity": 22949000, "netTangibleAssets": 22949000}], "maxAge": 86400}, "indexTrend": {"maxAge": 1, "symbol": "SP5", "peRatio": 19.7411, "pegRatio": 1.34172, "estimates": [{"period": "0q", "growth": 0.549}, {"period": "+1q", "growth": 0.431}, {"period": "0y", "growth": 0.305}, {"period": "+1y", "growth": 0.109}, {"period": "+5y", "growth": 0.120859005}, {"period": "-5y"}]}, "quoteType": {"exchange": "BSE", "quoteType": "EQUITY", "symbol": "ASHAI.BO", "underlyingSymbol": "ASHAI.BO", "shortName": "ASHIANA AGRO INDUSTRIES LTD.", "longName": "Ashiana Agro Industries Limited", "firstTradeDateEpochUtc": "2005-09-19 09:15:00", "timeZoneFullName": "Asia/Kolkata", "timeZoneShortName": "IST", "uuid": "5af053ac-04ac-3182-b957-f22296cb0f5b", "gmtOffSetMilliseconds": 19800000, "maxAge": 1}, "incomeStatementHistory": {"incomeStatementHistory": [{"maxAge": 1, "endDate": "2020-03-31", "totalRevenue": 10202112, "costOfRevenue": 7454205, "grossProfit": 2747907, "researchDevelopment": {}, "sellingGeneralAdministrative": 1341224, "nonRecurring": {}, "otherOperatingExpenses": 1494552, "totalOperatingExpenses": 10290622, "operatingIncome": -88510, "totalOtherIncomeExpenseNet": 0, "ebit": -88510, "interestExpense": {}, "incomeBeforeTax": -88510, "incomeTaxExpense": 0, "minorityInterest": {}, "netIncomeFromContinuingOps": -88510, "discontinuedOperations": {}, "extraordinaryItems": {}, "effectOfAccountingCharges": {}, "otherItems": {}, "netIncome": -88510, "netIncomeApplicableToCommonShares": -88510}, {"maxAge": 1, "endDate": "2019-03-31", "totalRevenue": 10284700, "costOfRevenue": 7600241, "grossProfit": 2684459, "researchDevelopment": {}, "sellingGeneralAdministrative": 1289131, "nonRecurring": {}, "otherOperatingExpenses": 1743046, "totalOperatingExpenses": 10633059, "operatingIncome": -348359, "totalOtherIncomeExpenseNet": 0, "ebit": -348359, "interestExpense": {}, "incomeBeforeTax": -348359, "incomeTaxExpense": 0, "minorityInterest": {}, "netIncomeFromContinuingOps": -348359, "discontinuedOperations": {}, "extraordinaryItems": {}, "effectOfAccountingCharges": {}, "otherItems": {}, "netIncome": -348359, "netIncomeApplicableToCommonShares": -348359}, {"maxAge": 1, "endDate": "2018-03-31", "totalRevenue": 6787766, "costOfRevenue": 4522067, "grossProfit": 2265699, "researchDevelopment": {}, "sellingGeneralAdministrative": 1283543, "nonRecurring": {}, "otherOperatingExpenses": 1402274, "totalOperatingExpenses": 7208525, "operatingIncome": -420759, "totalOtherIncomeExpenseNet": 11593, "ebit": -420759, "interestExpense": {}, "incomeBeforeTax": -409166, "incomeTaxExpense": 0, "minorityInterest": {}, "netIncomeFromContinuingOps": -409166, "discontinuedOperations": {}, "extraordinaryItems": {}, "effectOfAccountingCharges": {}, "otherItems": {}, "netIncome": -409166, "netIncomeApplicableToCommonShares": -409166}, {"maxAge": 1, "endDate": "2017-03-31", "totalRevenue": 3634348, "costOfRevenue": 1439076, "grossProfit": 2195272, "researchDevelopment": {}, "sellingGeneralAdministrative": 1336772, "nonRecurring": {}, "otherOperatingExpenses": 1355823, "totalOperatingExpenses": 4132312, "operatingIncome": -497964, "totalOtherIncomeExpenseNet": 9889, "ebit": -497964, "interestExpense": {}, "incomeBeforeTax": -488075, "incomeTaxExpense": 0, "minorityInterest": {}, "netIncomeFromContinuingOps": -488075, "discontinuedOperations": {}, "extraordinaryItems": {}, "effectOfAccountingCharges": {}, "otherItems": {}, "netIncome": -488075, "netIncomeApplicableToCommonShares": -488075}], "maxAge": 86400}, "fundOwnership": {"ownershipList": [], "maxAge": 1}, "summaryDetail": {"maxAge": 1, "priceHint": 4, "previousClose": 4.88, "open": 4.88, "dayLow": 4.79, "dayHigh": 4.97, "regularMarketPreviousClose": 4.88, "regularMarketOpen": 4.88, "regularMarketDayLow": 4.79, "regularMarketDayHigh": 4.97, "volume": 1084, "regularMarketVolume": 1084, "averageVolume": 485, "averageVolume10days": 291, "averageDailyVolume10Day": 291, "bid": 4.97, "ask": 0.0, "bidSize": 0, "askSize": 0, "marketCap": 22862000, "fiftyTwoWeekLow": 0.26, "fiftyTwoWeekHigh": 4.97, "fiftyDayAverage": 3.0727272, "twoHundredDayAverage": 1.38875, "currency": "INR", "fromCurrency": null, "lastMarket": null, "algorithm": null, "tradeable": false}, "incomeStatementHistoryQuarterly": {"incomeStatementHistory": [{"maxAge": 1, "endDate": "2020-06-30", "totalRevenue": 936000, "costOfRevenue": 416000, "grossProfit": 520000, "researchDevelopment": {}, "sellingGeneralAdministrative": 293000, "nonRecurring": {}, "otherOperatingExpenses": 377000, "totalOperatingExpenses": 1086000, "operatingIncome": -150000, "totalOtherIncomeExpenseNet": 0, "ebit": -150000, "interestExpense": {}, "incomeBeforeTax": -150000, "incomeTaxExpense": 0, "minorityInterest": {}, "netIncomeFromContinuingOps": -150000, "discontinuedOperations": {}, "extraordinaryItems": {}, "effectOfAccountingCharges": {}, "otherItems": {}, "netIncome": -150000, "netIncomeApplicableToCommonShares": -150000}, {"maxAge": 1, "endDate": "2020-03-31", "totalRevenue": 2855112, "costOfRevenue": 2145205, "grossProfit": 709907, "researchDevelopment": {}, "sellingGeneralAdministrative": 469224, "nonRecurring": {}, "otherOperatingExpenses": 3552, "totalOperatingExpenses": 2618622, "operatingIncome": 236490, "totalOtherIncomeExpenseNet": 0, "ebit": 236490, "interestExpense": {}, "incomeBeforeTax": 236490, "incomeTaxExpense": 0, "minorityInterest": {}, "netIncomeFromContinuingOps": 236490, "discontinuedOperations": {}, "extraordinaryItems": {}, "effectOfAccountingCharges": {}, "otherItems": {}, "netIncome": 236490, "netIncomeApplicableToCommonShares": 236490}, {"maxAge": 1, "endDate": "2019-12-31", "totalRevenue": 2529000, "costOfRevenue": 1842000, "grossProfit": 687000, "researchDevelopment": {}, "sellingGeneralAdministrative": 293000, "nonRecurring": {}, "otherOperatingExpenses": 122000, "totalOperatingExpenses": 2257000, "operatingIncome": 272000, "totalOtherIncomeExpenseNet": 0, "ebit": 272000, "interestExpense": {}, "incomeBeforeTax": 272000, "incomeTaxExpense": 0, "minorityInterest": {}, "netIncomeFromContinuingOps": 272000, "discontinuedOperations": {}, "extraordinaryItems": {}, "effectOfAccountingCharges": {}, "otherItems": {}, "netIncome": 272000, "netIncomeApplicableToCommonShares": 272000}, {"maxAge": 1, "endDate": "2019-09-30", "totalRevenue": 2487000, "costOfRevenue": 1794000, "grossProfit": 693000, "researchDevelopment": {}, "sellingGeneralAdministrative": 292000, "nonRecurring": {}, "otherOperatingExpenses": 925000, "totalOperatingExpenses": 3011000, "operatingIncome": -524000, "totalOtherIncomeExpenseNet": 0, "ebit": -524000, "interestExpense": {}, "incomeBeforeTax": -524000, "incomeTaxExpense": 0, "minorityInterest": {}, "netIncomeFromContinuingOps": -524000, "discontinuedOperations": {}, "extraordinaryItems": {}, "effectOfAccountingCharges": {}, "otherItems": {}, "netIncome": -524000, "netIncomeApplicableToCommonShares": -524000}], "maxAge": 86400}, "cashflowStatementHistoryQuarterly": {"cashflowStatements": [{"maxAge": 1, "endDate": "2020-06-30", "netIncome": -150000, "changeToLiabilities": 0}, {"maxAge": 1, "endDate": "2020-03-31", "netIncome": 236490, "changeToLiabilities": 0}, {"maxAge": 1, "endDate": "2019-12-31", "netIncome": 272000, "changeToLiabilities": 0}, {"maxAge": 1, "endDate": "2019-09-30", "netIncome": -524000, "changeToLiabilities": 0}], "maxAge": 86400}, "insiderHolders": {"holders": [], "maxAge": 1}, "calendarEvents": {"maxAge": 1, "earnings": {"earningsDate": ["2020-06-29 05:30:S"]}}, "upgradeDowngradeHistory": {"history": [], "maxAge": 86400}, "price": {"maxAge": 1, "regularMarketChangePercent": 0.018442556, "regularMarketChange": 0.089999676, "regularMarketTime": "2021-04-30 15:47:42", "priceHint": 4, "regularMarketPrice": 4.97, "regularMarketDayHigh": 4.97, "regularMarketDayLow": 4.79, "regularMarketVolume": 1084, "averageDailyVolume10Day": 291, "averageDailyVolume3Month": 485, "regularMarketPreviousClose": 4.88, "regularMarketSource": "FREE_REALTIME", "regularMarketOpen": 4.88, "exchange": "BSE", "exchangeName": "BSE", "exchangeDataDelayedBy": 0, "marketState": "CLOSED", "quoteType": "EQUITY", "symbol": "ASHAI.BO", "underlyingSymbol": null, "shortName": "ASHIANA AGRO INDUSTRIES LTD.", "longName": "Ashiana Agro Industries Limited", "currency": "INR", "quoteSourceName": "Delayed Quote", "currencySymbol": "\u20b9", "fromCurrency": null, "lastMarket": null, "marketCap": 22862000}, "balanceSheetHistory": {"balanceSheetStatements": [{"maxAge": 1, "endDate": "2020-03-31", "cash": 5768088, "netReceivables": 3420274, "otherCurrentAssets": 215147, "totalCurrentAssets": 9403509, "propertyPlantEquipment": 891, "otherAssets": 15000000, "totalAssets": 24404400, "accountsPayable": 731302, "otherCurrentLiab": 6546, "totalCurrentLiabilities": 947123, "totalLiab": 947123, "commonStock": 45859500, "retainedEarnings": -22402223, "totalStockholderEquity": 23457277, "netTangibleAssets": 23457277}, {"maxAge": 1, "endDate": "2019-03-31", "cash": 5515382, "netReceivables": 3253104, "otherCurrentAssets": 400051, "totalCurrentAssets": 9168537, "propertyPlantEquipment": 1532, "otherAssets": 15000000, "totalAssets": 24170069, "accountsPayable": 489185, "otherCurrentLiab": 9058, "otherLiab": -1, "totalCurrentLiabilities": 624282, "totalLiab": 624281, "commonStock": 45859500, "retainedEarnings": -22313712, "treasuryStock": -22313000, "otherStockholderEquity": -22313000, "totalStockholderEquity": 23545788, "netTangibleAssets": 23545788}, {"maxAge": 1, "endDate": "2018-03-31", "cash": 7876797, "netReceivables": 2622959, "otherCurrentAssets": 241489, "totalCurrentAssets": 10741245, "propertyPlantEquipment": 2173, "otherAssets": 14999999, "totalAssets": 25743417, "accountsPayable": 1813020, "totalCurrentLiabilities": 1849270, "totalLiab": 1849270, "commonStock": 45859500, "retainedEarnings": -21965353, "totalStockholderEquity": 23894147, "netTangibleAssets": 23894147}, {"maxAge": 1, "endDate": "2017-03-31", "cash": 9128963, "otherCurrentAssets": 215868, "totalCurrentAssets": 9344831, "propertyPlantEquipment": 2814, "otherAssets": 15000000, "totalAssets": 24347645, "otherCurrentLiab": 1707, "totalCurrentLiabilities": 44332, "totalLiab": 44332, "commonStock": 45859500, "retainedEarnings": -21556187, "totalStockholderEquity": 24303313, "netTangibleAssets": 24303313}], "maxAge": 86400}, "financialData": {"maxAge": 86400, "currentPrice": 4.97, "recommendationKey": "none", "grossProfits": 2747907, "financialCurrency": "INR"}}}