{"ASHCAP.BO": {"cashflowStatementHistory": {"cashflowStatements": [{"maxAge": 1, "endDate": "2020-03-31", "netIncome": 2912000, "depreciation": 89716, "changeToNetincome": -3410187, "changeToLiabilities": 21667, "changeToOperatingActivities": 3603661, "totalCashFromOperatingActivities": 604219, "investments": 4555318, "otherCashflowsFromInvestingActivities": 759193, "totalCashflowsFromInvestingActivities": 5314511, "dividendsPaid": -4000000, "totalCashFromFinancingActivities": -4000000, "changeInCash": 1918730}, {"maxAge": 1, "endDate": "2019-03-31", "netIncome": 7049369, "depreciation": 97231, "changeToNetincome": -7498651, "changeToLiabilities": -1219749, "changeToOperatingActivities": -3594481, "totalCashFromOperatingActivities": -6301131, "investments": 18547480, "otherCashflowsFromInvestingActivities": -155771, "totalCashflowsFromInvestingActivities": 18391709, "dividendsPaid": -4000000, "totalCashFromFinancingActivities": -4000000, "changeInCash": 8090578}, {"maxAge": 1, "endDate": "2018-03-31", "netIncome": 9174007, "depreciation": 104393, "changeToNetincome": -10035933, "changeToLiabilities": 129471, "changeToOperatingActivities": -7530, "totalCashFromOperatingActivities": -1158275, "investments": -2395157, "otherCashflowsFromInvestingActivities": 378433, "totalCashflowsFromInvestingActivities": -2016724, "dividendsPaid": -1600000, "totalCashFromFinancingActivities": -1600000, "changeInCash": -4774999}, {"maxAge": 1, "endDate": "2017-03-31", "netIncome": 5919656, "depreciation": 134840, "changeToNetincome": -6764138, "changeToLiabilities": 143478, "changeToOperatingActivities": 1440, "totalCashFromOperatingActivities": -636724, "investments": 4617321, "otherCashflowsFromInvestingActivities": 443624, "totalCashflowsFromInvestingActivities": 5060945, "dividendsPaid": -1600000, "totalCashFromFinancingActivities": -1600000, "changeInCash": 4424221}], "maxAge": 86400}, "institutionOwnership": {"maxAge": 1, "ownershipList": []}, "balanceSheetHistoryQuarterly": {"balanceSheetStatements": [{"maxAge": 1, "endDate": "2020-06-30", "totalStockholderEquity": 62563000, "netTangibleAssets": 62563000}, {"maxAge": 1, "endDate": "2020-03-31", "cash": 12262000, "otherCurrentAssets": 2000, "totalCurrentAssets": 12264000, "longTermInvestments": 49827000, "propertyPlantEquipment": 1749000, "totalAssets": 63840000, "otherCurrentLiab": 670000, "otherLiab": 607000, "totalCurrentLiabilities": 670000, "totalLiab": 1277000, "commonStock": 40000000, "treasuryStock": 22563000, "otherStockholderEquity": 22563000, "totalStockholderEquity": 62563000, "netTangibleAssets": 62563000}, {"maxAge": 1, "endDate": "2019-12-31", "totalStockholderEquity": 69496000, "netTangibleAssets": 69496000}, {"maxAge": 1, "endDate": "2019-09-30", "cash": 312000, "otherCurrentAssets": 18596000, "totalCurrentAssets": 18908000, "longTermInvestments": 56542000, "propertyPlantEquipment": 1795000, "totalAssets": 77245000, "otherCurrentLiab": 7138000, "otherLiab": 611000, "totalCurrentLiabilities": 7138000, "totalLiab": 7749000, "commonStock": 40000000, "treasuryStock": 29496000, "otherStockholderEquity": 29496000, "totalStockholderEquity": 69496000, "netTangibleAssets": 69496000}], "maxAge": 86400}, "indexTrend": {"maxAge": 1, "symbol": "SP5", "peRatio": 19.7411, "pegRatio": 1.34172, "estimates": [{"period": "0q", "growth": 0.549}, {"period": "+1q", "growth": 0.431}, {"period": "0y", "growth": 0.305}, {"period": "+1y", "growth": 0.109}, {"period": "+5y", "growth": 0.120859005}, {"period": "-5y"}]}, "insiderTransactions": {"transactions": [{"maxAge": 1, "shares": 409000, "filerUrl": "", "transactionText": "", "filerName": "Poddar (Dinesh Kumar) HUF", "filerRelation": "UNREPORTED", "moneyText": "", "startDate": "2019-05-07", "ownership": "D"}, {"maxAge": 1, "shares": 202700, "filerUrl": "", "transactionText": "", "filerName": "Poddar (Ramprasad R & Co) HUF", "filerRelation": "UNREPORTED", "moneyText": "", "startDate": "2019-05-07", "ownership": "D"}, {"maxAge": 1, "shares": 202700, "filerUrl": "", "transactionText": "", "filerName": "Poddar (Rajesh Kumar)", "filerRelation": "Director (Non-Executive)", "moneyText": "", "startDate": "2019-05-07", "ownership": "D"}, {"maxAge": 1, "shares": 409000, "filerUrl": "", "transactionText": "", "filerName": "Poddar (Dinesh Ramprasad)", "filerRelation": "Promoter", "moneyText": "", "startDate": "2019-05-07", "ownership": "D"}, {"maxAge": 1, "shares": 960000, "filerUrl": "", "transactionText": "", "filerName": "Poddar (Ramprasad)", "filerRelation": "Promoter", "moneyText": "", "startDate": "2019-04-08", "ownership": "D"}, {"maxAge": 1, "shares": 1293000, "filerUrl": "", "transactionText": "", "filerName": "Poddar (Rajesh Kumar)", "filerRelation": "Director (Non-Executive)", "moneyText": "", "startDate": "2019-04-08", "ownership": "D"}, {"maxAge": 1, "shares": 480000, "filerUrl": "", "transactionText": "", "filerName": "Poddar (Dinesh Ramprasad)", "filerRelation": "Promoter", "moneyText": "", "startDate": "2019-04-08", "ownership": "D"}], "maxAge": 1}, "quoteType": {"exchange": "BSE", "quoteType": "EQUITY", "symbol": "ASHCAP.BO", "underlyingSymbol": "ASHCAP.BO", "shortName": "ASHIRWAD CAPITAL LTD.", "longName": "Ashirwad Capital Limited", "firstTradeDateEpochUtc": "2002-07-02 09:15:00", "timeZoneFullName": "Asia/Kolkata", "timeZoneShortName": "IST", "uuid": "6e9916da-633c-3c1e-8769-bb67c95ee347", "messageBoardId": null, "gmtOffSetMilliseconds": 19800000, "maxAge": 1}, "incomeStatementHistory": {"incomeStatementHistory": [{"maxAge": 1, "endDate": "2020-03-31", "totalRevenue": 4563000, "costOfRevenue": 0, "grossProfit": 4563000, "researchDevelopment": {}, "sellingGeneralAdministrative": 177000, "nonRecurring": {}, "otherOperatingExpenses": 955000, "totalOperatingExpenses": 1222000, "operatingIncome": 3341000, "totalOtherIncomeExpenseNet": 0, "ebit": 3341000, "interestExpense": {}, "incomeBeforeTax": 3341000, "incomeTaxExpense": 429000, "minorityInterest": {}, "netIncomeFromContinuingOps": 2912000, "discontinuedOperations": {}, "extraordinaryItems": {}, "effectOfAccountingCharges": {}, "otherItems": {}, "netIncome": 2912000, "netIncomeApplicableToCommonShares": 2912000}, {"maxAge": 1, "endDate": "2019-03-31", "totalRevenue": 10108525, "costOfRevenue": 0, "grossProfit": 10108525, "researchDevelopment": {}, "sellingGeneralAdministrative": 203605, "nonRecurring": {}, "otherOperatingExpenses": 868446, "totalOperatingExpenses": 1169282, "operatingIncome": 8939243, "totalOtherIncomeExpenseNet": 0, "ebit": 8939243, "interestExpense": {}, "incomeBeforeTax": 8939243, "incomeTaxExpense": 1889874, "minorityInterest": {}, "netIncomeFromContinuingOps": 7049369, "discontinuedOperations": {}, "extraordinaryItems": {}, "effectOfAccountingCharges": {}, "otherItems": {}, "netIncome": 7049369, "netIncomeApplicableToCommonShares": 7049369}, {"maxAge": 1, "endDate": "2018-03-31", "totalRevenue": 7845096, "costOfRevenue": 0, "grossProfit": 7845096, "researchDevelopment": {}, "sellingGeneralAdministrative": 752764, "nonRecurring": {}, "otherOperatingExpenses": 734633, "totalOperatingExpenses": 1591790, "operatingIncome": 6253306, "totalOtherIncomeExpenseNet": 4005502, "ebit": 6253306, "interestExpense": {}, "incomeBeforeTax": 10258808, "incomeTaxExpense": 1084801, "minorityInterest": {}, "netIncomeFromContinuingOps": 9174007, "discontinuedOperations": {}, "extraordinaryItems": {}, "effectOfAccountingCharges": {}, "otherItems": {}, "netIncome": 9174007, "netIncomeApplicableToCommonShares": 9174007}, {"maxAge": 1, "endDate": "2017-03-31", "totalRevenue": 5155860, "costOfRevenue": 0, "grossProfit": 5155860, "researchDevelopment": {}, "sellingGeneralAdministrative": 779155, "nonRecurring": {}, "otherOperatingExpenses": 650487, "totalOperatingExpenses": 1564482, "operatingIncome": 3591378, "totalOtherIncomeExpenseNet": 2901069, "ebit": 3591378, "interestExpense": {}, "incomeBeforeTax": 6492447, "incomeTaxExpense": 572791, "minorityInterest": {}, "netIncomeFromContinuingOps": 5919656, "discontinuedOperations": {}, "extraordinaryItems": {}, "effectOfAccountingCharges": {}, "otherItems": {}, "netIncome": 5919656, "netIncomeApplicableToCommonShares": 5919656}], "maxAge": 86400}, "fundOwnership": {"maxAge": 1, "ownershipList": []}, "summaryDetail": {"maxAge": 1, "priceHint": 4, "previousClose": 3.87, "open": 3.8, "dayLow": 3.75, "dayHigh": 3.98, "regularMarketPreviousClose": 3.87, "regularMarketOpen": 3.8, "regularMarketDayLow": 3.75, "regularMarketDayHigh": 3.98, "trailingPE": 35.925926, "volume": 14917, "regularMarketVolume": 14917, "averageVolume": 121112, "averageVolume10days": 40400, "averageDailyVolume10Day": 40400, "bid": 3.79, "ask": 3.88, "bidSize": 0, "askSize": 0, "marketCap": 155200000, "fiftyTwoWeekLow": 1.7, "fiftyTwoWeekHigh": 5.01, "fiftyDayAverage": 3.6857142, "twoHundredDayAverage": 2.4932847, "trailingAnnualDividendRate": 0.1, "trailingAnnualDividendYield": 0.025839794, "currency": "INR", "fromCurrency": null, "toCurrency": null, "lastMarket": null, "algorithm": null, "tradeable": false}, "incomeStatementHistoryQuarterly": {"incomeStatementHistory": [{"maxAge": 1, "endDate": "2020-06-30", "totalRevenue": 3503000, "costOfRevenue": 0, "grossProfit": 3503000, "researchDevelopment": {}, "sellingGeneralAdministrative": 35000, "nonRecurring": {}, "otherOperatingExpenses": 197000, "totalOperatingExpenses": 253000, "operatingIncome": 3250000, "totalOtherIncomeExpenseNet": 0, "ebit": 3250000, "interestExpense": {}, "incomeBeforeTax": 3250000, "incomeTaxExpense": 503000, "minorityInterest": {}, "netIncomeFromContinuingOps": 2747000, "discontinuedOperations": {}, "extraordinaryItems": {}, "effectOfAccountingCharges": {}, "otherItems": {}, "netIncome": 2747000, "netIncomeApplicableToCommonShares": 2747000}, {"maxAge": 1, "endDate": "2020-03-31", "totalRevenue": 425000, "costOfRevenue": 0, "grossProfit": 425000, "researchDevelopment": {}, "sellingGeneralAdministrative": 42000, "nonRecurring": {}, "otherOperatingExpenses": 291000, "totalOperatingExpenses": 357000, "operatingIncome": 68000, "totalOtherIncomeExpenseNet": 0, "ebit": 68000, "interestExpense": {}, "incomeBeforeTax": 68000, "incomeTaxExpense": -91000, "minorityInterest": {}, "netIncomeFromContinuingOps": 159000, "discontinuedOperations": {}, "extraordinaryItems": {}, "effectOfAccountingCharges": {}, "otherItems": {}, "netIncome": 159000, "netIncomeApplicableToCommonShares": 159000}, {"maxAge": 1, "endDate": "2019-12-31", "totalRevenue": 1065000, "costOfRevenue": 0, "grossProfit": 1065000, "researchDevelopment": {}, "sellingGeneralAdministrative": 45000, "nonRecurring": {}, "otherOperatingExpenses": 234000, "totalOperatingExpenses": 301000, "operatingIncome": 764000, "totalOtherIncomeExpenseNet": 0, "ebit": 764000, "interestExpense": {}, "incomeBeforeTax": 764000, "incomeTaxExpense": 132000, "minorityInterest": {}, "netIncomeFromContinuingOps": 632000, "discontinuedOperations": {}, "extraordinaryItems": {}, "effectOfAccountingCharges": {}, "otherItems": {}, "netIncome": 632000, "netIncomeApplicableToCommonShares": 632000}, {"maxAge": 1, "endDate": "2019-09-30", "totalRevenue": 1334000, "costOfRevenue": 0, "grossProfit": 1334000, "researchDevelopment": {}, "sellingGeneralAdministrative": 45000, "nonRecurring": {}, "otherOperatingExpenses": 221000, "totalOperatingExpenses": 288000, "operatingIncome": 1046000, "totalOtherIncomeExpenseNet": 0, "ebit": 1046000, "interestExpense": {}, "incomeBeforeTax": 1046000, "incomeTaxExpense": 140000, "minorityInterest": {}, "netIncomeFromContinuingOps": 906000, "discontinuedOperations": {}, "extraordinaryItems": {}, "effectOfAccountingCharges": {}, "otherItems": {}, "netIncome": 906000, "netIncomeApplicableToCommonShares": 906000}], "maxAge": 86400}, "cashflowStatementHistoryQuarterly": {"cashflowStatements": [{"maxAge": 1, "endDate": "2020-06-30", "netIncome": 2747000, "changeToLiabilities": 0}, {"maxAge": 1, "endDate": "2020-03-31", "netIncome": 159000, "changeToLiabilities": 0}, {"maxAge": 1, "endDate": "2019-12-31", "netIncome": 632000, "changeToLiabilities": 0}, {"maxAge": 1, "endDate": "2019-09-30", "netIncome": 906000, "changeToLiabilities": 0}], "maxAge": 86400}, "insiderHolders": {"holders": [{"maxAge": 1, "name": "Poddar (Dinesh Kumar) HUF", "relation": "UNREPORTED", "url": "", "transactionDescription": "Sale", "latestTransDate": "2019-05-07", "positionDirect": 0, "positionDirectDate": "2019-05-07"}, {"maxAge": 1, "name": "Poddar (Dinesh Ramprasad)", "relation": "Promoter", "url": "", "transactionDescription": "Purchase", "latestTransDate": "2019-05-07", "positionDirect": 4579800, "positionDirectDate": "2019-05-07"}, {"maxAge": 1, "name": "Poddar (Rajesh Kumar)", "relation": "Director (Non-Executive)", "url": "", "transactionDescription": "Purchase", "latestTransDate": "2019-05-07", "positionDirect": 4372700, "positionDirectDate": "2019-05-07"}, {"maxAge": 1, "name": "Poddar (Ramprasad R & Co) HUF", "relation": "UNREPORTED", "url": "", "transactionDescription": "Sale", "latestTransDate": "2019-05-07", "positionDirect": 0, "positionDirectDate": "2019-05-07"}, {"maxAge": 1, "name": "Poddar (Ramprasad)", "relation": "Promoter", "url": "", "transactionDescription": "Gift", "latestTransDate": "2019-04-08", "positionDirect": 4170000, "positionDirectDate": "2019-04-08"}], "maxAge": 1}, "calendarEvents": {"maxAge": 1, "earnings": {"earningsDate": ["2020-09-04 05:30:S"]}}, "price": {"maxAge": 1, "regularMarketChangePercent": 0.0025840388, "regularMarketChange": 0.010000229, "regularMarketTime": "2021-04-30 15:27:53", "priceHint": 4, "regularMarketPrice": 3.88, "regularMarketDayHigh": 3.98, "regularMarketDayLow": 3.75, "regularMarketVolume": 14917, "averageDailyVolume10Day": 40400, "averageDailyVolume3Month": 121112, "regularMarketPreviousClose": 3.87, "regularMarketSource": "FREE_REALTIME", "regularMarketOpen": 3.8, "exchange": "BSE", "exchangeName": "BSE", "exchangeDataDelayedBy": 0, "marketState": "CLOSED", "quoteType": "EQUITY", "symbol": "ASHCAP.BO", "underlyingSymbol": null, "shortName": "ASHIRWAD CAPITAL LTD.", "longName": "Ashirwad Capital Limited", "currency": "INR", "quoteSourceName": "Delayed Quote", "currencySymbol": "\u20b9", "fromCurrency": null, "toCurrency": null, "lastMarket": null, "marketCap": 155200000}, "balanceSheetHistory": {"balanceSheetStatements": [{"maxAge": 1, "endDate": "2020-03-31", "cash": 12262000, "otherCurrentAssets": 2000, "totalCurrentAssets": 12264000, "longTermInvestments": 49827000, "propertyPlantEquipment": 1749000, "totalAssets": 63840000, "otherCurrentLiab": 670000, "otherLiab": 607000, "totalCurrentLiabilities": 670000, "totalLiab": 1277000, "commonStock": 40000000, "treasuryStock": 22563000, "otherStockholderEquity": 22563000, "totalStockholderEquity": 62563000, "netTangibleAssets": 62563000}, {"maxAge": 1, "endDate": "2019-03-31", "cash": 9951734, "otherCurrentAssets": 3994463, "totalCurrentAssets": 13948717, "longTermInvestments": 59026059, "propertyPlantEquipment": 1838732, "otherAssets": 710, "totalAssets": 74814218, "otherCurrentLiab": 1983835, "otherLiab": 611117, "totalCurrentLiabilities": 2006590, "totalLiab": 2617707, "commonStock": 40000000, "retainedEarnings": 31959211, "treasuryStock": 237300, "otherStockholderEquity": 237300, "totalStockholderEquity": 72196511, "netTangibleAssets": 72196511}, {"maxAge": 1, "endDate": "2018-03-31", "cash": 1896078, "otherCurrentAssets": 363620, "totalCurrentAssets": 2263658, "longTermInvestments": 68851455, "propertyPlantEquipment": 1935963, "otherAssets": 710, "totalAssets": 73051786, "otherCurrentLiab": 6102376, "otherLiab": 1304565, "totalCurrentLiabilities": 6614858, "totalLiab": 7919423, "commonStock": 40000000, "retainedEarnings": 24895063, "treasuryStock": 237300, "otherStockholderEquity": 237300, "totalStockholderEquity": 65132363, "netTangibleAssets": 65132363}, {"maxAge": 1, "endDate": "2017-03-31", "cash": 6612822, "otherCurrentAssets": 415575, "totalCurrentAssets": 7029477, "longTermInvestments": 56048794, "propertyPlantEquipment": 2040356, "otherAssets": 2360, "totalAssets": 65120987, "otherCurrentLiab": 2652570, "otherLiab": 1183672, "totalCurrentLiabilities": 3141967, "totalLiab": 4325639, "commonStock": 40000000, "retainedEarnings": 20558048, "treasuryStock": 237300, "otherStockholderEquity": 237300, "totalStockholderEquity": 60795348, "netTangibleAssets": 60795348}], "maxAge": 86400}, "financialData": {"maxAge": 86400, "currentPrice": 3.88, "recommendationKey": "none", "grossProfits": 4563000, "financialCurrency": "INR"}}}