{"ASHFL.BO": {"cashflowStatementHistory": {"cashflowStatements": [{"maxAge": 1, "endDate": "2020-03-31", "netIncome": 50404000, "depreciation": 261000, "changeToNetincome": -197628000, "changeToLiabilities": 0, "changeToOperatingActivities": 40145000, "totalCashFromOperatingActivities": -106656000, "capitalExpenditures": -2503000, "totalCashflowsFromInvestingActivities": -2503000, "netBorrowings": -79661000, "otherCashflowsFromFinancingActivities": -4725000, "totalCashFromFinancingActivities": 89511000, "changeInCash": -19648000, "issuanceOfStock": 173897000}, {"maxAge": 1, "endDate": "2019-03-31", "netIncome": 41029000, "depreciation": 291000, "changeToNetincome": -135063000, "changeToLiabilities": 0, "changeToOperatingActivities": -45336000, "totalCashFromOperatingActivities": -139049000, "capitalExpenditures": -115000, "totalCashflowsFromInvestingActivities": -115000, "netBorrowings": 158602000, "otherCashflowsFromFinancingActivities": -4725000, "totalCashFromFinancingActivities": 158602000, "changeInCash": 19438000, "issuanceOfStock": 173897000}, {"maxAge": 1, "endDate": "2018-03-31", "netIncome": 28950227, "depreciation": 359714, "changeToNetincome": -355437, "changeToLiabilities": 0, "changeToOperatingActivities": -249898974, "totalCashFromOperatingActivities": -220944470, "capitalExpenditures": -258250, "otherCashflowsFromInvestingActivities": 2248219, "totalCashflowsFromInvestingActivities": 1989969, "netBorrowings": 187058523, "otherCashflowsFromFinancingActivities": 4725000, "totalCashFromFinancingActivities": 209423523, "changeInCash": -9530978, "issuanceOfStock": 17640000}, {"maxAge": 1, "endDate": "2017-03-31", "netIncome": 14072961, "depreciation": 466544, "changeToNetincome": -1317220, "changeToLiabilities": 0, "changeToOperatingActivities": -41323570, "totalCashFromOperatingActivities": -28101285, "capitalExpenditures": -581580, "otherCashflowsFromInvestingActivities": 2272044, "totalCashflowsFromInvestingActivities": 1690464, "netBorrowings": 46093437, "otherCashflowsFromFinancingActivities": 4725000, "totalCashFromFinancingActivities": 46093437, "changeInCash": 19682616, "issuanceOfStock": 17640000}], "maxAge": 86400}, "institutionOwnership": {"ownershipList": [], "maxAge": 1}, "balanceSheetHistoryQuarterly": {"balanceSheetStatements": [{"maxAge": 1, "endDate": "2020-06-30", "totalStockholderEquity": 524747300, "netTangibleAssets": 522723900}, {"maxAge": 1, "endDate": "2020-03-31", "cash": 11019000, "netReceivables": 831622000, "otherCurrentAssets": 15468000, "totalCurrentAssets": 893723000, "propertyPlantEquipment": 10047000, "intangibleAssets": 2023000, "otherAssets": 3615000, "deferredLongTermAssetCharges": 3614000, "totalAssets": 909408000, "shortLongTermDebt": 83503000, "longTermDebt": 233764000, "otherLiab": 7703000, "totalCurrentLiabilities": 143194000, "totalLiab": 384661000, "commonStock": 156735000, "retainedEarnings": 111301000, "treasuryStock": 83871000, "capitalSurplus": 172840000, "otherStockholderEquity": 83871000, "totalStockholderEquity": 524747000, "netTangibleAssets": 522724000}, {"maxAge": 1, "endDate": "2019-12-31", "totalStockholderEquity": 341596000, "netTangibleAssets": 340739000}, {"maxAge": 1, "endDate": "2019-09-30", "cash": 1294000, "netReceivables": 682793000, "totalCurrentAssets": 684087000, "longTermInvestments": 54761000, "propertyPlantEquipment": 9816000, "intangibleAssets": 857000, "otherAssets": 9366000, "totalAssets": 758887000, "otherCurrentLiab": 5436000, "longTermDebt": 399200000, "otherLiab": 12655000, "totalCurrentLiabilities": 5436000, "totalLiab": 417291000, "commonStock": 123040000, "treasuryStock": 218556000, "otherStockholderEquity": 218556000, "totalStockholderEquity": 341596000, "netTangibleAssets": 340739000}], "maxAge": 86400}, "indexTrend": {"maxAge": 1, "symbol": "SP5", "peRatio": 19.7411, "pegRatio": 1.34172, "estimates": [{"period": "0q", "growth": 0.549}, {"period": "+1q", "growth": 0.431}, {"period": "0y", "growth": 0.305}, {"period": "+1y", "growth": 0.109}, {"period": "+5y", "growth": 0.120859005}, {"period": "-5y"}]}, "insiderTransactions": {"transactions": [{"maxAge": 1, "shares": 75000, "filerUrl": "", "transactionText": "", "filerName": "Jain (Deepesh)", "filerRelation": "UNREPORTED", "moneyText": "", "startDate": "2019-05-22", "ownership": "D"}, {"maxAge": 1, "shares": 75000, "filerUrl": "", "transactionText": "", "filerName": "Jain (Nirmal Kumar)", "filerRelation": "UNREPORTED", "moneyText": "", "startDate": "2019-05-22", "ownership": "D"}, {"maxAge": 1, "shares": 75000, "filerUrl": "", "transactionText": "", "filerName": "Nagda (Pushpa)", "filerRelation": "UNREPORTED", "moneyText": "", "startDate": "2019-05-22", "ownership": "D"}, {"maxAge": 1, "shares": 702600, "filerUrl": "", "transactionText": "", "filerName": "Nagda (Pushpa)", "filerRelation": "Promoter", "moneyText": "", "startDate": "2018-09-13", "ownership": "D"}], "maxAge": 1}, "quoteType": {"exchange": "BSE", "quoteType": "EQUITY", "symbol": "ASHFL.BO", "underlyingSymbol": "ASHFL.BO", "shortName": "Akme Star Housing Finance Limi", "longName": "Akme Star Housing Finance Limited", "firstTradeDateEpochUtc": "2015-03-20 09:15:00", "timeZoneFullName": "Asia/Kolkata", "timeZoneShortName": "IST", "uuid": "96704b25-95e9-3767-838b-db18b38715dd", "gmtOffSetMilliseconds": 19800000, "maxAge": 1}, "incomeStatementHistory": {"incomeStatementHistory": [{"maxAge": 1, "endDate": "2020-03-31", "totalRevenue": 106189000, "costOfRevenue": 23000, "grossProfit": 106166000, "researchDevelopment": {}, "sellingGeneralAdministrative": 21646000, "nonRecurring": {}, "otherOperatingExpenses": 19366000, "totalOperatingExpenses": 44942000, "operatingIncome": 61247000, "totalOtherIncomeExpenseNet": 1000, "ebit": 0, "interestExpense": {}, "incomeBeforeTax": 61248000, "incomeTaxExpense": 10844000, "minorityInterest": {}, "netIncomeFromContinuingOps": 50404000, "discontinuedOperations": {}, "extraordinaryItems": {}, "effectOfAccountingCharges": {}, "otherItems": {}, "netIncome": 50404000, "netIncomeApplicableToCommonShares": 50404000}, {"maxAge": 1, "endDate": "2019-03-31", "totalRevenue": 72082000, "costOfRevenue": 235000, "grossProfit": 71847000, "researchDevelopment": {}, "sellingGeneralAdministrative": 8897000, "nonRecurring": {}, "otherOperatingExpenses": 3079000, "totalOperatingExpenses": 12532000, "operatingIncome": 59550000, "totalOtherIncomeExpenseNet": -1000, "ebit": 0, "interestExpense": {}, "incomeBeforeTax": 59549000, "incomeTaxExpense": 18520000, "minorityInterest": {}, "netIncomeFromContinuingOps": 41029000, "discontinuedOperations": {}, "extraordinaryItems": {}, "effectOfAccountingCharges": {}, "otherItems": {}, "netIncome": 41029000, "netIncomeApplicableToCommonShares": 41029000}, {"maxAge": 1, "endDate": "2018-03-31", "totalRevenue": 51642547, "costOfRevenue": 4219776, "grossProfit": 47422771, "researchDevelopment": {}, "sellingGeneralAdministrative": 7374095, "nonRecurring": {}, "otherOperatingExpenses": -314912, "totalOperatingExpenses": 11638673, "operatingIncome": 40003874, "totalOtherIncomeExpenseNet": 1, "ebit": 0, "interestExpense": {}, "incomeBeforeTax": 40003875, "incomeTaxExpense": 11053648, "minorityInterest": {}, "netIncomeFromContinuingOps": 28950227, "discontinuedOperations": {}, "extraordinaryItems": {}, "effectOfAccountingCharges": {}, "otherItems": {}, "netIncome": 28950227, "netIncomeApplicableToCommonShares": 28950227}, {"maxAge": 1, "endDate": "2017-03-31", "totalRevenue": 29248481, "costOfRevenue": 2832770, "grossProfit": 26415711, "researchDevelopment": {}, "sellingGeneralAdministrative": 4213384, "nonRecurring": {}, "otherOperatingExpenses": 663159, "totalOperatingExpenses": 8208666, "operatingIncome": 21039815, "totalOtherIncomeExpenseNet": 0, "ebit": 0, "interestExpense": {}, "incomeBeforeTax": 21039815, "incomeTaxExpense": 6966854, "minorityInterest": {}, "netIncomeFromContinuingOps": 14072961, "discontinuedOperations": {}, "extraordinaryItems": {}, "effectOfAccountingCharges": {}, "otherItems": {}, "netIncome": 14072961, "netIncomeApplicableToCommonShares": 14072961}], "maxAge": 86400}, "fundOwnership": {"ownershipList": [], "maxAge": 1}, "summaryDetail": {"maxAge": 1, "priceHint": 2, "previousClose": 87.65, "open": 89.5, "dayLow": 84.15, "dayHigh": 90.0, "regularMarketPreviousClose": 87.65, "regularMarketOpen": 89.5, "regularMarketDayLow": 84.15, "regularMarketDayHigh": 90.0, "trailingPE": 27.362265, "volume": 38402, "regularMarketVolume": 38402, "averageVolume": 1691, "averageVolume10days": 1001, "averageDailyVolume10Day": 1001, "bid": 84.0, "ask": 88.9, "bidSize": 0, "askSize": 0, "marketCap": 1073823104, "fiftyTwoWeekLow": 41.0, "fiftyTwoWeekHigh": 109.0, "fiftyDayAverage": 84.22576, "twoHundredDayAverage": 83.80367, "currency": "INR", "fromCurrency": null, "lastMarket": null, "algorithm": null, "tradeable": false}, "incomeStatementHistoryQuarterly": {"incomeStatementHistory": [{"maxAge": 1, "endDate": "2020-06-30", "totalRevenue": 20615600, "costOfRevenue": 0, "grossProfit": 20615600, "researchDevelopment": {}, "sellingGeneralAdministrative": 5858400, "nonRecurring": {}, "otherOperatingExpenses": 2042000, "totalOperatingExpenses": 8099400, "operatingIncome": 12516200, "totalOtherIncomeExpenseNet": 0, "ebit": 0, "interestExpense": {}, "incomeBeforeTax": 12516200, "incomeTaxExpense": 3026400, "minorityInterest": {}, "netIncomeFromContinuingOps": 9489800, "discontinuedOperations": {}, "extraordinaryItems": {}, "effectOfAccountingCharges": {}, "otherItems": {}, "netIncome": 9489800, "netIncomeApplicableToCommonShares": 9489800}, {"maxAge": 1, "endDate": "2020-03-31", "totalRevenue": 34080300, "costOfRevenue": 23000, "grossProfit": 34057300, "researchDevelopment": {}, "sellingGeneralAdministrative": 9011700, "nonRecurring": {}, "otherOperatingExpenses": 9073600, "totalOperatingExpenses": 21775300, "operatingIncome": 12305000, "totalOtherIncomeExpenseNet": 1000, "ebit": 0, "interestExpense": {}, "incomeBeforeTax": 12306000, "incomeTaxExpense": -3437000, "minorityInterest": {}, "netIncomeFromContinuingOps": 15743000, "discontinuedOperations": {}, "extraordinaryItems": {}, "effectOfAccountingCharges": {}, "otherItems": {}, "netIncome": 15743000, "netIncomeApplicableToCommonShares": 15743000}, {"maxAge": 1, "endDate": "2019-12-31", "totalRevenue": 27081300, "costOfRevenue": 0, "grossProfit": 27081300, "researchDevelopment": {}, "sellingGeneralAdministrative": 5233000, "nonRecurring": {}, "otherOperatingExpenses": 5687000, "totalOperatingExpenses": 11037000, "operatingIncome": 16044300, "totalOtherIncomeExpenseNet": 0, "ebit": 0, "interestExpense": {}, "incomeBeforeTax": 16044300, "incomeTaxExpense": 7195900, "minorityInterest": {}, "netIncomeFromContinuingOps": 8848400, "discontinuedOperations": {}, "extraordinaryItems": {}, "effectOfAccountingCharges": {}, "otherItems": {}, "netIncome": 8848400, "netIncomeApplicableToCommonShares": 8848400}, {"maxAge": 1, "endDate": "2019-09-30", "totalRevenue": 24629000, "costOfRevenue": 0, "grossProfit": 24629000, "researchDevelopment": {}, "sellingGeneralAdministrative": 5203000, "nonRecurring": {}, "otherOperatingExpenses": 3263000, "totalOperatingExpenses": 8534000, "operatingIncome": 16095000, "totalOtherIncomeExpenseNet": 0, "ebit": 0, "interestExpense": {}, "incomeBeforeTax": 16095000, "incomeTaxExpense": 3003000, "minorityInterest": {}, "netIncomeFromContinuingOps": 13092000, "discontinuedOperations": {}, "extraordinaryItems": {}, "effectOfAccountingCharges": {}, "otherItems": {}, "netIncome": 13092000, "netIncomeApplicableToCommonShares": 13092000}], "maxAge": 86400}, "cashflowStatementHistoryQuarterly": {"cashflowStatements": [{"maxAge": 1, "endDate": "2020-06-30", "netIncome": 9489800, "changeToLiabilities": 0}, {"maxAge": 1, "endDate": "2020-03-31", "netIncome": 15743000, "changeToLiabilities": 0}, {"maxAge": 1, "endDate": "2019-12-31", "netIncome": 8848400, "changeToLiabilities": 0}, {"maxAge": 1, "endDate": "2019-09-30", "netIncome": 13092000, "changeToLiabilities": 0}], "maxAge": 86400}, "insiderHolders": {"holders": [{"maxAge": 1, "name": "Jain (Deepesh)", "relation": "UNREPORTED", "url": "", "transactionDescription": "Other", "latestTransDate": "2019-05-22", "positionDirect": 359000, "positionDirectDate": "2019-05-22"}, {"maxAge": 1, "name": "Jain (Nirmal Kumar)", "relation": "UNREPORTED", "url": "", "transactionDescription": "Other", "latestTransDate": "2019-05-22", "positionDirect": 929000, "positionDirectDate": "2019-05-22"}, {"maxAge": 1, "name": "Nagda (Pushpa)", "relation": "UNREPORTED", "url": "", "transactionDescription": "Other", "latestTransDate": "2019-05-22", "positionDirect": 1156560, "positionDirectDate": "2019-05-22"}], "maxAge": 1}, "calendarEvents": {"maxAge": 1, "earnings": {"earningsDate": ["2020-09-14 05:30:S"]}}, "upgradeDowngradeHistory": {"history": [], "maxAge": 86400}, "price": {"maxAge": 1, "regularMarketChangePercent": 0.014261266, "regularMarketChange": 1.25, "regularMarketTime": "2021-04-30 15:41:24", "priceHint": 2, "regularMarketPrice": 88.9, "regularMarketDayHigh": 90.0, "regularMarketDayLow": 84.15, "regularMarketVolume": 38402, "averageDailyVolume10Day": 1001, "averageDailyVolume3Month": 1691, "regularMarketPreviousClose": 87.65, "regularMarketSource": "FREE_REALTIME", "regularMarketOpen": 89.5, "exchange": "BSE", "exchangeName": "BSE", "exchangeDataDelayedBy": 0, "marketState": "CLOSED", "quoteType": "EQUITY", "symbol": "ASHFL.BO", "underlyingSymbol": null, "shortName": "Akme Star Housing Finance Limi", "longName": "Akme Star Housing Finance Limited", "currency": "INR", "quoteSourceName": "Delayed Quote", "currencySymbol": "\u20b9", "fromCurrency": null, "lastMarket": null, "marketCap": 1073823104}, "balanceSheetHistory": {"balanceSheetStatements": [{"maxAge": 1, "endDate": "2020-03-31", "cash": 11019000, "netReceivables": 831622000, "otherCurrentAssets": 15468000, "totalCurrentAssets": 893723000, "propertyPlantEquipment": 10047000, "intangibleAssets": 2023000, "otherAssets": 3615000, "deferredLongTermAssetCharges": 3614000, "totalAssets": 909408000, "shortLongTermDebt": 83503000, "longTermDebt": 233764000, "otherLiab": 7703000, "totalCurrentLiabilities": 143194000, "totalLiab": 384661000, "commonStock": 156735000, "retainedEarnings": 111301000, "treasuryStock": 83871000, "capitalSurplus": 172840000, "otherStockholderEquity": 83871000, "totalStockholderEquity": 524747000, "netTangibleAssets": 522724000}, {"maxAge": 1, "endDate": "2019-03-31", "cash": 30667000, "netReceivables": 635688000, "otherCurrentAssets": 14507000, "totalCurrentAssets": 716476000, "propertyPlantEquipment": 9848000, "intangibleAssets": 142000, "otherAssets": -434000, "deferredLongTermAssetCharges": -434000, "totalAssets": 726032000, "longTermDebt": 396928000, "otherLiab": 3388000, "totalCurrentLiabilities": 20545000, "totalLiab": 420861000, "commonStock": 120790000, "retainedEarnings": 80838000, "treasuryStock": 68654000, "capitalSurplus": 34889000, "otherStockholderEquity": 68654000, "totalStockholderEquity": 305171000, "netTangibleAssets": 305029000}, {"maxAge": 1, "endDate": "2018-03-31", "cash": 10932148, "netReceivables": 504160564, "otherCurrentAssets": 2541928, "totalCurrentAssets": 517634640, "longTermInvestments": 8800100, "propertyPlantEquipment": 4538135, "intangibleAssets": 89888, "otherAssets": 11676910, "totalAssets": 542739673, "accountsPayable": 9782223, "shortLongTermDebt": 49896246, "otherCurrentLiab": 1952329, "longTermDebt": 190785458, "otherLiab": 4445946, "totalCurrentLiabilities": 116742534, "totalLiab": 311973938, "commonStock": 120790000, "retainedEarnings": 70361632, "treasuryStock": 4725000, "capitalSurplus": 34889103, "otherStockholderEquity": 4725000, "totalStockholderEquity": 230765735, "netTangibleAssets": 230675847}, {"maxAge": 1, "endDate": "2017-03-31", "cash": 20463126, "netReceivables": 205605765, "otherCurrentAssets": 6850000, "totalCurrentAssets": 232918891, "longTermInvestments": 8800100, "propertyPlantEquipment": 4617127, "intangibleAssets": 112360, "otherAssets": 3300000, "totalAssets": 249748478, "shortLongTermDebt": 8153000, "otherCurrentLiab": 930916, "longTermDebt": 32849210, "otherLiab": 2553164, "totalCurrentLiabilities": 34895596, "totalLiab": 70297970, "commonStock": 118690000, "retainedEarnings": 41411405, "capitalSurplus": 19349103, "totalStockholderEquity": 179450508, "netTangibleAssets": 179338148}], "maxAge": 86400}, "financialData": {"maxAge": 86400, "currentPrice": 88.9, "recommendationKey": "none", "grossProfits": 106166000, "financialCurrency": "INR"}}}