{"ASHIMASYN.NS": {"assetProfile": {"address1": "Texcellence Complex", "address2": "Near Anupam Cinema Khokhra", "city": "Ahmedabad", "zip": "380021", "country": "India", "phone": "91 79 6777 7000", "fax": "91 79 2277 3061", "website": "http://www.ashima.in", "industry": "Textile Manufacturing", "sector": "Consumer Cyclical", "longBusinessSummary": "Ashima Limited manufactures and sells textile and related products in India. It offers basic denim; ring/slub denim; pigment/discharged print; polyester denim; and various yarn dyed fabrics, such as stripes, chambrays, twills, oxford, herringbones, indigo checks, pique, satin, dobbies, fusible woven interlinings, etc. The company also offers a range of shirts and jeans for men and women, as well as provides ready-to-stitch trouser and shirt fabric packs for men. It sells its products under the Frank Jefferson and ICON brands. The company also exports its products to approximately 45 countries. Ashima Limited was founded in 1982 and is based in Ahmedabad, India.", "fullTimeEmployees": 670, "companyOfficers": [{"maxAge": 1, "name": "Mr. Chintan Navnit Parikh", "age": 63, "title": "Chairman & MD", "yearBorn": 1957, "exercisedValue": 0, "unexercisedValue": 0}, {"maxAge": 1, "name": "Mr. Hiren S. Mahadevia", "title": "Group Chief Financial Officer", "exercisedValue": 0, "unexercisedValue": 0}, {"maxAge": 1, "name": "Mr. Shrikant S. Pareek", "age": 53, "title": "Additional Whole Time Director & Director of Operations", "yearBorn": 1967, "exercisedValue": 0, "unexercisedValue": 0}, {"maxAge": 1, "name": "Mr. Dipak S. Thaker", "title": "Company Sec. & Compliance 0fficer", "exercisedValue": 0, "unexercisedValue": 0}], "maxAge": 86400}, "cashflowStatementHistory": {"cashflowStatements": [{"maxAge": 1, "endDate": "2020-03-31", "netIncome": -33800000, "depreciation": 53200000, "changeToNetincome": -47300000, "changeToAccountReceivables": 84000000, "changeToLiabilities": -154700000, "changeToInventory": 149500000, "changeToOperatingActivities": -12300000, "totalCashFromOperatingActivities": 39100000, "capitalExpenditures": -80800000, "investments": -32500000, "otherCashflowsFromInvestingActivities": 24600000, "totalCashflowsFromInvestingActivities": 133200000, "netBorrowings": -37100000, "otherCashflowsFromFinancingActivities": -158000000, "totalCashFromFinancingActivities": -195100000, "changeInCash": -22800000}, {"maxAge": 1, "endDate": "2019-03-31", "netIncome": 326300000, "depreciation": 55000000, "changeToNetincome": -415200000, "changeToAccountReceivables": -105100000, "changeToLiabilities": -30000000, "changeToInventory": -50600000, "changeToOperatingActivities": -36000000, "totalCashFromOperatingActivities": -255100000, "capitalExpenditures": -17100000, "investments": -148300000, "otherCashflowsFromInvestingActivities": 141800000, "totalCashflowsFromInvestingActivities": 553500000, "netBorrowings": -549000000, "otherCashflowsFromFinancingActivities": 312300000, "totalCashFromFinancingActivities": -236700000, "changeInCash": 61700000}, {"maxAge": 1, "endDate": "2018-03-31", "netIncome": 1264800000, "depreciation": 36100000, "changeToNetincome": -1412300000, "changeToAccountReceivables": -75400000, "changeToLiabilities": 186500000, "changeToInventory": -127100000, "changeToOperatingActivities": 42800000, "totalCashFromOperatingActivities": -84000000, "capitalExpenditures": -216200000, "investments": 72200000, "otherCashflowsFromInvestingActivities": 3700000, "totalCashflowsFromInvestingActivities": 699200000, "netBorrowings": -517000000, "otherCashflowsFromFinancingActivities": -60300000, "totalCashFromFinancingActivities": -577300000, "changeInCash": 37900000}, {"maxAge": 1, "endDate": "2017-03-31", "netIncome": 272300000, "depreciation": 32600000, "changeToNetincome": -433500000, "changeToAccountReceivables": -2300000, "changeToLiabilities": -49400000, "changeToInventory": 18300000, "changeToOperatingActivities": 36600000, "totalCashFromOperatingActivities": -124100000, "capitalExpenditures": -142200000, "investments": -75500000, "otherCashflowsFromInvestingActivities": 4100000, "totalCashflowsFromInvestingActivities": 668900000, "netBorrowings": -538900000, "otherCashflowsFromFinancingActivities": -86100000, "totalCashFromFinancingActivities": -625000000, "changeInCash": -80200000}], "maxAge": 86400}, "institutionOwnership": {"maxAge": 1, "ownershipList": []}, "majorHoldersBreakdown": {"maxAge": 1, "insidersPercentHeld": 0.76448995, "institutionsPercentHeld": 0.0, "institutionsFloatPercentHeld": 0.0, "institutionsCount": 0}, "balanceSheetHistoryQuarterly": {"balanceSheetStatements": [{"maxAge": 1, "endDate": "2020-09-30", "cash": 370100000, "shortTermInvestments": 34100000, "netReceivables": 341100000, "inventory": 472000000, "otherCurrentAssets": 64700000, "totalCurrentAssets": 1282000000, "longTermInvestments": 21900000, "propertyPlantEquipment": 1366900000, "intangibleAssets": 2300000, "otherAssets": 91600000, "totalAssets": 2764700000, "accountsPayable": 298900000, "otherCurrentLiab": 149900000, "longTermDebt": 201400000, "otherLiab": 7600000, "totalCurrentLiabilities": 448800000, "totalLiab": 657800000, "commonStock": 1916600000, "treasuryStock": 190300000, "otherStockholderEquity": 190300000, "totalStockholderEquity": 2106900000, "netTangibleAssets": 2104600000}, {"maxAge": 1, "endDate": "2020-06-30", "totalStockholderEquity": 2209000000, "netTangibleAssets": 2206400000}, {"maxAge": 1, "endDate": "2020-03-31", "cash": 110500000, "shortTermInvestments": 34300000, "netReceivables": 499800000, "inventory": 583800000, "otherCurrentAssets": 87700000, "totalCurrentAssets": 1452500000, "longTermInvestments": 21900000, "propertyPlantEquipment": 1390400000, "intangibleAssets": 2600000, "otherAssets": 95600000, "totalAssets": 2963000000, "accountsPayable": 385400000, "shortLongTermDebt": 35800000, "otherCurrentLiab": 51800000, "longTermDebt": 216500000, "otherLiab": 2800000, "totalCurrentLiabilities": 528800000, "totalLiab": 754000000, "commonStock": 531700000, "retainedEarnings": 323500000, "treasuryStock": 1353800000, "otherStockholderEquity": 1353800000, "totalStockholderEquity": 2209000000, "netTangibleAssets": 2206400000}, {"maxAge": 1, "endDate": "2019-12-31", "totalStockholderEquity": 1728100000, "netTangibleAssets": 1725700000}], "maxAge": 86400}, "indexTrend": {"maxAge": 1, "symbol": "SP5", "peRatio": 19.7411, "pegRatio": 1.34172, "estimates": [{"period": "0q", "growth": 0.549}, {"period": "+1q", "growth": 0.431}, {"period": "0y", "growth": 0.305}, {"period": "+1y", "growth": 0.109}, {"period": "+5y", "growth": 0.120865}, {"period": "-5y"}]}, "defaultKeyStatistics": {"maxAge": 1, "priceHint": 2, "enterpriseValue": 2816247552, "profitMargins": -0.05395, "floatShares": 106664762, "sharesOutstanding": 191660000, "heldPercentInsiders": 0.76448995, "heldPercentInstitutions": 0.0, "beta": 1.295934, "category": null, "bookValue": 11.061, "priceToBook": 1.423922, "fundFamily": null, "legalType": null, "lastFiscalYearEnd": "2020-03-31 05:30:00", "nextFiscalYearEnd": "2022-03-31 05:30:00", "mostRecentQuarter": "2020-09-30 05:30:00", "netIncomeToCommon": -99700000, "trailingEps": -0.517, "lastSplitFactor": null, "enterpriseToRevenue": 1.524, "enterpriseToEbitda": -23.508, "52WeekChange": 2.75, "SandP52WeekChange": 0.48148263, "lastDividendValue": 1.25, "lastDividendDate": 976579200}, "summaryProfile": {"address1": "Texcellence Complex", "address2": "Near Anupam Cinema Khokhra", "city": "Ahmedabad", "zip": "380021", "country": "India", "phone": "91 79 6777 7000", "fax": "91 79 2277 3061", "website": "http://www.ashima.in", "industry": "Textile Manufacturing", "sector": "Consumer Cyclical", "longBusinessSummary": "Ashima Limited manufactures and sells textile and related products in India. It offers basic denim; ring/slub denim; pigment/discharged print; polyester denim; and various yarn dyed fabrics, such as stripes, chambrays, twills, oxford, herringbones, indigo checks, pique, satin, dobbies, fusible woven interlinings, etc. The company also offers a range of shirts and jeans for men and women, as well as provides ready-to-stitch trouser and shirt fabric packs for men. It sells its products under the Frank Jefferson and ICON brands. The company also exports its products to approximately 45 countries. Ashima Limited was founded in 1982 and is based in Ahmedabad, India.", "fullTimeEmployees": 670, "companyOfficers": [], "maxAge": 86400}, "netSharePurchaseActivity": {"maxAge": 1, "period": "6m", "buyInfoCount": 0, "buyInfoShares": 0, "sellInfoCount": 0, "netInfoCount": 0, "netInfoShares": 0, "netPercentInsiderShares": 0.0, "totalInsiderShares": 145617136}, "insiderTransactions": {"transactions": [{"maxAge": 1, "shares": 75281959, "filerUrl": "", "transactionText": "", "filerName": "Ashima Dyecot Pvt Ltd", "filerRelation": "Institution- Corporation", "moneyText": "", "startDate": "2020-07-29", "ownership": "D"}, {"maxAge": 1, "shares": 42, "filerUrl": "", "transactionText": "", "filerName": "Parikh (Shefali Chintan)", "filerRelation": "Promoter", "moneyText": "", "startDate": "2020-07-29", "ownership": "D"}, {"maxAge": 1, "shares": 8770, "filerUrl": "", "transactionText": "", "filerName": "Parikh (Chintan N)", "filerRelation": "UNREPORTED", "moneyText": "", "startDate": "2020-07-29", "ownership": "D"}, {"maxAge": 1, "shares": 14458937, "filerUrl": "", "transactionText": "", "filerName": "Albus Investments Pvt Ltd", "filerRelation": "Promoter", "moneyText": "", "startDate": "2017-11-29", "ownership": "D"}, {"maxAge": 1, "shares": 325000, "filerUrl": "", "transactionText": "", "filerName": "Navchintan Trust", "filerRelation": "Promoter", "moneyText": "", "startDate": "2017-07-19", "ownership": "D"}, {"maxAge": 1, "shares": 765341, "filerUrl": "", "transactionText": "", "filerName": "Navchintan Trust", "filerRelation": "Promoter", "moneyText": "", "startDate": "2017-07-14", "ownership": "D"}, {"maxAge": 1, "shares": 503635, "filerUrl": "", "transactionText": "", "filerName": "Navchintan Trust", "filerRelation": "Promoter", "moneyText": "", "startDate": "2017-04-21", "ownership": "D"}, {"maxAge": 1, "shares": 1077465, "filerUrl": "", "transactionText": "", "filerName": "Navchintan Trust", "filerRelation": "Promoter", "moneyText": "", "startDate": "2017-04-19", "ownership": "D"}, {"maxAge": 1, "shares": 3300000, "filerUrl": "", "transactionText": "", "filerName": "Albus Investments Pvt Ltd", "filerRelation": "Promoter", "moneyText": "", "startDate": "2015-06-11", "ownership": "D"}, {"maxAge": 1, "shares": 3300000, "filerUrl": "", "transactionText": "", "filerName": "Apus Investments Pvt Ltd", "filerRelation": "Promoter", "moneyText": "", "startDate": "2015-06-11", "ownership": "D"}, {"maxAge": 1, "shares": 500000, "filerUrl": "", "transactionText": "", "filerName": "Albus Investments Pvt Ltd", "filerRelation": "Promoter", "moneyText": "", "startDate": "2014-11-27", "ownership": "D"}, {"maxAge": 1, "shares": 500000, "filerUrl": "", "transactionText": "", "filerName": "Apus Investments Pvt Ltd", "filerRelation": "Promoter", "moneyText": "", "startDate": "2014-11-27", "ownership": "D"}, {"maxAge": 1, "shares": 135000, "filerUrl": "", "transactionText": "", "filerName": "Lahar Trading & Investments Pvt Ltd", "filerRelation": "Promoter", "moneyText": "", "startDate": "2014-11-27", "ownership": "D"}, {"maxAge": 1, "shares": 865000, "filerUrl": "", "transactionText": "", "filerName": "Elephants Enterprises Pvt Ltd", "filerRelation": "Promoter", "moneyText": "", "startDate": "2014-11-27", "ownership": "D"}, {"maxAge": 1, "shares": 1900000, "filerUrl": "", "transactionText": "", "filerName": "Durham Spintex & Holdings Pvt Ltd", "filerRelation": "Institution- Corporation", "moneyText": "", "startDate": "2014-10-21", "ownership": "D"}, {"maxAge": 1, "shares": 1900000, "filerUrl": "", "transactionText": "", "filerName": "Arth Trading Pvt. Ltd.", "filerRelation": "Institution- Corporation", "moneyText": "", "startDate": "2014-10-17", "ownership": "D"}, {"maxAge": 1, "shares": 2655129, "filerUrl": "", "transactionText": "", "filerName": "Oldfields Holdings Ltd", "filerRelation": "Institution- Corporation", "moneyText": "", "startDate": "2011-04-20", "ownership": "D"}, {"maxAge": 1, "shares": 2189000, "filerUrl": "", "transactionText": "", "filerName": "Geek Technologies Pvt Ltd", "filerRelation": "Institution- Corporation", "moneyText": "", "startDate": "2011-04-20", "ownership": "D"}], "maxAge": 1}, "quoteType": {"exchange": "NSI", "quoteType": "EQUITY", "symbol": "ASHIMASYN.NS", "underlyingSymbol": "ASHIMASYN.NS", "shortName": "ASHIMA", "longName": "Ashima Limited", "firstTradeDateEpochUtc": "2002-07-01 09:15:00", "timeZoneFullName": "Asia/Kolkata", "timeZoneShortName": "IST", "uuid": "c54e243a-9f38-30c4-9252-3097b6672ab3", "messageBoardId": "finmb_20757188", "gmtOffSetMilliseconds": 19800000, "maxAge": 1}, "incomeStatementHistory": {"incomeStatementHistory": [{"maxAge": 1, "endDate": "2020-03-31", "totalRevenue": 2854400000, "costOfRevenue": 1570700000, "grossProfit": 1283700000, "researchDevelopment": {}, "sellingGeneralAdministrative": 460000000, "nonRecurring": {}, "otherOperatingExpenses": 861100000, "totalOperatingExpenses": 2945500000, "operatingIncome": -91100000, "totalOtherIncomeExpenseNet": 57300000, "ebit": -91100000, "interestExpense": -26500000, "incomeBeforeTax": -33800000, "incomeTaxExpense": 0, "minorityInterest": {}, "netIncomeFromContinuingOps": -33800000, "discontinuedOperations": {}, "extraordinaryItems": {}, "effectOfAccountingCharges": {}, "otherItems": {}, "netIncome": -33800000, "netIncomeApplicableToCommonShares": -33800000}, {"maxAge": 1, "endDate": "2019-03-31", "totalRevenue": 3358300000, "costOfRevenue": 1796800000, "grossProfit": 1561500000, "researchDevelopment": {}, "sellingGeneralAdministrative": 539900000, "nonRecurring": {}, "otherOperatingExpenses": 1042100000, "totalOperatingExpenses": 3434300000, "operatingIncome": -76000000, "totalOtherIncomeExpenseNet": 402300000, "ebit": -76000000, "interestExpense": -74500000, "incomeBeforeTax": 326300000, "incomeTaxExpense": 0, "minorityInterest": {}, "netIncomeFromContinuingOps": 326300000, "discontinuedOperations": {}, "extraordinaryItems": {}, "effectOfAccountingCharges": {}, "otherItems": {}, "netIncome": 326300000, "netIncomeApplicableToCommonShares": 326300000}, {"maxAge": 1, "endDate": "2018-03-31", "totalRevenue": 2299700000, "costOfRevenue": 1231200000, "grossProfit": 1068500000, "researchDevelopment": {}, "sellingGeneralAdministrative": 350800000, "nonRecurring": {}, "otherOperatingExpenses": 811900000, "totalOperatingExpenses": 2430600000, "operatingIncome": -130900000, "totalOtherIncomeExpenseNet": 1395700000, "ebit": -130900000, "interestExpense": -62900000, "incomeBeforeTax": 1264800000, "incomeTaxExpense": 0, "minorityInterest": {}, "netIncomeFromContinuingOps": 1264800000, "discontinuedOperations": {}, "extraordinaryItems": {}, "effectOfAccountingCharges": {}, "otherItems": {}, "netIncome": 1264800000, "netIncomeApplicableToCommonShares": 1264800000}, {"maxAge": 1, "endDate": "2017-03-31", "totalRevenue": 1929200000, "costOfRevenue": 988100000, "grossProfit": 941100000, "researchDevelopment": {}, "sellingGeneralAdministrative": 374000000, "nonRecurring": {}, "otherOperatingExpenses": 681800000, "totalOperatingExpenses": 2077800000, "operatingIncome": -148600000, "totalOtherIncomeExpenseNet": 425000000, "ebit": -148600000, "interestExpense": -89700000, "incomeBeforeTax": 276400000, "incomeTaxExpense": 4100000, "minorityInterest": {}, "netIncomeFromContinuingOps": 272300000, "discontinuedOperations": {}, "extraordinaryItems": {}, "effectOfAccountingCharges": {}, "otherItems": {}, "netIncome": 272300000, "netIncomeApplicableToCommonShares": 272300000}], "maxAge": 86400}, "fundOwnership": {"maxAge": 1, "ownershipList": []}, "summaryDetail": {"maxAge": 1, "priceHint": 2, "previousClose": 15.85, "open": 15.6, "dayLow": 15.1, "dayHigh": 16.05, "regularMarketPreviousClose": 15.85, "regularMarketOpen": 15.6, "regularMarketDayLow": 15.1, "regularMarketDayHigh": 16.05, "exDividendDate": "2000-12-12 05:30:00", "payoutRatio": 0.0, "beta": 1.295934, "volume": 139476, "regularMarketVolume": 139476, "averageVolume": 209192, "averageVolume10days": 73589, "averageDailyVolume10Day": 73589, "bid": 0.0, "ask": 0.0, "bidSize": 0, "askSize": 0, "marketCap": 3037686528, "fiftyTwoWeekLow": 3.8, "fiftyTwoWeekHigh": 18.45, "priceToSalesTrailing12Months": 1.6436808, "fiftyDayAverage": 15.828788, "twoHundredDayAverage": 12.547518, "currency": "INR", "fromCurrency": null, "toCurrency": null, "lastMarket": null, "algorithm": null, "tradeable": false}, "incomeStatementHistoryQuarterly": {"incomeStatementHistory": [{"maxAge": 1, "endDate": "2020-09-30", "totalRevenue": 358700000, "costOfRevenue": 209000000, "grossProfit": 149700000, "researchDevelopment": {}, "sellingGeneralAdministrative": 89100000, "nonRecurring": {}, "otherOperatingExpenses": 103700000, "totalOperatingExpenses": 413800000, "operatingIncome": -55100000, "totalOtherIncomeExpenseNet": 15100000, "ebit": -55100000, "interestExpense": -7800000, "incomeBeforeTax": -40000000, "incomeTaxExpense": 0, "minorityInterest": {}, "netIncomeFromContinuingOps": -40000000, "discontinuedOperations": {}, "extraordinaryItems": {}, "effectOfAccountingCharges": {}, "otherItems": {}, "netIncome": -40000000, "netIncomeApplicableToCommonShares": -40000000}, {"maxAge": 1, "endDate": "2020-06-30", "totalRevenue": 82200000, "costOfRevenue": 25400000, "grossProfit": 56800000, "researchDevelopment": {}, "sellingGeneralAdministrative": 65000000, "nonRecurring": {}, "otherOperatingExpenses": 57000000, "totalOperatingExpenses": 158800000, "operatingIncome": -76600000, "totalOtherIncomeExpenseNet": 14500000, "ebit": -76600000, "interestExpense": -4000000, "incomeBeforeTax": -62100000, "incomeTaxExpense": 0, "minorityInterest": {}, "netIncomeFromContinuingOps": -62100000, "discontinuedOperations": {}, "extraordinaryItems": {}, "effectOfAccountingCharges": {}, "otherItems": {}, "netIncome": -62100000, "netIncomeApplicableToCommonShares": -62100000}, {"maxAge": 1, "endDate": "2020-03-31", "totalRevenue": 1363000000, "costOfRevenue": 639100000, "grossProfit": 723900000, "researchDevelopment": {}, "sellingGeneralAdministrative": 246900000, "nonRecurring": {}, "otherOperatingExpenses": 465500000, "totalOperatingExpenses": 1379400000, "operatingIncome": -16400000, "totalOtherIncomeExpenseNet": 38700000, "ebit": -16400000, "interestExpense": -18700000, "incomeBeforeTax": 22300000, "incomeTaxExpense": 0, "minorityInterest": {}, "netIncomeFromContinuingOps": 22300000, "discontinuedOperations": {}, "extraordinaryItems": {}, "effectOfAccountingCharges": {}, "otherItems": {}, "netIncome": 22300000, "netIncomeApplicableToCommonShares": 22300000}, {"maxAge": 1, "endDate": "2019-12-31", "totalRevenue": 562100000, "costOfRevenue": 361100000, "grossProfit": 201000000, "researchDevelopment": {}, "sellingGeneralAdministrative": 73000000, "nonRecurring": {}, "otherOperatingExpenses": 123300000, "totalOperatingExpenses": 565900000, "operatingIncome": -3800000, "totalOtherIncomeExpenseNet": -200000, "ebit": -3800000, "interestExpense": -6100000, "incomeBeforeTax": -4000000, "incomeTaxExpense": 0, "minorityInterest": {}, "netIncomeFromContinuingOps": -4000000, "discontinuedOperations": {}, "extraordinaryItems": {}, "effectOfAccountingCharges": {}, "otherItems": {}, "netIncome": -4000000, "netIncomeApplicableToCommonShares": -4000000}], "maxAge": 86400}, "cashflowStatementHistoryQuarterly": {"cashflowStatements": [{"maxAge": 1, "endDate": "2020-09-30", "netIncome": -40000000, "changeToLiabilities": 0}, {"maxAge": 1, "endDate": "2020-06-30", "netIncome": -62100000, "changeToLiabilities": 0}, {"maxAge": 1, "endDate": "2020-03-31", "netIncome": 22300000, "changeToLiabilities": 0}, {"maxAge": 1, "endDate": "2019-12-31", "netIncome": -4000000, "changeToLiabilities": 0}], "maxAge": 86400}, "insiderHolders": {"holders": [{"maxAge": 1, "name": "Albus Investments Pvt Ltd", "relation": "Promoter", "url": "", "transactionDescription": "Other", "latestTransDate": "2017-11-29", "positionDirect": 16596808, "positionDirectDate": "2017-11-29"}, {"maxAge": 1, "name": "Apus Investments Pvt Ltd", "relation": "Promoter", "url": "", "transactionDescription": "Purchase", "latestTransDate": "2015-06-11", "positionDirect": 8734221, "positionDirectDate": "2015-06-11"}, {"maxAge": 1, "name": "Arth Trading Pvt. Ltd.", "relation": "Institution- Corporation", "url": "", "transactionDescription": "Purchase", "latestTransDate": "2014-10-17", "positionDirect": 1900000, "positionDirectDate": "2014-10-17"}, {"maxAge": 1, "name": "Ashima Dyecot Pvt Ltd", "relation": "Institution- Corporation", "url": "", "transactionDescription": "Sale", "latestTransDate": "2020-07-29", "positionDirect": 0, "positionDirectDate": "2020-07-29"}, {"maxAge": 1, "name": "Durham Spintex & Holdings Pvt Ltd", "relation": "Institution- Corporation", "url": "", "transactionDescription": "Sale", "latestTransDate": "2014-10-21", "positionDirect": 7395, "positionDirectDate": "2014-10-21"}, {"maxAge": 1, "name": "Elephants Enterprises Pvt Ltd", "relation": "Promoter", "url": "", "transactionDescription": "Sale", "latestTransDate": "2014-11-27", "positionDirect": 0, "positionDirectDate": "2014-11-27"}, {"maxAge": 1, "name": "Lahar Trading & Investments Pvt Ltd", "relation": "Promoter", "url": "", "transactionDescription": "Sale", "latestTransDate": "2014-11-27", "positionDirect": 0, "positionDirectDate": "2014-11-27"}, {"maxAge": 1, "name": "Navchintan Trust", "relation": "Promoter", "url": "", "transactionDescription": "Acquisition", "latestTransDate": "2017-07-19", "positionDirect": 2671441, "positionDirectDate": "2017-07-19"}, {"maxAge": 1, "name": "Parikh (Chintan N)", "relation": "UNREPORTED", "url": "", "transactionDescription": "Other", "latestTransDate": "2020-07-29", "positionDirect": 156670, "positionDirectDate": "2020-07-29"}, {"maxAge": 1, "name": "Parikh (Shefali Chintan)", "relation": "Promoter", "url": "", "transactionDescription": "Sale", "latestTransDate": "2020-07-29", "positionDirect": 88762, "positionDirectDate": "2020-07-29"}], "maxAge": 1}, "calendarEvents": {"maxAge": 1, "earnings": {"earningsDate": []}, "exDividendDate": "2000-12-12 05:30:00"}, "price": {"maxAge": 1, "regularMarketChangePercent": -0.006309172, "regularMarketChange": -0.10000038, "regularMarketTime": "2021-04-30 15:29:02", "priceHint": 2, "regularMarketPrice": 15.75, "regularMarketDayHigh": 16.05, "regularMarketDayLow": 15.1, "regularMarketVolume": 139476, "averageDailyVolume10Day": 73589, "averageDailyVolume3Month": 209192, "regularMarketPreviousClose": 15.85, "regularMarketSource": "FREE_REALTIME", "regularMarketOpen": 15.6, "exchange": "NSI", "exchangeName": "NSE", "exchangeDataDelayedBy": 15, "marketState": "CLOSED", "quoteType": "EQUITY", "symbol": "ASHIMASYN.NS", "underlyingSymbol": null, "shortName": "ASHIMA", "longName": "Ashima Limited", "currency": "INR", "quoteSourceName": "Delayed Quote", "currencySymbol": "\u20b9", "fromCurrency": null, "toCurrency": null, "lastMarket": null, "marketCap": 3037686528}, "balanceSheetHistory": {"balanceSheetStatements": [{"maxAge": 1, "endDate": "2020-03-31", "cash": 110500000, "shortTermInvestments": 34300000, "netReceivables": 499800000, "inventory": 583800000, "otherCurrentAssets": 87700000, "totalCurrentAssets": 1452500000, "longTermInvestments": 21900000, "propertyPlantEquipment": 1390400000, "intangibleAssets": 2600000, "otherAssets": 95600000, "totalAssets": 2963000000, "accountsPayable": 385400000, "shortLongTermDebt": 35800000, "otherCurrentLiab": 51800000, "longTermDebt": 216500000, "otherLiab": 2800000, "totalCurrentLiabilities": 528800000, "totalLiab": 754000000, "commonStock": 531700000, "retainedEarnings": 323500000, "treasuryStock": 1353800000, "otherStockholderEquity": 1353800000, "totalStockholderEquity": 2209000000, "netTangibleAssets": 2206400000}, {"maxAge": 1, "endDate": "2019-03-31", "cash": 133300000, "shortTermInvestments": 10900000, "netReceivables": 614900000, "inventory": 733300000, "otherCurrentAssets": 73800000, "totalCurrentAssets": 1687900000, "longTermInvestments": 21900000, "propertyPlantEquipment": 1365600000, "intangibleAssets": 3100000, "otherAssets": 115200000, "totalAssets": 3193700000, "accountsPayable": 540100000, "shortLongTermDebt": 35400000, "otherCurrentLiab": 30400000, "longTermDebt": 245700000, "otherLiab": 9000000, "totalCurrentLiabilities": 685600000, "totalLiab": 940300000, "commonStock": 929700000, "retainedEarnings": 1345500000, "treasuryStock": -21800000, "otherStockholderEquity": -21800000, "totalStockholderEquity": 2253400000, "netTangibleAssets": 2250300000}, {"maxAge": 1, "endDate": "2018-03-31", "cash": 56200000, "shortTermInvestments": 300000, "netReceivables": 716800000, "inventory": 571800000, "otherCurrentAssets": 104600000, "totalCurrentAssets": 1453500000, "propertyPlantEquipment": 1047900000, "intangibleAssets": 2500000, "otherAssets": 52300000, "totalAssets": 2556200000, "accountsPayable": 452600000, "shortLongTermDebt": 19600000, "otherCurrentLiab": 141500000, "longTermDebt": 237700000, "otherLiab": 3700000, "totalCurrentLiabilities": 712100000, "totalLiab": 953500000, "commonStock": 1284500000, "retainedEarnings": 332100000, "treasuryStock": -13900000, "otherStockholderEquity": -13900000, "totalStockholderEquity": 1602700000, "netTangibleAssets": 1600200000}, {"maxAge": 1, "endDate": "2017-03-31", "cash": 115900000, "netReceivables": 98800000, "inventory": 444700000, "otherCurrentAssets": 38000000, "totalCurrentAssets": 707600000, "propertyPlantEquipment": 1209900000, "intangibleAssets": 2900000, "otherAssets": 63500000, "totalAssets": 1983900000, "accountsPayable": 270700000, "otherCurrentLiab": 331400000, "longTermDebt": 738500000, "otherLiab": 2900000, "totalCurrentLiabilities": 704000000, "totalLiab": 1445400000, "commonStock": 1284500000, "retainedEarnings": -738200000, "treasuryStock": -7800000, "otherStockholderEquity": -7800000, "totalStockholderEquity": 538500000, "netTangibleAssets": 535600000}], "maxAge": 86400}, "financialData": {"maxAge": 86400, "currentPrice": 15.75, "recommendationKey": "none", "totalCash": 404200000, "totalCashPerShare": 2.122, "ebitda": -119800000, "totalDebt": 201400000, "quickRatio": 1.203, "currentRatio": 2.857, "totalRevenue": 1848099968, "debtToEquity": 9.559, "revenuePerShare": 9.59, "returnOnAssets": -0.04074, "returnOnEquity": -0.05199, "grossProfits": 1283700000, "freeCashflow": 144424992, "operatingCashflow": 33100000, "revenueGrowth": -0.06, "grossMargins": 0.43537, "ebitdaMargins": -0.06482, "operatingMargins": -0.08928, "profitMargins": -0.05395, "financialCurrency": "INR"}}}