{"ASHIANA.NS": {"assetProfile": {"address1": "304, Southern Park", "address2": "Saket District Centre Saket", "city": "New Delhi", "zip": "110017", "country": "India", "phone": "91 11 4265 4265", "fax": "91 11 4265 4200", "website": "http://www.ashianahousing.com", "industry": "Real Estate\u2014Development", "sector": "Real Estate", "longBusinessSummary": "Ashiana Housing Limited, through its subsidiaries, engages in the real estate business in India. The company develops comfort homes in Bhiwadi, Halol, Jaipur, Jamshedpur, Neemrana, and Jodhpur cities; senior living homes in Bhiwadi, Lavasa, Jaipur, and Chennai cities; kid centric homes in Bhiwadi, Jaipur, and Sohna cities; and care homes in Bhiwadi and Jaipur cities. It also engages in the resale and rental of properties; and the provision of maintenance services. The company was formerly known as Ashiana Housing and Finance (India) Limited and changed its name to Ashiana Housing Limited in May 2007. Ashiana Housing Limited was founded in 1979 and is headquartered in New Delhi, India.", "fullTimeEmployees": 840, "companyOfficers": [{"maxAge": 1, "name": "Mr. Ankur  Gupta", "age": 42, "title": "Joint MD & Exec. Director", "yearBorn": 1978, "fiscalYear": 2020, "totalPay": 9233000, "exercisedValue": 0, "unexercisedValue": 0}, {"maxAge": 1, "name": "Mr. Vishal  Gupta", "age": 46, "title": "MD & Exec. Director", "yearBorn": 1974, "fiscalYear": 2020, "totalPay": 7930000, "exercisedValue": 0, "unexercisedValue": 0}, {"maxAge": 1, "name": "Mr. Vikash  Dugar", "age": 44, "title": "Chief Financial Officer", "yearBorn": 1976, "exercisedValue": 0, "unexercisedValue": 0}, {"maxAge": 1, "name": "Mr. Shyamal Kumar Palit", "age": 58, "title": "VP of Operations", "yearBorn": 1962, "exercisedValue": 0, "unexercisedValue": 0}, {"maxAge": 1, "name": "Mr. Varun  Gupta", "age": 36, "title": "Whole-Time Director", "yearBorn": 1984, "fiscalYear": 2020, "totalPay": 8219000, "exercisedValue": 0, "unexercisedValue": 0}, {"maxAge": 1, "name": "Mr. U. Peter Sahaya Raj", "title": "VP of Chennai", "exercisedValue": 0, "unexercisedValue": 0}, {"maxAge": 1, "name": "Mr. Bhagwan  Kumar", "age": 49, "title": "VP of Land & Legal", "yearBorn": 1971, "fiscalYear": 2019, "exercisedValue": 0, "unexercisedValue": 0}, {"maxAge": 1, "name": "Mr. Nitin  Sharma", "age": 42, "title": "Company Sec. & Compliance Officer", "yearBorn": 1978, "exercisedValue": 0, "unexercisedValue": 0}, {"maxAge": 1, "name": "Mr. Vijay  Mohan", "title": "Deputy Gen. Mang. of Marketing", "exercisedValue": 0, "unexercisedValue": 0}, {"maxAge": 1, "name": "Mr. Deepak  Dhyani", "age": 41, "title": "Gen. Mang. of Sales & Customer Services", "yearBorn": 1979, "fiscalYear": 2019, "exercisedValue": 0, "unexercisedValue": 0}], "compensationAsOfEpochDate": "2020-12-31 05:30:00", "maxAge": 86400}, "recommendationTrend": {"trend": [{"period": "0m", "strongBuy": 0, "buy": 0, "hold": 0, "sell": 0, "strongSell": 0}, {"period": "-1m", "strongBuy": 0, "buy": 1, "hold": 0, "sell": 0, "strongSell": 0}, {"period": "-2m", "strongBuy": 0, "buy": 1, "hold": 0, "sell": 0, "strongSell": 0}, {"period": "-3m", "strongBuy": 0, "buy": 1, "hold": 0, "sell": 0, "strongSell": 0}], "maxAge": 86400}, "cashflowStatementHistory": {"cashflowStatements": [{"maxAge": 1, "endDate": "2020-03-31", "netIncome": -302400000, "depreciation": 89700000, "changeToNetincome": -26400000, "changeToAccountReceivables": -100300000, "changeToLiabilities": 292400000, "changeToInventory": 50600000, "changeToOperatingActivities": 278600000, "totalCashFromOperatingActivities": 284000000, "capitalExpenditures": -60200000, "investments": 595500000, "otherCashflowsFromInvestingActivities": 89000000, "totalCashflowsFromInvestingActivities": 638600000, "dividendsPaid": -25500000, "netBorrowings": -430400000, "otherCashflowsFromFinancingActivities": -175700000, "totalCashFromFinancingActivities": -631600000, "changeInCash": 291000000}, {"maxAge": 1, "endDate": "2019-03-31", "netIncome": 137800000, "depreciation": 81500000, "changeToNetincome": 120300000, "changeToAccountReceivables": 17100000, "changeToLiabilities": -790700000, "changeToInventory": 127100000, "changeToOperatingActivities": 203500000, "totalCashFromOperatingActivities": -103400000, "capitalExpenditures": -89300000, "investments": 307200000, "otherCashflowsFromInvestingActivities": 86700000, "totalCashflowsFromInvestingActivities": 307200000, "dividendsPaid": -25500000, "netBorrowings": 219600000, "otherCashflowsFromFinancingActivities": -175200000, "totalCashFromFinancingActivities": 18900000, "changeInCash": 222700000}, {"maxAge": 1, "endDate": "2018-03-31", "netIncome": 382300000, "depreciation": 73200000, "changeToNetincome": 61700000, "changeToAccountReceivables": -481800000, "changeToLiabilities": -767400000, "changeToInventory": 82800000, "changeToOperatingActivities": 106400000, "totalCashFromOperatingActivities": -542800000, "capitalExpenditures": -190600000, "investments": 199700000, "otherCashflowsFromInvestingActivities": 78600000, "totalCashflowsFromInvestingActivities": 110400000, "dividendsPaid": -25600000, "netBorrowings": 491800000, "otherCashflowsFromFinancingActivities": -144100000, "totalCashFromFinancingActivities": 322100000, "changeInCash": -110300000}, {"maxAge": 1, "endDate": "2017-03-31", "netIncome": 670100000, "depreciation": 78800000, "changeToNetincome": 87800000, "changeToAccountReceivables": -91200000, "changeToLiabilities": -604200000, "changeToInventory": -555100000, "changeToOperatingActivities": 20600000, "totalCashFromOperatingActivities": -393200000, "capitalExpenditures": -34600000, "investments": -408800000, "otherCashflowsFromInvestingActivities": 203700000, "totalCashflowsFromInvestingActivities": -237200000, "dividendsPaid": -25600000, "netBorrowings": 211200000, "otherCashflowsFromFinancingActivities": -64300000, "totalCashFromFinancingActivities": 146900000, "changeInCash": -483500000}], "maxAge": 86400}, "indexTrend": {"maxAge": 1, "symbol": "SP5", "peRatio": 19.7411, "pegRatio": 1.34172, "estimates": [{"period": "0q", "growth": 0.549}, {"period": "+1q", "growth": 0.431}, {"period": "0y", "growth": 0.305}, {"period": "+1y", "growth": 0.109}, {"period": "+5y", "growth": 0.120865}, {"period": "-5y"}]}, "defaultKeyStatistics": {"maxAge": 1, "priceHint": 2, "enterpriseValue": 10258915328, "profitMargins": -0.00299, "floatShares": 30569209, "sharesOutstanding": 102352000, "heldPercentInsiders": 0.65717006, "heldPercentInstitutions": 0.102510005, "beta": 1.215623, "category": null, "bookValue": 76.421, "priceToBook": 1.6029626, "fundFamily": null, "legalType": null, "lastFiscalYearEnd": "2020-03-31 05:30:00", "nextFiscalYearEnd": "2022-03-31 05:30:00", "mostRecentQuarter": "2020-12-31 05:30:00", "netIncomeToCommon": -7500000, "trailingEps": -0.094, "forwardEps": 17.2, "lastSplitFactor": "5:1", "lastSplitDate": "2013-10-24 05:30:00", "enterpriseToRevenue": 4.097, "enterpriseToEbitda": -560.596, "52WeekChange": 1.9341316, "SandP52WeekChange": 0.48148263, "lastDividendValue": 0.3, "lastDividendDate": 1597017600}, "industryTrend": {"maxAge": 1, "symbol": null, "estimates": []}, "quoteType": {"exchange": "NSI", "quoteType": "EQUITY", "symbol": "ASHIANA.NS", "underlyingSymbol": "ASHIANA.NS", "shortName": "ASHIANA HOUSING LD", "longName": "Ashiana Housing Limited", "firstTradeDateEpochUtc": "2011-06-29 09:15:00", "timeZoneFullName": "Asia/Kolkata", "timeZoneShortName": "IST", "uuid": "dd9a104a-b1d5-338a-9f47-6177b553f9f7", "messageBoardId": "finmb_22950053", "gmtOffSetMilliseconds": 19800000, "maxAge": 1}, "incomeStatementHistory": {"incomeStatementHistory": [{"maxAge": 1, "endDate": "2020-03-31", "totalRevenue": 3006000000, "costOfRevenue": 2259600000, "grossProfit": 746400000, "researchDevelopment": {}, "sellingGeneralAdministrative": 655200000, "nonRecurring": {}, "otherOperatingExpenses": 245400000, "totalOperatingExpenses": 3257000000, "operatingIncome": -251000000, "totalOtherIncomeExpenseNet": -142800000, "ebit": -251000000, "interestExpense": -135100000, "incomeBeforeTax": -393800000, "incomeTaxExpense": -91400000, "minorityInterest": 200000, "netIncomeFromContinuingOps": -302400000, "discontinuedOperations": {}, "extraordinaryItems": {}, "effectOfAccountingCharges": {}, "otherItems": {}, "netIncome": -302400000, "netIncomeApplicableToCommonShares": -302400000}, {"maxAge": 1, "endDate": "2019-03-31", "totalRevenue": 3322500000, "costOfRevenue": 2162100000, "grossProfit": 1160400000, "researchDevelopment": {}, "sellingGeneralAdministrative": 643700000, "nonRecurring": {}, "otherOperatingExpenses": 217100000, "totalOperatingExpenses": 3113900000, "operatingIncome": 208600000, "totalOtherIncomeExpenseNet": 30900000, "ebit": 208600000, "interestExpense": -147500000, "incomeBeforeTax": 239500000, "incomeTaxExpense": 101700000, "minorityInterest": 200000, "netIncomeFromContinuingOps": 137800000, "discontinuedOperations": {}, "extraordinaryItems": {}, "effectOfAccountingCharges": {}, "otherItems": {}, "netIncome": 137800000, "netIncomeApplicableToCommonShares": 137800000}, {"maxAge": 1, "endDate": "2018-03-31", "totalRevenue": 3079800000, "costOfRevenue": 1930200000, "grossProfit": 1149600000, "researchDevelopment": {}, "sellingGeneralAdministrative": 584500000, "nonRecurring": {}, "otherOperatingExpenses": 148100000, "totalOperatingExpenses": 2737200000, "operatingIncome": 342600000, "totalOtherIncomeExpenseNet": 144800000, "ebit": 342600000, "interestExpense": -110600000, "incomeBeforeTax": 487400000, "incomeTaxExpense": 105100000, "minorityInterest": 400000, "netIncomeFromContinuingOps": 382300000, "discontinuedOperations": {}, "extraordinaryItems": {}, "effectOfAccountingCharges": {}, "otherItems": {}, "netIncome": 382300000, "netIncomeApplicableToCommonShares": 382300000}, {"maxAge": 1, "endDate": "2017-03-31", "totalRevenue": 3603000000, "costOfRevenue": 2221100000, "grossProfit": 1381900000, "researchDevelopment": {}, "sellingGeneralAdministrative": 544700000, "nonRecurring": {}, "otherOperatingExpenses": 143200000, "totalOperatingExpenses": 2987800000, "operatingIncome": 615200000, "totalOtherIncomeExpenseNet": 299600000, "ebit": 615200000, "interestExpense": -61700000, "incomeBeforeTax": 914800000, "incomeTaxExpense": 244700000, "minorityInterest": 300000, "netIncomeFromContinuingOps": 670100000, "discontinuedOperations": {}, "extraordinaryItems": {}, "effectOfAccountingCharges": {}, "otherItems": {}, "netIncome": 670100000, "netIncomeApplicableToCommonShares": 670100000}], "maxAge": 86400}, "fundOwnership": {"maxAge": 1, "ownershipList": [{"maxAge": 1, "reportDate": "2021-01-31", "organization": "DFA Emerging Markets Core Equity Portfolio", "pctHeld": 0.00059999997, "position": 63000, "value": 6397650}, {"maxAge": 1, "reportDate": "2021-01-31", "organization": "DFA Emerging Markets Small Cap Series", "pctHeld": 0.0004, "position": 41417, "value": 4205896}]}, "summaryDetail": {"maxAge": 1, "priceHint": 2, "previousClose": 123.95, "open": 123.95, "dayLow": 120.05, "dayHigh": 124.45, "regularMarketPreviousClose": 123.95, "regularMarketOpen": 123.95, "regularMarketDayLow": 120.05, "regularMarketDayHigh": 124.45, "dividendRate": 0.3, "dividendYield": 0.0023999999, "exDividendDate": "2020-08-10 05:30:00", "beta": 1.215623, "forwardPE": 7.1220927, "volume": 61796, "regularMarketVolume": 61796, "averageVolume": 162001, "averageVolume10days": 44069, "averageDailyVolume10Day": 44069, "bid": 0.0, "ask": 0.0, "bidSize": 0, "askSize": 0, "marketCap": 12543142912, "fiftyTwoWeekLow": 39.0, "fiftyTwoWeekHigh": 163.4, "priceToSalesTrailing12Months": 5.0092425, "fiftyDayAverage": 130.975, "twoHundredDayAverage": 104.96014, "trailingAnnualDividendRate": 0.3, "trailingAnnualDividendYield": 0.002420331, "currency": "INR", "fromCurrency": null, "toCurrency": null, "lastMarket": null, "algorithm": null, "tradeable": false}, "insiderHolders": {"holders": [{"maxAge": 1, "name": "Gupta (Ankur)", "relation": "UNREPORTED", "url": "", "transactionDescription": "Acquisition", "latestTransDate": "2020-06-23", "positionIndirect": 20304325, "positionIndirectDate": 1592870400}, {"maxAge": 1, "name": "Gupta (Varun S)", "relation": "UNREPORTED", "url": "", "transactionDescription": "Acquisition", "latestTransDate": "2020-06-23", "positionDirect": 20306281, "positionDirectDate": "2020-06-23"}, {"maxAge": 1, "name": "Gupta (Vishal)", "relation": "UNREPORTED", "url": "", "transactionDescription": "Acquisition", "latestTransDate": "2020-06-23", "positionDirect": 14099340, "positionDirectDate": "2020-06-23"}, {"maxAge": 1, "name": "ICICI Prudential Balanced Fund", "relation": "Promoter", "url": "", "transactionDescription": "Acquisition", "latestTransDate": "2020-03-27", "positionDirect": 7443152, "positionDirectDate": "2020-03-27"}], "maxAge": 1}, "calendarEvents": {"maxAge": 1, "earnings": {"earningsDate": ["2018-02-14 05:30:S", "2018-02-16 05:30:S"], "revenueAverage": 776600000}, "exDividendDate": "2020-08-10 05:30:00"}, "price": {"maxAge": 1, "regularMarketChangePercent": -0.011698241, "regularMarketChange": -1.449997, "regularMarketTime": "2021-04-30 15:29:56", "priceHint": 2, "regularMarketPrice": 122.5, "regularMarketDayHigh": 124.45, "regularMarketDayLow": 120.05, "regularMarketVolume": 61796, "averageDailyVolume10Day": 44069, "averageDailyVolume3Month": 162001, "regularMarketPreviousClose": 123.95, "regularMarketSource": "FREE_REALTIME", "regularMarketOpen": 123.95, "exchange": "NSI", "exchangeName": "NSE", "exchangeDataDelayedBy": 15, "marketState": "CLOSED", "quoteType": "EQUITY", "symbol": "ASHIANA.NS", "underlyingSymbol": null, "shortName": "ASHIANA HOUSING LD", "longName": "Ashiana Housing Limited", "currency": "INR", "quoteSourceName": "Delayed Quote", "currencySymbol": "\u20b9", "fromCurrency": null, "toCurrency": null, "lastMarket": null, "marketCap": 12543142912}, "balanceSheetHistory": {"balanceSheetStatements": [{"maxAge": 1, "endDate": "2020-03-31", "cash": 746500000, "shortTermInvestments": 702500000, "netReceivables": 792300000, "inventory": 6793000000, "otherCurrentAssets": 584400000, "totalCurrentAssets": 9953900000, "longTermInvestments": 62400000, "propertyPlantEquipment": 676600000, "intangibleAssets": 9000000, "otherAssets": 1023000000, "deferredLongTermAssetCharges": 102500000, "totalAssets": 11724900000, "accountsPayable": 232500000, "shortLongTermDebt": 197600000, "otherCurrentLiab": 2029300000, "longTermDebt": 1037700000, "otherLiab": 313800000, "minorityInterest": 200000, "totalCurrentLiabilities": 2776800000, "totalLiab": 4227000000, "commonStock": 204700000, "retainedEarnings": 5260500000, "treasuryStock": 36700000, "capitalSurplus": 1995800000, "otherStockholderEquity": 36700000, "totalStockholderEquity": 7497700000, "netTangibleAssets": 7488700000}, {"maxAge": 1, "endDate": "2019-03-31", "cash": 529400000, "shortTermInvestments": 1314600000, "netReceivables": 701700000, "inventory": 6830700000, "otherCurrentAssets": 572100000, "totalCurrentAssets": 10425300000, "longTermInvestments": 67100000, "propertyPlantEquipment": 612700000, "intangibleAssets": 8300000, "otherAssets": 803300000, "deferredLongTermAssetCharges": -23100000, "totalAssets": 11916700000, "accountsPayable": 139500000, "shortLongTermDebt": 171500000, "otherCurrentLiab": 1782100000, "longTermDebt": 1427400000, "otherLiab": 290200000, "minorityInterest": 200000, "totalCurrentLiabilities": 2380800000, "totalLiab": 4098400000, "commonStock": 204700000, "retainedEarnings": 5442200000, "treasuryStock": 175400000, "capitalSurplus": 1995800000, "otherStockholderEquity": 175400000, "totalStockholderEquity": 7818100000, "netTangibleAssets": 7809800000}, {"maxAge": 1, "endDate": "2018-03-31", "cash": 324100000, "shortTermInvestments": 1616700000, "netReceivables": 690700000, "inventory": 7193300000, "otherCurrentAssets": 571900000, "totalCurrentAssets": 10881200000, "longTermInvestments": 25700000, "propertyPlantEquipment": 533700000, "intangibleAssets": 10800000, "otherAssets": 867500000, "totalAssets": 12318900000, "accountsPayable": 176300000, "shortLongTermDebt": 141500000, "otherCurrentLiab": 2583600000, "longTermDebt": 633800000, "otherLiab": 295200000, "minorityInterest": 400000, "totalCurrentLiabilities": 3731600000, "totalLiab": 4660600000, "commonStock": 204700000, "retainedEarnings": 5229200000, "treasuryStock": 228200000, "capitalSurplus": 1995800000, "otherStockholderEquity": 228200000, "totalStockholderEquity": 7657900000, "netTangibleAssets": 7647100000}, {"maxAge": 1, "endDate": "2017-03-31", "cash": 409700000, "shortTermInvestments": 1772300000, "netReceivables": 592800000, "inventory": 6697000000, "otherCurrentAssets": 1189900000, "totalCurrentAssets": 11125400000, "longTermInvestments": 29300000, "propertyPlantEquipment": 584300000, "intangibleAssets": 10800000, "otherAssets": 453800000, "totalAssets": 12203600000, "accountsPayable": 144400000, "shortLongTermDebt": 100300000, "otherCurrentLiab": 3452700000, "longTermDebt": 781100000, "otherLiab": 308900000, "minorityInterest": 300000, "totalCurrentLiabilities": 3886700000, "totalLiab": 4976700000, "commonStock": 204700000, "retainedEarnings": 4829800000, "treasuryStock": 196300000, "capitalSurplus": 1995800000, "otherStockholderEquity": 196300000, "totalStockholderEquity": 7226600000, "netTangibleAssets": 7215800000}], "maxAge": 86400}, "earningsTrend": {"trend": [{"maxAge": 1, "period": "0q", "endDate": "2017-06-30", "growth": {}, "earningsEstimate": {"avg": 0.0, "low": 0.0, "high": 0.0, "yearAgoEps": {}, "numberOfAnalysts": 0, "growth": {}}, "revenueEstimate": {"avg": 776600000, "low": 0, "high": 0, "numberOfAnalysts": 0, "yearAgoRevenue": {}, "growth": {}}, "epsTrend": {"current": 0.0, "7daysAgo": 0.0, "30daysAgo": 0.0, "60daysAgo": 0.0, "90daysAgo": 0.0}, "epsRevisions": {"upLast7days": 0, "upLast30days": 0, "downLast30days": 0, "downLast90days": {}}}, {"maxAge": 1, "period": "+1q", "endDate": "2017-09-30", "growth": {}, "earningsEstimate": {"avg": 0.0, "low": 0.0, "high": 0.0, "yearAgoEps": 2.02, "numberOfAnalysts": 0, "growth": {}}, "revenueEstimate": {"avg": 1160180000, "low": 0, "high": 0, "numberOfAnalysts": 0, "yearAgoRevenue": 1154200000, "growth": 0.005}, "epsTrend": {"current": 0.0, "7daysAgo": 0.0, "30daysAgo": 0.0, "60daysAgo": 0.0, "90daysAgo": 0.0}, "epsRevisions": {"upLast7days": 0, "upLast30days": 0, "downLast30days": 0, "downLast90days": {}}}, {"maxAge": 1, "period": "0y", "endDate": "2018-03-31", "growth": {}, "earningsEstimate": {"avg": 0.0, "low": 0.0, "high": 0.0, "yearAgoEps": {}, "numberOfAnalysts": 0, "growth": {}}, "revenueEstimate": {"avg": 5332000000, "low": 5332000000, "high": 5332000000, "numberOfAnalysts": 1, "yearAgoRevenue": 3585900000, "growth": 0.48700002}, "epsTrend": {"current": 0.0, "7daysAgo": 13.5, "30daysAgo": 13.5, "60daysAgo": 13.5, "90daysAgo": 13.5}, "epsRevisions": {"upLast7days": 0, "upLast30days": 0, "downLast30days": 0, "downLast90days": {}}}, {"maxAge": 1, "period": "+1y", "endDate": "2019-03-31", "growth": {}, "earningsEstimate": {"avg": 0.0, "low": 0.0, "high": 0.0, "yearAgoEps": {}, "numberOfAnalysts": 0, "growth": {}}, "revenueEstimate": {"avg": 6937000000, "low": 6937000000, "high": 6937000000, "numberOfAnalysts": 1, "yearAgoRevenue": 5332000000, "growth": 0.301}, "epsTrend": {"current": 0.0, "7daysAgo": 17.2, "30daysAgo": 17.2, "60daysAgo": 17.2, "90daysAgo": 17.2}, "epsRevisions": {"upLast7days": 0, "upLast30days": 0, "downLast30days": 0, "downLast90days": {}}}, {"maxAge": 1, "period": "+5y", "endDate": null, "growth": {}, "earningsEstimate": {"avg": {}, "low": {}, "high": {}, "yearAgoEps": {}, "numberOfAnalysts": {}, "growth": {}}, "revenueEstimate": {"avg": {}, "low": {}, "high": {}, "numberOfAnalysts": {}, "yearAgoRevenue": {}, "growth": {}}, "epsTrend": {"current": {}, "7daysAgo": {}, "30daysAgo": {}, "60daysAgo": {}, "90daysAgo": {}}, "epsRevisions": {"upLast7days": {}, "upLast30days": {}, "downLast30days": {}, "downLast90days": {}}}, {"maxAge": 1, "period": "-5y", "endDate": null, "growth": 0.11021, "earningsEstimate": {"avg": {}, "low": {}, "high": {}, "yearAgoEps": {}, "numberOfAnalysts": {}, "growth": {}}, "revenueEstimate": {"avg": {}, "low": {}, "high": {}, "numberOfAnalysts": {}, "yearAgoRevenue": {}, "growth": {}}, "epsTrend": {"current": {}, "7daysAgo": {}, "30daysAgo": {}, "60daysAgo": {}, "90daysAgo": {}}, "epsRevisions": {"upLast7days": {}, "upLast30days": {}, "downLast30days": {}, "downLast90days": {}}}], "maxAge": 1}, "institutionOwnership": {"maxAge": 1, "ownershipList": []}, "majorHoldersBreakdown": {"maxAge": 1, "insidersPercentHeld": 0.65717006, "institutionsPercentHeld": 0.102510005, "institutionsFloatPercentHeld": 0.29902, "institutionsCount": 6}, "balanceSheetHistoryQuarterly": {"balanceSheetStatements": [{"maxAge": 1, "endDate": "2020-12-31", "cash": 883000000, "shortTermInvestments": 1617200000, "netReceivables": 239500000, "inventory": 6745700000, "otherCurrentAssets": 1059600000, "totalCurrentAssets": 10884100000, "longTermInvestments": 262400000, "propertyPlantEquipment": 540600000, "intangibleAssets": 8200000, "otherAssets": 716500000, "deferredLongTermAssetCharges": 104600000, "totalAssets": 12411800000, "accountsPayable": 271500000, "otherCurrentLiab": 3398500000, "longTermDebt": 497400000, "otherLiab": 442800000, "minorityInterest": 200000, "totalCurrentLiabilities": 3911600000, "totalLiab": 4851800000, "commonStock": 204700000, "treasuryStock": 7355100000, "otherStockholderEquity": 7355100000, "totalStockholderEquity": 7559800000, "netTangibleAssets": 7551600000}, {"maxAge": 1, "endDate": "2020-09-30", "cash": 617200000, "shortTermInvestments": 1194500000, "netReceivables": 278500000, "inventory": 6556900000, "otherCurrentAssets": 1080300000, "totalCurrentAssets": 10069900000, "longTermInvestments": 284700000, "propertyPlantEquipment": 641200000, "intangibleAssets": 8300000, "otherAssets": 731700000, "deferredLongTermAssetCharges": 116500000, "totalAssets": 11735800000, "accountsPayable": 224100000, "otherCurrentLiab": 2777300000, "longTermDebt": 589000000, "otherLiab": 427100000, "minorityInterest": 200000, "totalCurrentLiabilities": 3292900000, "totalLiab": 4309000000, "commonStock": 204700000, "treasuryStock": 7221900000, "otherStockholderEquity": 7221900000, "totalStockholderEquity": 7426600000, "netTangibleAssets": 7418300000}, {"maxAge": 1, "endDate": "2020-06-30", "cash": 674700000, "shortTermInvestments": 1186300000, "netReceivables": 336000000, "inventory": 6217100000, "otherCurrentAssets": 982500000, "totalCurrentAssets": 9736100000, "longTermInvestments": 318100000, "propertyPlantEquipment": 659100000, "intangibleAssets": 8500000, "otherAssets": 718800000, "deferredLongTermAssetCharges": 100400000, "totalAssets": 11440600000, "accountsPayable": 184200000, "otherCurrentLiab": 2502100000, "longTermDebt": 594900000, "otherLiab": 425500000, "minorityInterest": 200000, "totalCurrentLiabilities": 2945200000, "totalLiab": 3965600000, "commonStock": 204700000, "treasuryStock": 7270100000, "otherStockholderEquity": 7270100000, "totalStockholderEquity": 7474800000, "netTangibleAssets": 7466300000}, {"maxAge": 1, "endDate": "2020-03-31", "cash": 746500000, "shortTermInvestments": 702500000, "netReceivables": 792300000, "inventory": 6793000000, "otherCurrentAssets": 584400000, "totalCurrentAssets": 9953900000, "longTermInvestments": 62400000, "propertyPlantEquipment": 676600000, "intangibleAssets": 9000000, "otherAssets": 1023000000, "deferredLongTermAssetCharges": 102500000, "totalAssets": 11724900000, "accountsPayable": 232500000, "shortLongTermDebt": 197600000, "otherCurrentLiab": 2029300000, "longTermDebt": 1037700000, "otherLiab": 313800000, "minorityInterest": 200000, "totalCurrentLiabilities": 2776800000, "totalLiab": 4227000000, "commonStock": 204700000, "retainedEarnings": 5260500000, "treasuryStock": 36700000, "capitalSurplus": 1995800000, "otherStockholderEquity": 36700000, "totalStockholderEquity": 7497700000, "netTangibleAssets": 7488700000}], "maxAge": 86400}, "earningsHistory": {"history": [{"maxAge": 1, "epsActual": {}, "epsEstimate": {}, "epsDifference": {}, "surprisePercent": {}, "quarter": {}, "period": "-4q"}, {"maxAge": 1, "epsActual": 2.02, "epsEstimate": 0.3, "epsDifference": 1.72, "surprisePercent": 5.733, "quarter": "2016-09-30", "period": "-3q"}, {"maxAge": 1, "epsActual": 1.56, "epsEstimate": 1.6, "epsDifference": -0.04, "surprisePercent": -0.025, "quarter": "2016-12-31", "period": "-2q"}, {"maxAge": 1, "epsActual": 3.89, "epsEstimate": 3.9, "epsDifference": -0.01, "surprisePercent": -0.003, "quarter": "2017-03-31", "period": "-1q"}], "maxAge": 86400}, "summaryProfile": {"address1": "304, Southern Park", "address2": "Saket District Centre Saket", "city": "New Delhi", "zip": "110017", "country": "India", "phone": "91 11 4265 4265", "fax": "91 11 4265 4200", "website": "http://www.ashianahousing.com", "industry": "Real Estate\u2014Development", "sector": "Real Estate", "longBusinessSummary": "Ashiana Housing Limited, through its subsidiaries, engages in the real estate business in India. The company develops comfort homes in Bhiwadi, Halol, Jaipur, Jamshedpur, Neemrana, and Jodhpur cities; senior living homes in Bhiwadi, Lavasa, Jaipur, and Chennai cities; kid centric homes in Bhiwadi, Jaipur, and Sohna cities; and care homes in Bhiwadi and Jaipur cities. It also engages in the resale and rental of properties; and the provision of maintenance services. The company was formerly known as Ashiana Housing and Finance (India) Limited and changed its name to Ashiana Housing Limited in May 2007. Ashiana Housing Limited was founded in 1979 and is headquartered in New Delhi, India.", "fullTimeEmployees": 840, "companyOfficers": [], "maxAge": 86400}, "netSharePurchaseActivity": {"maxAge": 1, "period": "6m", "buyInfoCount": 0, "buyInfoShares": 0, "sellInfoCount": 0, "netInfoCount": 0, "netInfoShares": 0, "netPercentInsiderShares": 0.0, "totalInsiderShares": 65009280}, "insiderTransactions": {"transactions": [{"maxAge": 1, "shares": 0, "filerUrl": "", "transactionText": "", "filerName": "Gupta (Ankur)", "filerRelation": "UNREPORTED", "moneyText": "", "startDate": "2020-06-23", "ownership": "I"}, {"maxAge": 1, "shares": 16256653, "filerUrl": "", "transactionText": "", "filerName": "Gupta (Varun S)", "filerRelation": "UNREPORTED", "moneyText": "", "startDate": "2020-06-23", "ownership": "D"}, {"maxAge": 1, "shares": 16259121, "filerUrl": "", "transactionText": "", "filerName": "Gupta (Ankur)", "filerRelation": "UNREPORTED", "moneyText": "", "startDate": "2020-06-23", "ownership": "D"}, {"maxAge": 1, "shares": 11293174, "filerUrl": "", "transactionText": "", "filerName": "Gupta (Vishal)", "filerRelation": "UNREPORTED", "moneyText": "", "startDate": "2020-06-23", "ownership": "D"}, {"maxAge": 1, "shares": 300000, "filerUrl": "", "transactionText": "", "filerName": "ICICI Prudential Balanced Fund", "filerRelation": "Promoter", "moneyText": "", "startDate": "2020-03-27", "ownership": "D"}, {"maxAge": 1, "shares": 3800, "filerUrl": "", "transactionText": "", "filerName": "Gupta (Varun S)", "filerRelation": "Wholetime Director", "moneyText": "", "startDate": "2013-10-23", "ownership": "D"}, {"maxAge": 1, "shares": 3800, "filerUrl": "", "transactionText": "", "filerName": "Gupta (Vishal)", "filerRelation": "Managing Director", "moneyText": "", "startDate": "2013-10-23", "ownership": "D"}, {"maxAge": 1, "shares": 8500, "filerUrl": "", "transactionText": "", "filerName": "Gupta (Varun S)", "filerRelation": "Wholetime Director", "moneyText": "", "startDate": "2013-10-18", "ownership": "D"}, {"maxAge": 1, "shares": 8605, "filerUrl": "", "transactionText": "", "filerName": "Gupta (Ankur)", "filerRelation": "Joint Managing director", "moneyText": "", "startDate": "2013-10-18", "ownership": "D"}, {"maxAge": 1, "shares": 8500, "filerUrl": "", "transactionText": "", "filerName": "Gupta (Vishal)", "filerRelation": "Managing Director", "moneyText": "", "startDate": "2013-10-18", "ownership": "D"}, {"maxAge": 1, "shares": 77520, "filerUrl": "", "transactionText": "", "filerName": "Gupta (Varun S)", "filerRelation": "Director", "moneyText": "", "startDate": "2012-08-14", "ownership": "D"}, {"maxAge": 1, "shares": 38470, "filerUrl": "", "transactionText": "", "filerName": "Gupta (Vishal)", "filerRelation": "Managing Director", "moneyText": "", "startDate": "2012-08-14", "ownership": "D"}, {"maxAge": 1, "shares": 36010, "filerUrl": "", "transactionText": "", "filerName": "Gupta (Ankur)", "filerRelation": "Joint Managing director", "moneyText": "", "startDate": "2012-08-14", "ownership": "D"}, {"maxAge": 1, "shares": 27811, "filerUrl": "", "transactionText": "", "filerName": "Gupta (Varun S)", "filerRelation": "Director", "moneyText": "", "startDate": "2009-10-12", "ownership": "D"}, {"maxAge": 1, "shares": 1249398, "filerUrl": "", "transactionText": "", "filerName": "Gupta (Ankur)", "filerRelation": "Joint Managing director", "moneyText": "", "startDate": "2009-10-12", "ownership": "D"}, {"maxAge": 1, "shares": 4205, "filerUrl": "", "transactionText": "", "filerName": "Gupta (Vishal)", "filerRelation": "Joint Managing director", "moneyText": "", "startDate": "2009-10-12", "ownership": "D"}, {"maxAge": 1, "shares": 9000, "filerUrl": "", "transactionText": "", "filerName": "Gupta (Varun S)", "filerRelation": "Director", "moneyText": "", "startDate": "2009-10-10", "ownership": "D"}, {"maxAge": 1, "shares": 1232524, "filerUrl": "", "transactionText": "", "filerName": "Gupta (Ankur)", "filerRelation": "Joint Managing director", "moneyText": "", "startDate": "2009-10-09", "ownership": "D"}, {"maxAge": 1, "shares": 44618, "filerUrl": "", "transactionText": "", "filerName": "Gupta (Ankur)", "filerRelation": "Joint Managing director", "moneyText": "", "startDate": "2009-10-09", "ownership": "D"}, {"maxAge": 1, "shares": 20601, "filerUrl": "", "transactionText": "", "filerName": "Gupta (Ankur)", "filerRelation": "Joint Managing director", "moneyText": "", "startDate": "2009-10-08", "ownership": "D"}], "maxAge": 1}, "sectorTrend": {"maxAge": 1, "symbol": null, "estimates": []}, "incomeStatementHistoryQuarterly": {"incomeStatementHistory": [{"maxAge": 1, "endDate": "2020-12-31", "totalRevenue": 733300000, "costOfRevenue": 450000000, "grossProfit": 283300000, "researchDevelopment": {}, "sellingGeneralAdministrative": 84000000, "nonRecurring": {}, "otherOperatingExpenses": 179100000, "totalOperatingExpenses": 737500000, "operatingIncome": -4200000, "totalOtherIncomeExpenseNet": 144600000, "ebit": -4200000, "interestExpense": -19300000, "incomeBeforeTax": 140400000, "incomeTaxExpense": 11800000, "minorityInterest": 200000, "netIncomeFromContinuingOps": 128600000, "discontinuedOperations": {}, "extraordinaryItems": {}, "effectOfAccountingCharges": {}, "otherItems": {}, "netIncome": 128600000, "netIncomeApplicableToCommonShares": 128600000}, {"maxAge": 1, "endDate": "2020-09-30", "totalRevenue": 472100000, "costOfRevenue": 249500000, "grossProfit": 222600000, "researchDevelopment": {}, "sellingGeneralAdministrative": 87900000, "nonRecurring": {}, "otherOperatingExpenses": 155000000, "totalOperatingExpenses": 514600000, "operatingIncome": -42500000, "totalOtherIncomeExpenseNet": 1400000, "ebit": -42500000, "interestExpense": -27000000, "incomeBeforeTax": -41100000, "incomeTaxExpense": -18200000, "minorityInterest": 200000, "netIncomeFromContinuingOps": -22900000, "discontinuedOperations": {}, "extraordinaryItems": {}, "effectOfAccountingCharges": {}, "otherItems": {}, "netIncome": -22900000, "netIncomeApplicableToCommonShares": -22900000}, {"maxAge": 1, "endDate": "2020-06-30", "totalRevenue": 360000000, "costOfRevenue": 165100000, "grossProfit": 194900000, "researchDevelopment": {}, "sellingGeneralAdministrative": 82800000, "nonRecurring": {}, "otherOperatingExpenses": 122000000, "totalOperatingExpenses": 392200000, "operatingIncome": -32200000, "totalOtherIncomeExpenseNet": -2300000, "ebit": -32200000, "interestExpense": -24200000, "incomeBeforeTax": -34500000, "incomeTaxExpense": -1800000, "minorityInterest": 200000, "netIncomeFromContinuingOps": -32700000, "discontinuedOperations": {}, "extraordinaryItems": {}, "effectOfAccountingCharges": {}, "otherItems": {}, "netIncome": -32700000, "netIncomeApplicableToCommonShares": -32700000}, {"maxAge": 1, "endDate": "2020-03-31", "totalRevenue": 915100000, "costOfRevenue": 942500000, "grossProfit": -27400000, "researchDevelopment": {}, "sellingGeneralAdministrative": 386300000, "nonRecurring": {}, "otherOperatingExpenses": -441500000, "totalOperatingExpenses": 913700000, "operatingIncome": 1400000, "totalOtherIncomeExpenseNet": -138500000, "ebit": 1400000, "interestExpense": -32100000, "incomeBeforeTax": -137100000, "incomeTaxExpense": -55900000, "minorityInterest": 200000, "netIncomeFromContinuingOps": -81200000, "discontinuedOperations": {}, "extraordinaryItems": {}, "effectOfAccountingCharges": {}, "otherItems": {}, "netIncome": -81200000, "netIncomeApplicableToCommonShares": -81200000}], "maxAge": 86400}, "cashflowStatementHistoryQuarterly": {"cashflowStatements": [{"maxAge": 1, "endDate": "2020-12-31", "netIncome": 128600000, "changeToLiabilities": 0}, {"maxAge": 1, "endDate": "2020-09-30", "netIncome": -22900000, "changeToLiabilities": 0}, {"maxAge": 1, "endDate": "2020-06-30", "netIncome": -32700000, "changeToLiabilities": 0}, {"maxAge": 1, "endDate": "2020-03-31", "netIncome": -81200000, "changeToLiabilities": 0}], "maxAge": 86400}, "earnings": {"maxAge": 86400, "earningsChart": {"quarterly": [{"date": "3Q2016", "actual": 2.02, "estimate": 0.3}, {"date": "4Q2016", "actual": 1.56, "estimate": 1.6}, {"date": "1Q2017", "actual": 3.89, "estimate": 3.9}], "currentQuarterEstimateDate": "2Q", "currentQuarterEstimateYear": 2017, "earningsDate": ["2018-02-14 05:30:S", "2018-02-16 05:30:S"]}, "financialsChart": {"yearly": [{"date": 2017, "revenue": 3603000000, "earnings": 670100000}, {"date": 2018, "revenue": 3079800000, "earnings": 382300000}, {"date": 2019, "revenue": 3322500000, "earnings": 137800000}, {"date": 2020, "revenue": 3006000000, "earnings": -302400000}], "quarterly": [{"date": "1Q2020", "revenue": 915100000, "earnings": -81200000}, {"date": "2Q2020", "revenue": 360000000, "earnings": -32700000}, {"date": "3Q2020", "revenue": 472100000, "earnings": -22900000}, {"date": "4Q2020", "revenue": 733300000, "earnings": 128600000}]}, "financialCurrency": "INR"}, "financialData": {"maxAge": 86400, "currentPrice": 122.5, "targetHighPrice": 267.0, "targetLowPrice": 267.0, "targetMeanPrice": 267.0, "targetMedianPrice": 267.0, "recommendationMean": 2.0, "recommendationKey": "buy", "numberOfAnalystOpinions": 1, "totalCash": 2500199936, "totalCashPerShare": 25.274, "ebitda": -18300000, "totalDebt": 497400000, "quickRatio": 0.7, "currentRatio": 2.783, "totalRevenue": 2504000000, "debtToEquity": 6.579, "revenuePerShare": 31.407, "returnOnAssets": -0.00399, "returnOnEquity": -0.00099, "grossProfits": 746400000, "revenueGrowth": -0.002, "grossMargins": 0.27835, "ebitdaMargins": -0.0073100002, "operatingMargins": -0.03063, "profitMargins": -0.00299, "financialCurrency": "INR"}}}