{"ASHIMASYN.BO": {"cashflowStatementHistory": {"cashflowStatements": [{"maxAge": 1, "endDate": "2020-03-31", "netIncome": -33800000, "depreciation": 53200000, "changeToNetincome": -47300000, "changeToAccountReceivables": 84000000, "changeToLiabilities": -154700000, "changeToInventory": 149500000, "changeToOperatingActivities": -12300000, "totalCashFromOperatingActivities": 39100000, "capitalExpenditures": -80800000, "investments": -32500000, "otherCashflowsFromInvestingActivities": 24600000, "totalCashflowsFromInvestingActivities": 133200000, "netBorrowings": -37100000, "otherCashflowsFromFinancingActivities": -158000000, "totalCashFromFinancingActivities": -195100000, "changeInCash": -22800000}, {"maxAge": 1, "endDate": "2019-03-31", "netIncome": 326300000, "depreciation": 55000000, "changeToNetincome": -415200000, "changeToAccountReceivables": -105100000, "changeToLiabilities": -30000000, "changeToInventory": -50600000, "changeToOperatingActivities": -36000000, "totalCashFromOperatingActivities": -255100000, "capitalExpenditures": -17100000, "investments": -148300000, "otherCashflowsFromInvestingActivities": 141800000, "totalCashflowsFromInvestingActivities": 553500000, "netBorrowings": -549000000, "otherCashflowsFromFinancingActivities": 312300000, "totalCashFromFinancingActivities": -236700000, "changeInCash": 61700000}, {"maxAge": 1, "endDate": "2018-03-31", "netIncome": 1264800000, "depreciation": 36100000, "changeToNetincome": -1412300000, "changeToAccountReceivables": -75400000, "changeToLiabilities": 186500000, "changeToInventory": -127100000, "changeToOperatingActivities": 42800000, "totalCashFromOperatingActivities": -84000000, "capitalExpenditures": -216200000, "investments": 72200000, "otherCashflowsFromInvestingActivities": 3700000, "totalCashflowsFromInvestingActivities": 699200000, "netBorrowings": -517000000, "otherCashflowsFromFinancingActivities": -60300000, "totalCashFromFinancingActivities": -577300000, "changeInCash": 37900000}, {"maxAge": 1, "endDate": "2017-03-31", "netIncome": 272300000, "depreciation": 32600000, "changeToNetincome": -433500000, "changeToAccountReceivables": -2300000, "changeToLiabilities": -49400000, "changeToInventory": 18300000, "changeToOperatingActivities": 36600000, "totalCashFromOperatingActivities": -124100000, "capitalExpenditures": -142200000, "investments": -75500000, "otherCashflowsFromInvestingActivities": 4100000, "totalCashflowsFromInvestingActivities": 668900000, "netBorrowings": -538900000, "otherCashflowsFromFinancingActivities": -86100000, "totalCashFromFinancingActivities": -625000000, "changeInCash": -80200000}], "maxAge": 86400}, "institutionOwnership": {"maxAge": 1, "ownershipList": []}, "balanceSheetHistoryQuarterly": {"balanceSheetStatements": [{"maxAge": 1, "endDate": "2020-06-30", "totalStockholderEquity": 2209000000, "netTangibleAssets": 2206400000}, {"maxAge": 1, "endDate": "2020-03-31", "cash": 110500000, "shortTermInvestments": 34300000, "netReceivables": 499800000, "inventory": 583800000, "otherCurrentAssets": 87700000, "totalCurrentAssets": 1452500000, "longTermInvestments": 21900000, "propertyPlantEquipment": 1390400000, "intangibleAssets": 2600000, "otherAssets": 95600000, "totalAssets": 2963000000, "accountsPayable": 385400000, "shortLongTermDebt": 35800000, "otherCurrentLiab": 51800000, "longTermDebt": 216500000, "otherLiab": 2800000, "totalCurrentLiabilities": 528800000, "totalLiab": 754000000, "commonStock": 531700000, "retainedEarnings": 323500000, "treasuryStock": 1353800000, "otherStockholderEquity": 1353800000, "totalStockholderEquity": 2209000000, "netTangibleAssets": 2206400000}, {"maxAge": 1, "endDate": "2019-12-31", "totalStockholderEquity": 1728100000, "netTangibleAssets": 1725700000}, {"maxAge": 1, "endDate": "2019-09-30", "cash": 117400000, "shortTermInvestments": 64200000, "netReceivables": 580800000, "inventory": 466200000, "otherCurrentAssets": 49200000, "totalCurrentAssets": 1277800000, "longTermInvestments": 20700000, "propertyPlantEquipment": 964500000, "intangibleAssets": 2400000, "otherAssets": 53700000, "totalAssets": 2298400000, "accountsPayable": 280000000, "otherCurrentLiab": 83000000, "longTermDebt": 205000000, "otherLiab": 2300000, "totalCurrentLiabilities": 363000000, "totalLiab": 570300000, "commonStock": 1284500000, "treasuryStock": 443600000, "otherStockholderEquity": 443600000, "totalStockholderEquity": 1728100000, "netTangibleAssets": 1725700000}], "maxAge": 86400}, "indexTrend": {"maxAge": 1, "symbol": "SP5", "peRatio": 19.7411, "pegRatio": 1.34172, "estimates": [{"period": "0q", "growth": 0.549}, {"period": "+1q", "growth": 0.431}, {"period": "0y", "growth": 0.305}, {"period": "+1y", "growth": 0.109}, {"period": "+5y", "growth": 0.120865}, {"period": "-5y"}]}, "insiderTransactions": {"transactions": [{"maxAge": 1, "shares": 67908, "filerUrl": "", "transactionText": "", "filerName": "Parikh (Chintan N)", "filerRelation": "UNREPORTED", "moneyText": "", "startDate": "2020-07-29", "ownership": "D"}, {"maxAge": 1, "shares": 8770, "filerUrl": "", "transactionText": "", "filerName": "Parikh (Chintan N)", "filerRelation": "UNREPORTED", "moneyText": "", "startDate": "2020-07-29", "ownership": "D"}], "maxAge": 1}, "quoteType": {"exchange": "BSE", "quoteType": "EQUITY", "symbol": "ASHIMASYN.BO", "underlyingSymbol": "ASHIMASYN.BO", "shortName": "ASHIMA LTD.", "longName": "Ashima Limited", "firstTradeDateEpochUtc": "2000-04-25 09:15:00", "timeZoneFullName": "Asia/Kolkata", "timeZoneShortName": "IST", "uuid": "5719ea87-8612-3828-936c-3b7782634f38", "messageBoardId": null, "gmtOffSetMilliseconds": 19800000, "maxAge": 1}, "incomeStatementHistory": {"incomeStatementHistory": [{"maxAge": 1, "endDate": "2020-03-31", "totalRevenue": 2854400000, "costOfRevenue": 1570700000, "grossProfit": 1283700000, "researchDevelopment": {}, "sellingGeneralAdministrative": 460000000, "nonRecurring": {}, "otherOperatingExpenses": 861100000, "totalOperatingExpenses": 2945500000, "operatingIncome": -91100000, "totalOtherIncomeExpenseNet": 57300000, "ebit": -91100000, "interestExpense": -26500000, "incomeBeforeTax": -33800000, "incomeTaxExpense": 0, "minorityInterest": {}, "netIncomeFromContinuingOps": -33800000, "discontinuedOperations": {}, "extraordinaryItems": {}, "effectOfAccountingCharges": {}, "otherItems": {}, "netIncome": -33800000, "netIncomeApplicableToCommonShares": -33800000}, {"maxAge": 1, "endDate": "2019-03-31", "totalRevenue": 3358300000, "costOfRevenue": 1796800000, "grossProfit": 1561500000, "researchDevelopment": {}, "sellingGeneralAdministrative": 539900000, "nonRecurring": {}, "otherOperatingExpenses": 1042100000, "totalOperatingExpenses": 3434300000, "operatingIncome": -76000000, "totalOtherIncomeExpenseNet": 402300000, "ebit": -76000000, "interestExpense": -74500000, "incomeBeforeTax": 326300000, "incomeTaxExpense": 0, "minorityInterest": {}, "netIncomeFromContinuingOps": 326300000, "discontinuedOperations": {}, "extraordinaryItems": {}, "effectOfAccountingCharges": {}, "otherItems": {}, "netIncome": 326300000, "netIncomeApplicableToCommonShares": 326300000}, {"maxAge": 1, "endDate": "2018-03-31", "totalRevenue": 2299700000, "costOfRevenue": 1231200000, "grossProfit": 1068500000, "researchDevelopment": {}, "sellingGeneralAdministrative": 350800000, "nonRecurring": {}, "otherOperatingExpenses": 811900000, "totalOperatingExpenses": 2430600000, "operatingIncome": -130900000, "totalOtherIncomeExpenseNet": 1395700000, "ebit": -130900000, "interestExpense": -62900000, "incomeBeforeTax": 1264800000, "incomeTaxExpense": 0, "minorityInterest": {}, "netIncomeFromContinuingOps": 1264800000, "discontinuedOperations": {}, "extraordinaryItems": {}, "effectOfAccountingCharges": {}, "otherItems": {}, "netIncome": 1264800000, "netIncomeApplicableToCommonShares": 1264800000}, {"maxAge": 1, "endDate": "2017-03-31", "totalRevenue": 1929200000, "costOfRevenue": 988100000, "grossProfit": 941100000, "researchDevelopment": {}, "sellingGeneralAdministrative": 374000000, "nonRecurring": {}, "otherOperatingExpenses": 681800000, "totalOperatingExpenses": 2077800000, "operatingIncome": -148600000, "totalOtherIncomeExpenseNet": 425000000, "ebit": -148600000, "interestExpense": -89700000, "incomeBeforeTax": 276400000, "incomeTaxExpense": 4100000, "minorityInterest": {}, "netIncomeFromContinuingOps": 272300000, "discontinuedOperations": {}, "extraordinaryItems": {}, "effectOfAccountingCharges": {}, "otherItems": {}, "netIncome": 272300000, "netIncomeApplicableToCommonShares": 272300000}], "maxAge": 86400}, "fundOwnership": {"maxAge": 1, "ownershipList": []}, "summaryDetail": {"maxAge": 1, "priceHint": 2, "previousClose": 15.95, "open": 15.5, "dayLow": 15.2, "dayHigh": 16.0, "regularMarketPreviousClose": 15.95, "regularMarketOpen": 15.5, "regularMarketDayLow": 15.2, "regularMarketDayHigh": 16.0, "volume": 29476, "regularMarketVolume": 29476, "averageVolume": 101185, "averageVolume10days": 38968, "averageDailyVolume10Day": 38968, "bid": 15.4, "ask": 16.3, "bidSize": 0, "askSize": 0, "marketCap": 3018644992, "fiftyTwoWeekLow": 3.0, "fiftyTwoWeekHigh": 16.0, "fiftyDayAverage": 13.249429, "twoHundredDayAverage": 9.897956, "currency": "INR", "fromCurrency": null, "toCurrency": null, "lastMarket": null, "algorithm": null, "tradeable": false}, "incomeStatementHistoryQuarterly": {"incomeStatementHistory": [{"maxAge": 1, "endDate": "2020-06-30", "totalRevenue": 82200000, "costOfRevenue": 25400000, "grossProfit": 56800000, "researchDevelopment": {}, "sellingGeneralAdministrative": 65000000, "nonRecurring": {}, "otherOperatingExpenses": 57000000, "totalOperatingExpenses": 158800000, "operatingIncome": -76600000, "totalOtherIncomeExpenseNet": 14500000, "ebit": -76600000, "interestExpense": -4000000, "incomeBeforeTax": -62100000, "incomeTaxExpense": 0, "minorityInterest": {}, "netIncomeFromContinuingOps": -62100000, "discontinuedOperations": {}, "extraordinaryItems": {}, "effectOfAccountingCharges": {}, "otherItems": {}, "netIncome": -62100000, "netIncomeApplicableToCommonShares": -62100000}, {"maxAge": 1, "endDate": "2020-03-31", "totalRevenue": 1363000000, "costOfRevenue": 639100000, "grossProfit": 723900000, "researchDevelopment": {}, "sellingGeneralAdministrative": 246900000, "nonRecurring": {}, "otherOperatingExpenses": 465500000, "totalOperatingExpenses": 1379400000, "operatingIncome": -16400000, "totalOtherIncomeExpenseNet": 38700000, "ebit": -16400000, "interestExpense": -18700000, "incomeBeforeTax": 22300000, "incomeTaxExpense": 0, "minorityInterest": {}, "netIncomeFromContinuingOps": 22300000, "discontinuedOperations": {}, "extraordinaryItems": {}, "effectOfAccountingCharges": {}, "otherItems": {}, "netIncome": 22300000, "netIncomeApplicableToCommonShares": 22300000}, {"maxAge": 1, "endDate": "2019-12-31", "totalRevenue": 562100000, "costOfRevenue": 361100000, "grossProfit": 201000000, "researchDevelopment": {}, "sellingGeneralAdministrative": 73000000, "nonRecurring": {}, "otherOperatingExpenses": 123300000, "totalOperatingExpenses": 565900000, "operatingIncome": -3800000, "totalOtherIncomeExpenseNet": -200000, "ebit": -3800000, "interestExpense": -6100000, "incomeBeforeTax": -4000000, "incomeTaxExpense": 0, "minorityInterest": {}, "netIncomeFromContinuingOps": -4000000, "discontinuedOperations": {}, "extraordinaryItems": {}, "effectOfAccountingCharges": {}, "otherItems": {}, "netIncome": -4000000, "netIncomeApplicableToCommonShares": -4000000}, {"maxAge": 1, "endDate": "2019-09-30", "totalRevenue": 381700000, "costOfRevenue": 225200000, "grossProfit": 156500000, "researchDevelopment": {}, "sellingGeneralAdministrative": 75300000, "nonRecurring": {}, "otherOperatingExpenses": 128800000, "totalOperatingExpenses": 437800000, "operatingIncome": -56100000, "totalOtherIncomeExpenseNet": 5100000, "ebit": -56100000, "interestExpense": -7300000, "incomeBeforeTax": -51000000, "incomeTaxExpense": 0, "minorityInterest": {}, "netIncomeFromContinuingOps": -51000000, "discontinuedOperations": {}, "extraordinaryItems": {}, "effectOfAccountingCharges": {}, "otherItems": {}, "netIncome": -51000000, "netIncomeApplicableToCommonShares": -51000000}], "maxAge": 86400}, "cashflowStatementHistoryQuarterly": {"cashflowStatements": [{"maxAge": 1, "endDate": "2020-06-30", "netIncome": -62100000, "changeToLiabilities": 0}, {"maxAge": 1, "endDate": "2020-03-31", "netIncome": 22300000, "changeToLiabilities": 0}, {"maxAge": 1, "endDate": "2019-12-31", "netIncome": -4000000, "changeToLiabilities": 0}, {"maxAge": 1, "endDate": "2019-09-30", "netIncome": -51000000, "changeToLiabilities": 0}], "maxAge": 86400}, "insiderHolders": {"holders": [{"maxAge": 1, "name": "Parikh (Chintan N)", "relation": "UNREPORTED", "url": "", "transactionDescription": "Other", "latestTransDate": "2020-07-29", "positionDirect": 88762, "positionDirectDate": "2020-07-29"}], "maxAge": 1}, "calendarEvents": {"maxAge": 1, "earnings": {"earningsDate": []}}, "price": {"maxAge": 1, "regularMarketChangePercent": -0.0125391735, "regularMarketChange": -0.19999981, "regularMarketTime": "2021-04-30 15:29:25", "priceHint": 2, "regularMarketPrice": 15.75, "regularMarketDayHigh": 16.0, "regularMarketDayLow": 15.2, "regularMarketVolume": 29476, "averageDailyVolume10Day": 38968, "averageDailyVolume3Month": 101185, "regularMarketPreviousClose": 15.95, "regularMarketSource": "FREE_REALTIME", "regularMarketOpen": 15.5, "exchange": "BSE", "exchangeName": "BSE", "exchangeDataDelayedBy": 0, "marketState": "CLOSED", "quoteType": "EQUITY", "symbol": "ASHIMASYN.BO", "underlyingSymbol": null, "shortName": "ASHIMA LTD.", "longName": "Ashima Limited", "currency": "INR", "quoteSourceName": "Delayed Quote", "currencySymbol": "\u20b9", "fromCurrency": null, "toCurrency": null, "lastMarket": null, "marketCap": 3018644992}, "balanceSheetHistory": {"balanceSheetStatements": [{"maxAge": 1, "endDate": "2020-03-31", "cash": 110500000, "shortTermInvestments": 34300000, "netReceivables": 499800000, "inventory": 583800000, "otherCurrentAssets": 87700000, "totalCurrentAssets": 1452500000, "longTermInvestments": 21900000, "propertyPlantEquipment": 1390400000, "intangibleAssets": 2600000, "otherAssets": 95600000, "totalAssets": 2963000000, "accountsPayable": 385400000, "shortLongTermDebt": 35800000, "otherCurrentLiab": 51800000, "longTermDebt": 216500000, "otherLiab": 2800000, "totalCurrentLiabilities": 528800000, "totalLiab": 754000000, "commonStock": 531700000, "retainedEarnings": 323500000, "treasuryStock": 1353800000, "otherStockholderEquity": 1353800000, "totalStockholderEquity": 2209000000, "netTangibleAssets": 2206400000}, {"maxAge": 1, "endDate": "2019-03-31", "cash": 133300000, "shortTermInvestments": 10900000, "netReceivables": 614900000, "inventory": 733300000, "otherCurrentAssets": 73800000, "totalCurrentAssets": 1687900000, "longTermInvestments": 21900000, "propertyPlantEquipment": 1365600000, "intangibleAssets": 3100000, "otherAssets": 115200000, "totalAssets": 3193700000, "accountsPayable": 540100000, "shortLongTermDebt": 35400000, "otherCurrentLiab": 30400000, "longTermDebt": 245700000, "otherLiab": 9000000, "totalCurrentLiabilities": 685600000, "totalLiab": 940300000, "commonStock": 929700000, "retainedEarnings": 1345500000, "treasuryStock": -21800000, "otherStockholderEquity": -21800000, "totalStockholderEquity": 2253400000, "netTangibleAssets": 2250300000}, {"maxAge": 1, "endDate": "2018-03-31", "cash": 56200000, "shortTermInvestments": 300000, "netReceivables": 716800000, "inventory": 571800000, "otherCurrentAssets": 104600000, "totalCurrentAssets": 1453500000, "propertyPlantEquipment": 1047900000, "intangibleAssets": 2500000, "otherAssets": 52300000, "totalAssets": 2556200000, "accountsPayable": 452600000, "shortLongTermDebt": 19600000, "otherCurrentLiab": 141500000, "longTermDebt": 237700000, "otherLiab": 3700000, "totalCurrentLiabilities": 712100000, "totalLiab": 953500000, "commonStock": 1284500000, "retainedEarnings": 332100000, "treasuryStock": -13900000, "otherStockholderEquity": -13900000, "totalStockholderEquity": 1602700000, "netTangibleAssets": 1600200000}, {"maxAge": 1, "endDate": "2017-03-31", "cash": 115900000, "netReceivables": 98800000, "inventory": 444700000, "otherCurrentAssets": 38000000, "totalCurrentAssets": 707600000, "propertyPlantEquipment": 1209900000, "intangibleAssets": 2900000, "otherAssets": 63500000, "totalAssets": 1983900000, "accountsPayable": 270700000, "otherCurrentLiab": 331400000, "longTermDebt": 738500000, "otherLiab": 2900000, "totalCurrentLiabilities": 704000000, "totalLiab": 1445400000, "commonStock": 1284500000, "retainedEarnings": -738200000, "treasuryStock": -7800000, "otherStockholderEquity": -7800000, "totalStockholderEquity": 538500000, "netTangibleAssets": 535600000}], "maxAge": 86400}, "financialData": {"maxAge": 86400, "currentPrice": 15.75, "recommendationKey": "none", "grossProfits": 1283700000, "financialCurrency": "INR"}}}