{"ASHIANA.BO": {"recommendationTrend": {"trend": [{"period": "0m", "strongBuy": 0, "buy": 0, "hold": 0, "sell": 0, "strongSell": 0}, {"period": "-1m", "strongBuy": 0, "buy": 0, "hold": 0, "sell": 0, "strongSell": 0}, {"period": "-2m", "strongBuy": 0, "buy": 0, "hold": 0, "sell": 0, "strongSell": 0}, {"period": "-3m", "strongBuy": 0, "buy": 0, "hold": 0, "sell": 0, "strongSell": 0}], "maxAge": 86400}, "cashflowStatementHistory": {"cashflowStatements": [{"maxAge": 1, "endDate": "2020-03-31", "netIncome": -302400000, "depreciation": 89700000, "changeToNetincome": -26400000, "changeToAccountReceivables": -100300000, "changeToLiabilities": 292400000, "changeToInventory": 50600000, "changeToOperatingActivities": 278600000, "totalCashFromOperatingActivities": 284000000, "capitalExpenditures": -60200000, "investments": 595500000, "otherCashflowsFromInvestingActivities": 89000000, "totalCashflowsFromInvestingActivities": 638600000, "dividendsPaid": -25500000, "netBorrowings": -430400000, "otherCashflowsFromFinancingActivities": -175700000, "totalCashFromFinancingActivities": -631600000, "changeInCash": 291000000}, {"maxAge": 1, "endDate": "2019-03-31", "netIncome": 137800000, "depreciation": 81500000, "changeToNetincome": 120300000, "changeToAccountReceivables": 17100000, "changeToLiabilities": -790700000, "changeToInventory": 127100000, "changeToOperatingActivities": 203500000, "totalCashFromOperatingActivities": -103400000, "capitalExpenditures": -89300000, "investments": 307200000, "otherCashflowsFromInvestingActivities": 86700000, "totalCashflowsFromInvestingActivities": 307200000, "dividendsPaid": -25500000, "netBorrowings": 219600000, "otherCashflowsFromFinancingActivities": -175200000, "totalCashFromFinancingActivities": 18900000, "changeInCash": 222700000}, {"maxAge": 1, "endDate": "2018-03-31", "netIncome": 382300000, "depreciation": 73200000, "changeToNetincome": 61700000, "changeToAccountReceivables": -481800000, "changeToLiabilities": -767400000, "changeToInventory": 82800000, "changeToOperatingActivities": 106400000, "totalCashFromOperatingActivities": -542800000, "capitalExpenditures": -190600000, "investments": 199700000, "otherCashflowsFromInvestingActivities": 78600000, "totalCashflowsFromInvestingActivities": 110400000, "dividendsPaid": -25600000, "netBorrowings": 491800000, "otherCashflowsFromFinancingActivities": -144100000, "totalCashFromFinancingActivities": 322100000, "changeInCash": -110300000}, {"maxAge": 1, "endDate": "2017-03-31", "netIncome": 670100000, "depreciation": 78800000, "changeToNetincome": 87800000, "changeToAccountReceivables": -91200000, "changeToLiabilities": -604200000, "changeToInventory": -555100000, "changeToOperatingActivities": 20600000, "totalCashFromOperatingActivities": -393200000, "capitalExpenditures": -34600000, "investments": -408800000, "otherCashflowsFromInvestingActivities": 203700000, "totalCashflowsFromInvestingActivities": -237200000, "dividendsPaid": -25600000, "netBorrowings": 211200000, "otherCashflowsFromFinancingActivities": -64300000, "totalCashFromFinancingActivities": 146900000, "changeInCash": -483500000}], "maxAge": 86400}, "institutionOwnership": {"maxAge": 1, "ownershipList": []}, "balanceSheetHistoryQuarterly": {"balanceSheetStatements": [{"maxAge": 1, "endDate": "2020-06-30", "cash": 674700000, "shortTermInvestments": 1186300000, "netReceivables": 336000000, "inventory": 6217100000, "otherCurrentAssets": 982500000, "totalCurrentAssets": 9736100000, "longTermInvestments": 318100000, "propertyPlantEquipment": 659100000, "intangibleAssets": 8500000, "otherAssets": 718800000, "deferredLongTermAssetCharges": 100400000, "totalAssets": 11440600000, "accountsPayable": 184200000, "otherCurrentLiab": 2502100000, "longTermDebt": 594900000, "otherLiab": 425500000, "minorityInterest": 200000, "totalCurrentLiabilities": 2945200000, "totalLiab": 3965600000, "commonStock": 204700000, "treasuryStock": 7270100000, "otherStockholderEquity": 7270100000, "totalStockholderEquity": 7474800000, "netTangibleAssets": 7466300000}, {"maxAge": 1, "endDate": "2020-03-31", "cash": 746500000, "shortTermInvestments": 702500000, "netReceivables": 792300000, "inventory": 6793000000, "otherCurrentAssets": 584400000, "totalCurrentAssets": 9953900000, "longTermInvestments": 62400000, "propertyPlantEquipment": 676600000, "intangibleAssets": 9000000, "otherAssets": 1023000000, "deferredLongTermAssetCharges": 102500000, "totalAssets": 11724900000, "accountsPayable": 232500000, "shortLongTermDebt": 197600000, "otherCurrentLiab": 2029300000, "longTermDebt": 1037700000, "otherLiab": 313800000, "minorityInterest": 200000, "totalCurrentLiabilities": 2776800000, "totalLiab": 4227000000, "commonStock": 204700000, "retainedEarnings": 5260500000, "treasuryStock": 36700000, "capitalSurplus": 1995800000, "otherStockholderEquity": 36700000, "totalStockholderEquity": 7497700000, "netTangibleAssets": 7488700000}, {"maxAge": 1, "endDate": "2019-12-31", "cash": 677600000, "shortTermInvestments": 1527400000, "netReceivables": 277000000, "inventory": 6088200000, "otherCurrentAssets": 1488500000, "totalCurrentAssets": 10058700000, "longTermInvestments": 277100000, "propertyPlantEquipment": 694900000, "intangibleAssets": 9500000, "otherAssets": 594700000, "totalAssets": 11634900000, "accountsPayable": 137200000, "otherCurrentLiab": 2316600000, "longTermDebt": 1029900000, "otherLiab": 301300000, "minorityInterest": 200000, "totalCurrentLiabilities": 2719400000, "totalLiab": 4050600000, "commonStock": 204700000, "treasuryStock": 7379400000, "otherStockholderEquity": 7379400000, "totalStockholderEquity": 7584100000, "netTangibleAssets": 7574600000}, {"maxAge": 1, "endDate": "2019-09-30", "totalStockholderEquity": 7769400000, "netTangibleAssets": 7762000000}], "maxAge": 86400}, "earningsHistory": {"history": [{"maxAge": 1, "epsActual": {}, "epsEstimate": {}, "epsDifference": {}, "surprisePercent": {}, "quarter": {}, "period": "-4q"}, {"maxAge": 1, "epsActual": {}, "epsEstimate": {}, "epsDifference": {}, "surprisePercent": {}, "quarter": {}, "period": "-3q"}, {"maxAge": 1, "epsActual": {}, "epsEstimate": {}, "epsDifference": {}, "surprisePercent": {}, "quarter": {}, "period": "-2q"}, {"maxAge": 1, "epsActual": {}, "epsEstimate": {}, "epsDifference": {}, "surprisePercent": {}, "quarter": {}, "period": "-1q"}], "maxAge": 86400}, "indexTrend": {"maxAge": 1, "symbol": "SP5", "peRatio": 19.7411, "pegRatio": 1.34172, "estimates": [{"period": "0q", "growth": 0.549}, {"period": "+1q", "growth": 0.431}, {"period": "0y", "growth": 0.305}, {"period": "+1y", "growth": 0.109}, {"period": "+5y", "growth": 0.120865}, {"period": "-5y"}]}, "industryTrend": {"maxAge": 1, "symbol": null, "estimates": []}, "insiderTransactions": {"transactions": [{"maxAge": 1, "shares": 11293174, "filerUrl": "", "transactionText": "", "filerName": "Gupta (Vishal)", "filerRelation": "UNREPORTED", "moneyText": "", "startDate": "2020-06-23", "ownership": "D"}, {"maxAge": 1, "shares": 0, "filerUrl": "", "transactionText": "", "filerName": "Gupta (Ankur)", "filerRelation": "UNREPORTED", "moneyText": "", "startDate": "2020-06-23", "ownership": "I"}, {"maxAge": 1, "shares": 16256653, "filerUrl": "", "transactionText": "", "filerName": "Gupta (Varun S)", "filerRelation": "UNREPORTED", "moneyText": "", "startDate": "2020-06-23", "ownership": "D"}, {"maxAge": 1, "shares": 16259121, "filerUrl": "", "transactionText": "", "filerName": "Gupta (Ankur)", "filerRelation": "UNREPORTED", "moneyText": "", "startDate": "2020-06-23", "ownership": "D"}, {"maxAge": 1, "shares": 300000, "filerUrl": "", "transactionText": "", "filerName": "ICICI Prudential Balanced Fund", "filerRelation": "Promoter", "moneyText": "", "startDate": "2020-03-27", "ownership": "D"}], "maxAge": 1}, "quoteType": {"exchange": "BSE", "quoteType": "EQUITY", "symbol": "ASHIANA.BO", "underlyingSymbol": "ASHIANA.BO", "shortName": "ASHIANA HOUSING LTD.", "longName": "Ashiana Housing Limited", "firstTradeDateEpochUtc": "2002-03-04 09:15:00", "timeZoneFullName": "Asia/Kolkata", "timeZoneShortName": "IST", "uuid": "4b846565-c9f9-3da2-8d50-735c00c153ec", "messageBoardId": null, "gmtOffSetMilliseconds": 19800000, "maxAge": 1}, "incomeStatementHistory": {"incomeStatementHistory": [{"maxAge": 1, "endDate": "2020-03-31", "totalRevenue": 3006000000, "costOfRevenue": 2259600000, "grossProfit": 746400000, "researchDevelopment": {}, "sellingGeneralAdministrative": 655200000, "nonRecurring": {}, "otherOperatingExpenses": 245400000, "totalOperatingExpenses": 3257000000, "operatingIncome": -251000000, "totalOtherIncomeExpenseNet": -142800000, "ebit": -251000000, "interestExpense": -135100000, "incomeBeforeTax": -393800000, "incomeTaxExpense": -91400000, "minorityInterest": 200000, "netIncomeFromContinuingOps": -302400000, "discontinuedOperations": {}, "extraordinaryItems": {}, "effectOfAccountingCharges": {}, "otherItems": {}, "netIncome": -302400000, "netIncomeApplicableToCommonShares": -302400000}, {"maxAge": 1, "endDate": "2019-03-31", "totalRevenue": 3322500000, "costOfRevenue": 2162100000, "grossProfit": 1160400000, "researchDevelopment": {}, "sellingGeneralAdministrative": 643700000, "nonRecurring": {}, "otherOperatingExpenses": 217100000, "totalOperatingExpenses": 3113900000, "operatingIncome": 208600000, "totalOtherIncomeExpenseNet": 30900000, "ebit": 208600000, "interestExpense": -147500000, "incomeBeforeTax": 239500000, "incomeTaxExpense": 101700000, "minorityInterest": 200000, "netIncomeFromContinuingOps": 137800000, "discontinuedOperations": {}, "extraordinaryItems": {}, "effectOfAccountingCharges": {}, "otherItems": {}, "netIncome": 137800000, "netIncomeApplicableToCommonShares": 137800000}, {"maxAge": 1, "endDate": "2018-03-31", "totalRevenue": 3079800000, "costOfRevenue": 1930200000, "grossProfit": 1149600000, "researchDevelopment": {}, "sellingGeneralAdministrative": 584500000, "nonRecurring": {}, "otherOperatingExpenses": 148100000, "totalOperatingExpenses": 2737200000, "operatingIncome": 342600000, "totalOtherIncomeExpenseNet": 144800000, "ebit": 342600000, "interestExpense": -110600000, "incomeBeforeTax": 487400000, "incomeTaxExpense": 105100000, "minorityInterest": 400000, "netIncomeFromContinuingOps": 382300000, "discontinuedOperations": {}, "extraordinaryItems": {}, "effectOfAccountingCharges": {}, "otherItems": {}, "netIncome": 382300000, "netIncomeApplicableToCommonShares": 382300000}, {"maxAge": 1, "endDate": "2017-03-31", "totalRevenue": 3603000000, "costOfRevenue": 2221100000, "grossProfit": 1381900000, "researchDevelopment": {}, "sellingGeneralAdministrative": 544700000, "nonRecurring": {}, "otherOperatingExpenses": 143200000, "totalOperatingExpenses": 2987800000, "operatingIncome": 615200000, "totalOtherIncomeExpenseNet": 299600000, "ebit": 615200000, "interestExpense": -61700000, "incomeBeforeTax": 914800000, "incomeTaxExpense": 244700000, "minorityInterest": 300000, "netIncomeFromContinuingOps": 670100000, "discontinuedOperations": {}, "extraordinaryItems": {}, "effectOfAccountingCharges": {}, "otherItems": {}, "netIncome": 670100000, "netIncomeApplicableToCommonShares": 670100000}], "maxAge": 86400}, "fundOwnership": {"maxAge": 1, "ownershipList": [{"maxAge": 1, "reportDate": "2020-07-31", "organization": "DFA Emerging Markets Core Equity Portfolio", "pctHeld": 0.00059999997, "position": 63000, "value": 3735900}, {"maxAge": 1, "reportDate": "2020-07-31", "organization": "DFA Emerging Markets Small Cap Series", "pctHeld": 0.0005, "position": 51249, "value": 3039065}]}, "summaryDetail": {"maxAge": 1, "priceHint": 2, "previousClose": 124.0, "open": 122.9, "dayLow": 120.0, "dayHigh": 124.6, "regularMarketPreviousClose": 124.0, "regularMarketOpen": 122.9, "regularMarketDayLow": 120.0, "regularMarketDayHigh": 124.6, "volume": 8701, "regularMarketVolume": 8701, "averageVolume": 22984, "averageVolume10days": 21251, "averageDailyVolume10Day": 21251, "bid": 121.0, "ask": 125.0, "bidSize": 0, "askSize": 0, "marketCap": 12563707904, "fiftyTwoWeekLow": 39.0, "fiftyTwoWeekHigh": 124.6, "fiftyDayAverage": 101.56286, "twoHundredDayAverage": 88.429565, "trailingAnnualDividendRate": 0.3, "trailingAnnualDividendYield": 0.0024193549, "currency": "INR", "fromCurrency": null, "toCurrency": null, "lastMarket": null, "algorithm": null, "tradeable": false}, "sectorTrend": {"maxAge": 1, "symbol": null, "estimates": []}, "incomeStatementHistoryQuarterly": {"incomeStatementHistory": [{"maxAge": 1, "endDate": "2020-06-30", "totalRevenue": 360000000, "costOfRevenue": 165100000, "grossProfit": 194900000, "researchDevelopment": {}, "sellingGeneralAdministrative": 82800000, "nonRecurring": {}, "otherOperatingExpenses": 122000000, "totalOperatingExpenses": 392200000, "operatingIncome": -32200000, "totalOtherIncomeExpenseNet": -2300000, "ebit": -32200000, "interestExpense": -24200000, "incomeBeforeTax": -34500000, "incomeTaxExpense": -1800000, "minorityInterest": 200000, "netIncomeFromContinuingOps": -32700000, "discontinuedOperations": {}, "extraordinaryItems": {}, "effectOfAccountingCharges": {}, "otherItems": {}, "netIncome": -32700000, "netIncomeApplicableToCommonShares": -32700000}, {"maxAge": 1, "endDate": "2020-03-31", "totalRevenue": 915100000, "costOfRevenue": 942500000, "grossProfit": -27400000, "researchDevelopment": {}, "sellingGeneralAdministrative": 386300000, "nonRecurring": {}, "otherOperatingExpenses": -441500000, "totalOperatingExpenses": 913700000, "operatingIncome": 1400000, "totalOtherIncomeExpenseNet": -138500000, "ebit": 1400000, "interestExpense": -32100000, "incomeBeforeTax": -137100000, "incomeTaxExpense": -55900000, "minorityInterest": 200000, "netIncomeFromContinuingOps": -81200000, "discontinuedOperations": {}, "extraordinaryItems": {}, "effectOfAccountingCharges": {}, "otherItems": {}, "netIncome": -81200000, "netIncomeApplicableToCommonShares": -81200000}, {"maxAge": 1, "endDate": "2019-12-31", "totalRevenue": 735000000, "costOfRevenue": 444900000, "grossProfit": 290100000, "researchDevelopment": {}, "sellingGeneralAdministrative": 87900000, "nonRecurring": {}, "otherOperatingExpenses": 234600000, "totalOperatingExpenses": 791600000, "operatingIncome": -56600000, "totalOtherIncomeExpenseNet": 0, "ebit": -56600000, "interestExpense": -33200000, "incomeBeforeTax": -56600000, "incomeTaxExpense": 14500000, "minorityInterest": 200000, "netIncomeFromContinuingOps": -71100000, "discontinuedOperations": {}, "extraordinaryItems": {}, "effectOfAccountingCharges": {}, "otherItems": {}, "netIncome": -71100000, "netIncomeApplicableToCommonShares": -71100000}, {"maxAge": 1, "endDate": "2019-09-30", "totalRevenue": 726900000, "costOfRevenue": 479300000, "grossProfit": 247600000, "researchDevelopment": {}, "sellingGeneralAdministrative": 88000000, "nonRecurring": {}, "otherOperatingExpenses": 240100000, "totalOperatingExpenses": 835300000, "operatingIncome": -108400000, "totalOtherIncomeExpenseNet": -8900000, "ebit": -108400000, "interestExpense": -35800000, "incomeBeforeTax": -117300000, "incomeTaxExpense": -22100000, "minorityInterest": 200000, "netIncomeFromContinuingOps": -95200000, "discontinuedOperations": {}, "extraordinaryItems": {}, "effectOfAccountingCharges": {}, "otherItems": {}, "netIncome": -95200000, "netIncomeApplicableToCommonShares": -95200000}], "maxAge": 86400}, "cashflowStatementHistoryQuarterly": {"cashflowStatements": [{"maxAge": 1, "endDate": "2020-06-30", "netIncome": -32700000, "changeToLiabilities": 0}, {"maxAge": 1, "endDate": "2020-03-31", "netIncome": -81200000, "changeToLiabilities": 0}, {"maxAge": 1, "endDate": "2019-12-31", "netIncome": -71100000, "changeToLiabilities": 0}, {"maxAge": 1, "endDate": "2019-09-30", "netIncome": -95200000, "changeToLiabilities": 0}], "maxAge": 86400}, "insiderHolders": {"holders": [{"maxAge": 1, "name": "Gupta (Ankur)", "relation": "UNREPORTED", "url": "", "transactionDescription": "Acquisition", "latestTransDate": "2020-06-23", "positionIndirect": 20304325, "positionIndirectDate": 1592870400}, {"maxAge": 1, "name": "Gupta (Varun S)", "relation": "UNREPORTED", "url": "", "transactionDescription": "Acquisition", "latestTransDate": "2020-06-23", "positionDirect": 20306281, "positionDirectDate": "2020-06-23"}, {"maxAge": 1, "name": "Gupta (Vishal)", "relation": "UNREPORTED", "url": "", "transactionDescription": "Acquisition", "latestTransDate": "2020-06-23", "positionDirect": 14099340, "positionDirectDate": "2020-06-23"}, {"maxAge": 1, "name": "ICICI Prudential Balanced Fund", "relation": "Promoter", "url": "", "transactionDescription": "Acquisition", "latestTransDate": "2020-03-27", "positionDirect": 7443152, "positionDirectDate": "2020-03-27"}], "maxAge": 1}, "earnings": {"maxAge": 86400, "earningsChart": {"quarterly": [], "earningsDate": ["2020-08-11 05:30:S"]}, "financialsChart": {"yearly": [{"date": 2017, "revenue": 3603000000, "earnings": 670100000}, {"date": 2018, "revenue": 3079800000, "earnings": 382300000}, {"date": 2019, "revenue": 3322500000, "earnings": 137800000}, {"date": 2020, "revenue": 3006000000, "earnings": -302400000}], "quarterly": [{"date": "3Q2019", "revenue": 726900000, "earnings": -95200000}, {"date": "4Q2019", "revenue": 735000000, "earnings": -71100000}, {"date": "1Q2020", "revenue": 915100000, "earnings": -81200000}, {"date": "2Q2020", "revenue": 360000000, "earnings": -32700000}]}, "financialCurrency": "INR"}, "calendarEvents": {"maxAge": 1, "earnings": {"earningsDate": ["2020-08-11 05:30:S"]}}, "price": {"maxAge": 1, "regularMarketChangePercent": -0.010080645, "regularMarketChange": -1.25, "regularMarketTime": "2021-04-30 15:29:54", "priceHint": 2, "regularMarketPrice": 122.75, "regularMarketDayHigh": 124.6, "regularMarketDayLow": 120.0, "regularMarketVolume": 8701, "averageDailyVolume10Day": 21251, "averageDailyVolume3Month": 22984, "regularMarketPreviousClose": 124.0, "regularMarketSource": "FREE_REALTIME", "regularMarketOpen": 122.9, "exchange": "BSE", "exchangeName": "BSE", "exchangeDataDelayedBy": 0, "marketState": "CLOSED", "quoteType": "EQUITY", "symbol": "ASHIANA.BO", "underlyingSymbol": null, "shortName": "ASHIANA HOUSING LTD.", "longName": "Ashiana Housing Limited", "currency": "INR", "quoteSourceName": "Delayed Quote", "currencySymbol": "\u20b9", "fromCurrency": null, "toCurrency": null, "lastMarket": null, "marketCap": 12563707904}, "balanceSheetHistory": {"balanceSheetStatements": [{"maxAge": 1, "endDate": "2020-03-31", "cash": 746500000, "shortTermInvestments": 702500000, "netReceivables": 792300000, "inventory": 6793000000, "otherCurrentAssets": 584400000, "totalCurrentAssets": 9953900000, "longTermInvestments": 62400000, "propertyPlantEquipment": 676600000, "intangibleAssets": 9000000, "otherAssets": 1023000000, "deferredLongTermAssetCharges": 102500000, "totalAssets": 11724900000, "accountsPayable": 232500000, "shortLongTermDebt": 197600000, "otherCurrentLiab": 2029300000, "longTermDebt": 1037700000, "otherLiab": 313800000, "minorityInterest": 200000, "totalCurrentLiabilities": 2776800000, "totalLiab": 4227000000, "commonStock": 204700000, "retainedEarnings": 5260500000, "treasuryStock": 36700000, "capitalSurplus": 1995800000, "otherStockholderEquity": 36700000, "totalStockholderEquity": 7497700000, "netTangibleAssets": 7488700000}, {"maxAge": 1, "endDate": "2019-03-31", "cash": 529400000, "shortTermInvestments": 1314600000, "netReceivables": 701700000, "inventory": 6830700000, "otherCurrentAssets": 572100000, "totalCurrentAssets": 10425300000, "longTermInvestments": 67100000, "propertyPlantEquipment": 612700000, "intangibleAssets": 8300000, "otherAssets": 803300000, "deferredLongTermAssetCharges": -23100000, "totalAssets": 11916700000, "accountsPayable": 139500000, "shortLongTermDebt": 171500000, "otherCurrentLiab": 1782100000, "longTermDebt": 1427400000, "otherLiab": 290200000, "minorityInterest": 200000, "totalCurrentLiabilities": 2380800000, "totalLiab": 4098400000, "commonStock": 204700000, "retainedEarnings": 5442200000, "treasuryStock": 175400000, "capitalSurplus": 1995800000, "otherStockholderEquity": 175400000, "totalStockholderEquity": 7818100000, "netTangibleAssets": 7809800000}, {"maxAge": 1, "endDate": "2018-03-31", "cash": 324100000, "shortTermInvestments": 1616700000, "netReceivables": 690700000, "inventory": 7193300000, "otherCurrentAssets": 571900000, "totalCurrentAssets": 10881200000, "longTermInvestments": 25700000, "propertyPlantEquipment": 533700000, "intangibleAssets": 10800000, "otherAssets": 867500000, "totalAssets": 12318900000, "accountsPayable": 176300000, "shortLongTermDebt": 141500000, "otherCurrentLiab": 2583600000, "longTermDebt": 633800000, "otherLiab": 295200000, "minorityInterest": 400000, "totalCurrentLiabilities": 3731600000, "totalLiab": 4660600000, "commonStock": 204700000, "retainedEarnings": 5229200000, "treasuryStock": 228200000, "capitalSurplus": 1995800000, "otherStockholderEquity": 228200000, "totalStockholderEquity": 7657900000, "netTangibleAssets": 7647100000}, {"maxAge": 1, "endDate": "2017-03-31", "cash": 409700000, "shortTermInvestments": 1772300000, "netReceivables": 592800000, "inventory": 6697000000, "otherCurrentAssets": 1189900000, "totalCurrentAssets": 11125400000, "longTermInvestments": 29300000, "propertyPlantEquipment": 584300000, "intangibleAssets": 10800000, "otherAssets": 453800000, "totalAssets": 12203600000, "accountsPayable": 144400000, "shortLongTermDebt": 100300000, "otherCurrentLiab": 3452700000, "longTermDebt": 781100000, "otherLiab": 308900000, "minorityInterest": 300000, "totalCurrentLiabilities": 3886700000, "totalLiab": 4976700000, "commonStock": 204700000, "retainedEarnings": 4829800000, "treasuryStock": 196300000, "capitalSurplus": 1995800000, "otherStockholderEquity": 196300000, "totalStockholderEquity": 7226600000, "netTangibleAssets": 7215800000}], "maxAge": 86400}, "earningsTrend": {"trend": [{"maxAge": 1, "period": "0q", "endDate": null, "growth": {}, "earningsEstimate": {"avg": 0.0, "low": 0.0, "high": 0.0, "yearAgoEps": {}, "numberOfAnalysts": 0, "growth": {}}, "revenueEstimate": {"avg": 0, "low": 0, "high": 0, "numberOfAnalysts": 0, "yearAgoRevenue": {}, "growth": {}}, "epsTrend": {"current": 0.0, "7daysAgo": 0.0, "30daysAgo": 0.0, "60daysAgo": 0.0, "90daysAgo": 0.0}, "epsRevisions": {"upLast7days": 0, "upLast30days": 0, "downLast30days": 0, "downLast90days": {}}}, {"maxAge": 1, "period": "+1q", "endDate": null, "growth": {}, "earningsEstimate": {"avg": 0.0, "low": 0.0, "high": 0.0, "yearAgoEps": {}, "numberOfAnalysts": 0, "growth": {}}, "revenueEstimate": {"avg": 0, "low": 0, "high": 0, "numberOfAnalysts": 0, "yearAgoRevenue": {}, "growth": {}}, "epsTrend": {"current": 0.0, "7daysAgo": 0.0, "30daysAgo": 0.0, "60daysAgo": 0.0, "90daysAgo": 0.0}, "epsRevisions": {"upLast7days": 0, "upLast30days": 0, "downLast30days": 0, "downLast90days": {}}}, {"maxAge": 1, "period": "0y", "endDate": null, "growth": {}, "earningsEstimate": {"avg": 0.0, "low": 0.0, "high": 0.0, "yearAgoEps": {}, "numberOfAnalysts": 0, "growth": {}}, "revenueEstimate": {"avg": 0, "low": 0, "high": 0, "numberOfAnalysts": 0, "yearAgoRevenue": {}, "growth": {}}, "epsTrend": {"current": 0.0, "7daysAgo": 0.0, "30daysAgo": 0.0, "60daysAgo": 0.0, "90daysAgo": 0.0}, "epsRevisions": {"upLast7days": 0, "upLast30days": 0, "downLast30days": 0, "downLast90days": {}}}, {"maxAge": 1, "period": "+1y", "endDate": null, "growth": {}, "earningsEstimate": {"avg": 0.0, "low": 0.0, "high": 0.0, "yearAgoEps": {}, "numberOfAnalysts": 0, "growth": {}}, "revenueEstimate": {"avg": 0, "low": 0, "high": 0, "numberOfAnalysts": 0, "yearAgoRevenue": {}, "growth": {}}, "epsTrend": {"current": 0.0, "7daysAgo": 0.0, "30daysAgo": 0.0, "60daysAgo": 0.0, "90daysAgo": 0.0}, "epsRevisions": {"upLast7days": 0, "upLast30days": 0, "downLast30days": 0, "downLast90days": {}}}, {"maxAge": 1, "period": "+5y", "endDate": null, "growth": {}, "earningsEstimate": {"avg": {}, "low": {}, "high": {}, "yearAgoEps": {}, "numberOfAnalysts": {}, "growth": {}}, "revenueEstimate": {"avg": {}, "low": {}, "high": {}, "numberOfAnalysts": {}, "yearAgoRevenue": {}, "growth": {}}, "epsTrend": {"current": {}, "7daysAgo": {}, "30daysAgo": {}, "60daysAgo": {}, "90daysAgo": {}}, "epsRevisions": {"upLast7days": {}, "upLast30days": {}, "downLast30days": {}, "downLast90days": {}}}, {"maxAge": 1, "period": "-5y", "endDate": null, "growth": {}, "earningsEstimate": {"avg": {}, "low": {}, "high": {}, "yearAgoEps": {}, "numberOfAnalysts": {}, "growth": {}}, "revenueEstimate": {"avg": {}, "low": {}, "high": {}, "numberOfAnalysts": {}, "yearAgoRevenue": {}, "growth": {}}, "epsTrend": {"current": {}, "7daysAgo": {}, "30daysAgo": {}, "60daysAgo": {}, "90daysAgo": {}}, "epsRevisions": {"upLast7days": {}, "upLast30days": {}, "downLast30days": {}, "downLast90days": {}}}], "maxAge": 1}, "financialData": {"maxAge": 86400, "currentPrice": 122.75, "targetHighPrice": 267.0, "targetLowPrice": 267.0, "targetMeanPrice": 267.0, "targetMedianPrice": 267.0, "recommendationKey": "none", "numberOfAnalystOpinions": 1, "grossProfits": 746400000, "financialCurrency": "INR"}}}