{"ASHNOOR.BO": {"cashflowStatementHistory": {"cashflowStatements": [{"maxAge": 1, "endDate": "2020-03-31", "netIncome": 32343744, "depreciation": 28483037, "changeToNetincome": 37575576, "changeToAccountReceivables": -71166855, "changeToLiabilities": 90826636, "changeToInventory": -84910888, "totalCashFromOperatingActivities": 33151250, "capitalExpenditures": -82675789, "investments": -5604180, "otherCashflowsFromInvestingActivities": -37888435, "totalCashflowsFromInvestingActivities": -125743404, "netBorrowings": 83766760, "otherCashflowsFromFinancingActivities": 1625000, "totalCashFromFinancingActivities": 87891760, "changeInCash": -4700395, "issuanceOfStock": 2500000}, {"maxAge": 1, "endDate": "2019-03-31", "netIncome": 41429056, "depreciation": 23358763, "changeToNetincome": 1416893, "changeToAccountReceivables": -87793721, "changeToLiabilities": -24089009, "changeToInventory": -28885581, "totalCashFromOperatingActivities": -74563599, "capitalExpenditures": -19127613, "investments": -1088857, "otherCashflowsFromInvestingActivities": -1485745, "totalCashflowsFromInvestingActivities": -21566079, "netBorrowings": 55182592, "otherCashflowsFromFinancingActivities": 22375000, "totalCashFromFinancingActivities": 95057592, "changeInCash": -1072088, "issuanceOfStock": 17500000}, {"maxAge": 1, "endDate": "2018-03-31", "netIncome": 21795378, "depreciation": 22279497, "changeToNetincome": -7630758, "changeToAccountReceivables": -104568742, "changeToLiabilities": 13005582, "changeToInventory": -30463916, "totalCashFromOperatingActivities": -85582959, "capitalExpenditures": -18809794, "investments": -540853, "otherCashflowsFromInvestingActivities": 2472080, "totalCashflowsFromInvestingActivities": -16233577, "netBorrowings": 76136075, "otherCashflowsFromFinancingActivities": 22375000, "totalCashFromFinancingActivities": 76136075, "changeInCash": -25680461, "issuanceOfStock": 17500000}, {"maxAge": 1, "endDate": "2017-03-31", "netIncome": 29124375, "depreciation": 26272735, "changeToNetincome": -2515527, "changeToAccountReceivables": -96584471, "changeToLiabilities": 7768114, "changeToInventory": -36280049, "totalCashFromOperatingActivities": -72214823, "capitalExpenditures": -25269274, "investments": 1900000, "otherCashflowsFromInvestingActivities": 2343435, "totalCashflowsFromInvestingActivities": -20850839, "netBorrowings": 71733909, "otherCashflowsFromFinancingActivities": 22375000, "totalCashFromFinancingActivities": 71733909, "changeInCash": -21331754, "issuanceOfStock": 17500000}], "maxAge": 86400}, "institutionOwnership": {"maxAge": 1, "ownershipList": []}, "balanceSheetHistoryQuarterly": {"balanceSheetStatements": [{"maxAge": 1, "endDate": "2020-06-30", "totalStockholderEquity": 361185477, "netTangibleAssets": 361185477}, {"maxAge": 1, "endDate": "2020-03-31", "cash": 4233800, "shortTermInvestments": 22912662, "netReceivables": 459851616, "inventory": 318180898, "otherCurrentAssets": 51790367, "totalCurrentAssets": 856969343, "longTermInvestments": 5016095, "propertyPlantEquipment": 294404591, "otherAssets": 12876093, "totalAssets": 1169266122, "accountsPayable": 131521998, "shortLongTermDebt": 71848681, "otherCurrentLiab": 27514007, "longTermDebt": 96044259, "otherLiab": 35681599, "totalCurrentLiabilities": 676354787, "totalLiab": 808080645, "commonStock": 127395036, "retainedEarnings": 206556472, "treasuryStock": 3233969, "capitalSurplus": 24000000, "otherStockholderEquity": 3233969, "totalStockholderEquity": 361185477, "netTangibleAssets": 361185477}, {"maxAge": 1, "endDate": "2019-12-31", "totalStockholderEquity": 352692000, "netTangibleAssets": 352692000}, {"maxAge": 1, "endDate": "2019-09-30", "cash": 38474000, "netReceivables": 317081000, "inventory": 212987000, "otherCurrentAssets": 115746000, "totalCurrentAssets": 684288000, "longTermInvestments": 4055000, "propertyPlantEquipment": 278778000, "otherAssets": 12876000, "totalAssets": 979997000, "accountsPayable": 88952000, "otherCurrentLiab": 33930000, "longTermDebt": 98461000, "otherLiab": 33026000, "totalCurrentLiabilities": 495818000, "totalLiab": 627305000, "commonStock": 124895000, "treasuryStock": 227797000, "otherStockholderEquity": 227797000, "totalStockholderEquity": 352692000, "netTangibleAssets": 352692000}], "maxAge": 86400}, "indexTrend": {"maxAge": 1, "symbol": "SP5", "peRatio": 19.7411, "pegRatio": 1.34172, "estimates": [{"period": "0q", "growth": 0.549}, {"period": "+1q", "growth": 0.431}, {"period": "0y", "growth": 0.305}, {"period": "+1y", "growth": 0.109}, {"period": "+5y", "growth": 0.120859005}, {"period": "-5y"}]}, "insiderTransactions": {"transactions": [{"maxAge": 1, "shares": 245849, "filerUrl": "", "transactionText": "", "filerName": "Gupta (Noor)", "filerRelation": "Promoter", "moneyText": "", "startDate": "2020-03-18", "ownership": "D"}, {"maxAge": 1, "shares": 50000, "filerUrl": "", "transactionText": "", "filerName": "Gupta (Abhinav)", "filerRelation": "Promoter", "moneyText": "", "startDate": "2020-03-18", "ownership": "D"}, {"maxAge": 1, "shares": 400000, "filerUrl": "", "transactionText": "", "filerName": "Gupta (Suneel)", "filerRelation": "Executive Chairman", "moneyText": "", "startDate": "2019-03-26", "ownership": "D"}, {"maxAge": 1, "shares": 200000, "filerUrl": "", "transactionText": "", "filerName": "Gupta (Sangeeta)", "filerRelation": "Wholetime Director", "moneyText": "", "startDate": "2019-03-26", "ownership": "D"}, {"maxAge": 1, "shares": 150000, "filerUrl": "", "transactionText": "", "filerName": "Gupta (Abhinav)", "filerRelation": "Director (Non-Executive)", "moneyText": "", "startDate": "2019-03-26", "ownership": "D"}], "maxAge": 1}, "quoteType": {"exchange": "BSE", "quoteType": "EQUITY", "symbol": "ASHNOOR.BO", "underlyingSymbol": "ASHNOOR.BO", "shortName": "ASHNOOR TEXTILE MILLS LTD.", "longName": "Ashnoor Textile Mills Limited", "firstTradeDateEpochUtc": "2007-11-28 09:15:00", "timeZoneFullName": "Asia/Kolkata", "timeZoneShortName": "IST", "uuid": "712f2ae6-53e0-3739-b8f0-4cb6cc98152d", "messageBoardId": null, "gmtOffSetMilliseconds": 19800000, "maxAge": 1}, "incomeStatementHistory": {"incomeStatementHistory": [{"maxAge": 1, "endDate": "2020-03-31", "totalRevenue": 1369145455, "costOfRevenue": 1141466819, "grossProfit": 227678636, "researchDevelopment": {}, "sellingGeneralAdministrative": 15915148, "nonRecurring": {}, "otherOperatingExpenses": 117964236, "totalOperatingExpenses": 1303829240, "operatingIncome": 65316215, "totalOtherIncomeExpenseNet": -24581770, "ebit": 65316215, "interestExpense": -20928191, "incomeBeforeTax": 40734445, "incomeTaxExpense": 8390701, "minorityInterest": {}, "netIncomeFromContinuingOps": 32343744, "discontinuedOperations": {}, "extraordinaryItems": {}, "effectOfAccountingCharges": {}, "otherItems": {}, "netIncome": 32343744, "netIncomeApplicableToCommonShares": 32343744}, {"maxAge": 1, "endDate": "2019-03-31", "totalRevenue": 1285443250, "costOfRevenue": 1023976020, "grossProfit": 261467230, "researchDevelopment": {}, "sellingGeneralAdministrative": 23571248, "nonRecurring": {}, "otherOperatingExpenses": 104348577, "totalOperatingExpenses": 1175254608, "operatingIncome": 110188642, "totalOtherIncomeExpenseNet": -61160885, "ebit": 110188642, "interestExpense": -23416956, "incomeBeforeTax": 49027757, "incomeTaxExpense": 7598701, "minorityInterest": {}, "netIncomeFromContinuingOps": 41429056, "discontinuedOperations": {}, "extraordinaryItems": {}, "effectOfAccountingCharges": {}, "otherItems": {}, "netIncome": 41429056, "netIncomeApplicableToCommonShares": 41429056}, {"maxAge": 1, "endDate": "2018-03-31", "totalRevenue": 883283197, "costOfRevenue": 703515051, "grossProfit": 179768146, "researchDevelopment": {}, "sellingGeneralAdministrative": 30732433, "nonRecurring": {}, "otherOperatingExpenses": 82852321, "totalOperatingExpenses": 839379302, "operatingIncome": 43903895, "totalOtherIncomeExpenseNet": -7069021, "ebit": 43903895, "interestExpense": -21507378, "incomeBeforeTax": 36834874, "incomeTaxExpense": 15039496, "minorityInterest": {}, "netIncomeFromContinuingOps": 21795378, "discontinuedOperations": {}, "extraordinaryItems": {}, "effectOfAccountingCharges": {}, "otherItems": {}, "netIncome": 21795378, "netIncomeApplicableToCommonShares": 21795378}, {"maxAge": 1, "endDate": "2017-03-31", "totalRevenue": 815106021, "costOfRevenue": 600911103, "grossProfit": 214194918, "researchDevelopment": {}, "sellingGeneralAdministrative": 28843679, "nonRecurring": {}, "otherOperatingExpenses": 90181071, "totalOperatingExpenses": 746208588, "operatingIncome": 68897433, "totalOtherIncomeExpenseNet": -26503274, "ebit": 68897433, "interestExpense": -12902307, "incomeBeforeTax": 42394159, "incomeTaxExpense": 13269784, "minorityInterest": {}, "netIncomeFromContinuingOps": 29124375, "discontinuedOperations": {}, "extraordinaryItems": {}, "effectOfAccountingCharges": {}, "otherItems": {}, "netIncome": 29124375, "netIncomeApplicableToCommonShares": 29124375}], "maxAge": 86400}, "fundOwnership": {"maxAge": 1, "ownershipList": []}, "summaryDetail": {"maxAge": 1, "priceHint": 2, "previousClose": 14.61, "open": 14.7, "dayLow": 14.7, "dayHigh": 14.7, "regularMarketPreviousClose": 14.61, "regularMarketOpen": 14.7, "regularMarketDayLow": 14.7, "regularMarketDayHigh": 14.7, "trailingPE": 7.2058825, "volume": 250, "regularMarketVolume": 250, "averageVolume": 1942, "averageVolume10days": 648, "averageDailyVolume10Day": 648, "bid": 0.0, "ask": 15.27, "bidSize": 0, "askSize": 0, "marketCap": 187363264, "fiftyTwoWeekLow": 8.31, "fiftyTwoWeekHigh": 16.77, "fiftyDayAverage": 14.710286, "twoHundredDayAverage": 12.349854, "currency": "INR", "fromCurrency": null, "toCurrency": null, "lastMarket": null, "algorithm": null, "tradeable": false}, "incomeStatementHistoryQuarterly": {"incomeStatementHistory": [{"maxAge": 1, "endDate": "2020-06-30", "totalRevenue": 161734000, "costOfRevenue": 126596000, "grossProfit": 35138000, "researchDevelopment": {}, "sellingGeneralAdministrative": 14213000, "nonRecurring": {}, "otherOperatingExpenses": {}, "totalOperatingExpenses": 147663000, "operatingIncome": 14071000, "totalOtherIncomeExpenseNet": -5359000, "ebit": 14071000, "interestExpense": -5355000, "incomeBeforeTax": 8712000, "incomeTaxExpense": 2178000, "minorityInterest": {}, "netIncomeFromContinuingOps": 6534000, "discontinuedOperations": {}, "extraordinaryItems": {}, "effectOfAccountingCharges": {}, "otherItems": {}, "netIncome": 6534000, "netIncomeApplicableToCommonShares": 6534000}, {"maxAge": 1, "endDate": "2020-03-31", "totalRevenue": 351921455, "costOfRevenue": 295701819, "grossProfit": 56219636, "researchDevelopment": {}, "sellingGeneralAdministrative": -87812852, "nonRecurring": {}, "otherOperatingExpenses": 117964236, "totalOperatingExpenses": 334132240, "operatingIncome": 17789215, "totalOtherIncomeExpenseNet": -24455770, "ebit": 17789215, "interestExpense": -378191, "incomeBeforeTax": -6666555, "incomeTaxExpense": 211701, "minorityInterest": {}, "netIncomeFromContinuingOps": -6878256, "discontinuedOperations": {}, "extraordinaryItems": {}, "effectOfAccountingCharges": {}, "otherItems": {}, "netIncome": -6878256, "netIncomeApplicableToCommonShares": -6878256}, {"maxAge": 1, "endDate": "2019-12-31", "totalRevenue": 325241000, "costOfRevenue": 277602000, "grossProfit": 47639000, "researchDevelopment": {}, "sellingGeneralAdministrative": 29747000, "nonRecurring": {}, "otherOperatingExpenses": 117964236, "totalOperatingExpenses": 315872000, "operatingIncome": 9369000, "totalOtherIncomeExpenseNet": 3248000, "ebit": 9369000, "interestExpense": -6506000, "incomeBeforeTax": 12617000, "incomeTaxExpense": 1369000, "minorityInterest": {}, "netIncomeFromContinuingOps": 11248000, "discontinuedOperations": {}, "extraordinaryItems": {}, "effectOfAccountingCharges": {}, "otherItems": {}, "netIncome": 11248000, "netIncomeApplicableToCommonShares": 11248000}, {"maxAge": 1, "endDate": "2019-09-30", "totalRevenue": 310783000, "costOfRevenue": 246892000, "grossProfit": 63891000, "researchDevelopment": {}, "sellingGeneralAdministrative": 42783000, "nonRecurring": {}, "otherOperatingExpenses": 117964236, "totalOperatingExpenses": 295602000, "operatingIncome": 15181000, "totalOtherIncomeExpenseNet": 1698000, "ebit": 15181000, "interestExpense": -4315000, "incomeBeforeTax": 16879000, "incomeTaxExpense": 1596000, "minorityInterest": {}, "netIncomeFromContinuingOps": 15283000, "discontinuedOperations": {}, "extraordinaryItems": {}, "effectOfAccountingCharges": {}, "otherItems": {}, "netIncome": 15283000, "netIncomeApplicableToCommonShares": 15283000}], "maxAge": 86400}, "cashflowStatementHistoryQuarterly": {"cashflowStatements": [{"maxAge": 1, "endDate": "2020-06-30", "netIncome": 6534000, "changeToLiabilities": 0}, {"maxAge": 1, "endDate": "2020-03-31", "netIncome": -6878256, "changeToLiabilities": 0}, {"maxAge": 1, "endDate": "2019-12-31", "netIncome": 11248000, "changeToLiabilities": 0}, {"maxAge": 1, "endDate": "2019-09-30", "netIncome": 15283000, "changeToLiabilities": 0}], "maxAge": 86400}, "insiderHolders": {"holders": [{"maxAge": 1, "name": "Gupta (Abhinav)", "relation": "Promoter", "url": "", "transactionDescription": "Acquisition", "latestTransDate": "2020-03-18", "positionDirect": 1586000, "positionDirectDate": "2020-03-18"}, {"maxAge": 1, "name": "Gupta (Noor)", "relation": "Promoter", "url": "", "transactionDescription": "Acquisition", "latestTransDate": "2020-03-18", "positionDirect": 445849, "positionDirectDate": "2020-03-18"}, {"maxAge": 1, "name": "Gupta (Sangeeta)", "relation": "Wholetime Director", "url": "", "transactionDescription": "Other", "latestTransDate": "2019-03-26", "positionDirect": 2986172, "positionDirectDate": "2019-03-26"}, {"maxAge": 1, "name": "Gupta (Suneel)", "relation": "Executive Chairman", "url": "", "transactionDescription": "Other", "latestTransDate": "2019-03-26", "positionDirect": 4261841, "positionDirectDate": "2019-03-26"}], "maxAge": 1}, "calendarEvents": {"maxAge": 1, "earnings": {"earningsDate": []}}, "price": {"maxAge": 1, "regularMarketChangePercent": 0.0061601754, "regularMarketChange": 0.09000015, "regularMarketTime": "2021-04-30 15:49:49", "priceHint": 2, "regularMarketPrice": 14.7, "regularMarketDayHigh": 14.7, "regularMarketDayLow": 14.7, "regularMarketVolume": 250, "averageDailyVolume10Day": 648, "averageDailyVolume3Month": 1942, "regularMarketPreviousClose": 14.61, "regularMarketSource": "FREE_REALTIME", "regularMarketOpen": 14.7, "exchange": "BSE", "exchangeName": "BSE", "exchangeDataDelayedBy": 0, "marketState": "CLOSED", "quoteType": "EQUITY", "symbol": "ASHNOOR.BO", "underlyingSymbol": null, "shortName": "ASHNOOR TEXTILE MILLS LTD.", "longName": "Ashnoor Textile Mills Limited", "currency": "INR", "quoteSourceName": "Delayed Quote", "currencySymbol": "\u20b9", "fromCurrency": null, "toCurrency": null, "lastMarket": null, "marketCap": 187363264}, "balanceSheetHistory": {"balanceSheetStatements": [{"maxAge": 1, "endDate": "2020-03-31", "cash": 4233800, "shortTermInvestments": 22912662, "netReceivables": 459851616, "inventory": 318180898, "otherCurrentAssets": 51790367, "totalCurrentAssets": 856969343, "longTermInvestments": 5016095, "propertyPlantEquipment": 294404591, "otherAssets": 12876093, "totalAssets": 1169266122, "accountsPayable": 131521998, "shortLongTermDebt": 71848681, "otherCurrentLiab": 27514007, "longTermDebt": 96044259, "otherLiab": 35681599, "totalCurrentLiabilities": 676354787, "totalLiab": 808080645, "commonStock": 127395036, "retainedEarnings": 206556472, "treasuryStock": 3233969, "capitalSurplus": 24000000, "otherStockholderEquity": 3233969, "totalStockholderEquity": 361185477, "netTangibleAssets": 361185477}, {"maxAge": 1, "endDate": "2019-03-31", "cash": 8133773, "shortTermInvestments": 19208904, "netReceivables": 410482021, "inventory": 233270009, "otherCurrentAssets": 24310317, "totalCurrentAssets": 695405024, "longTermInvestments": 3916095, "propertyPlantEquipment": 240323979, "otherAssets": 18558883, "totalAssets": 958203981, "accountsPayable": 105274513, "shortLongTermDebt": 10565135, "otherCurrentLiab": 25189045, "longTermDebt": 45758149, "otherLiab": 32699769, "totalCurrentLiabilities": 555029331, "totalLiab": 633487249, "commonStock": 124895036, "retainedEarnings": 174212727, "treasuryStock": 4608969, "capitalSurplus": 21000000, "otherStockholderEquity": 4608969, "totalStockholderEquity": 324716732, "netTangibleAssets": 324716732}, {"maxAge": 1, "endDate": "2018-03-31", "cash": 28414766, "netReceivables": 343311854, "inventory": 204384428, "otherCurrentAssets": 4206762, "totalCurrentAssets": 580317810, "longTermInvestments": 2827238, "propertyPlantEquipment": 244622412, "otherAssets": 18038883, "totalAssets": 845806343, "accountsPayable": 93180732, "shortLongTermDebt": 2507132, "otherCurrentLiab": 12172532, "longTermDebt": 59684978, "otherLiab": 76664329, "totalCurrentLiabilities": 466044360, "totalLiab": 602393667, "commonStock": 107395036, "retainedEarnings": 132783671, "treasuryStock": 3233969, "otherStockholderEquity": 3233969, "totalStockholderEquity": 243412676, "netTangibleAssets": 243412676}, {"maxAge": 1, "endDate": "2017-03-31", "cash": 54095228, "netReceivables": 235402906, "inventory": 173920511, "otherCurrentAssets": 7635238, "totalCurrentAssets": 471053883, "longTermInvestments": 2286385, "propertyPlantEquipment": 243578428, "otherAssets": 17950611, "totalAssets": 734869307, "accountsPayable": 58272108, "shortLongTermDebt": 14790000, "otherCurrentLiab": 9409193, "longTermDebt": 44853687, "otherLiab": 91189274, "totalCurrentLiabilities": 377209048, "totalLiab": 513252009, "commonStock": 107395036, "retainedEarnings": 110988293, "treasuryStock": 3233969, "otherStockholderEquity": 3233969, "totalStockholderEquity": 221617298, "netTangibleAssets": 221617298}], "maxAge": 86400}, "financialData": {"maxAge": 86400, "currentPrice": 14.7, "recommendationKey": "none", "grossProfits": 227678636, "financialCurrency": "INR"}}}