{"ASHOKLEY.NS": {"assetProfile": {"address1": "No.1, Sardar Patel Road", "address2": "Guindy", "city": "Chennai", "zip": "600032", "country": "India", "phone": "91 44 2220 6000", "fax": "91 44 2220 6001", "website": "http://www.ashokleyland.com", "industry": "Auto Manufacturers", "sector": "Consumer Cyclical", "longBusinessSummary": "Ashok Leyland Limited, together with its subsidiaries, manufactures and sells commercial vehicles in India and internationally. The company offers city, inter-city, school and college, staff, tourist, stage carrier, and airport buses; haulage and ICV distribution trucks, as well as tractors and tippers; light and small commercial vehicles, goods carriers, and passenger vehicles; and defense vehicles comprising logistics, high mobility, armored, light tactical, tracked, and simulator vehicles. It also provides power solutions, such as diesel generators, agriculture engines, industrial engines, and marine engines; spare parts, trailer axle and suspension kits, repair kits, and retro fitment kits; and vehicle and housing financing services. In addition, the company trades in commercial vehicles; offers manpower supply services and air chartering services; and driver training services. Further, it operates retail stores; and LeyKart, an e-commerce store for spare parts. The company was founded in 1948 and is based in Chennai, India. Ashok Leyland Limited is a subsidiary of Hinduja Automotive Limited.", "fullTimeEmployees": 12005, "companyOfficers": [{"maxAge": 1, "name": "Mr. Vipin  Sondhi", "title": "CEO, MD & Non Independent Exec. Director", "fiscalYear": 2020, "totalPay": 52070972, "exercisedValue": 0, "unexercisedValue": 0}, {"maxAge": 1, "name": "Mr. Gopal  Mahadevan", "age": 54, "title": "CFO & Whole Time Director", "yearBorn": 1966, "fiscalYear": 2020, "totalPay": 45699889, "exercisedValue": 0, "unexercisedValue": 0}, {"maxAge": 1, "name": "Mr. N.  Ramanathan", "title": "Company Sec. & Compliance Officer", "fiscalYear": 2020, "totalPay": 18503228, "exercisedValue": 0, "unexercisedValue": 0}, {"maxAge": 1, "name": "Mr. Nitin  Seth", "age": 51, "title": "Chief Operating Officer", "yearBorn": 1969, "exercisedValue": 0, "unexercisedValue": 0}, {"maxAge": 1, "name": "Mr. Anuj  Kathuria", "age": 51, "title": "Chief Operating Officer", "yearBorn": 1969, "exercisedValue": 0, "unexercisedValue": 0}, {"maxAge": 1, "name": "Mr. K.  Ramkumar", "age": 54, "title": "VP of Corp. Fin.", "yearBorn": 1966, "exercisedValue": 0, "unexercisedValue": 0}, {"maxAge": 1, "name": "Dr. N.  Saravanan", "age": 54, "title": "Chief Technology Officer", "yearBorn": 1966, "exercisedValue": 0, "unexercisedValue": 0}, {"maxAge": 1, "name": "Mr. S.  Venkataraman B.Com., Bl", "age": 62, "title": "Gen. Mang. of Legal", "yearBorn": 1958, "exercisedValue": 0, "unexercisedValue": 0}, {"maxAge": 1, "name": "Mr. N. V. Balachander", "age": 55, "title": "BR Head, Pres of HR and Head of CSR & Communications", "yearBorn": 1965, "exercisedValue": 0, "unexercisedValue": 0}, {"maxAge": 1, "name": "Rajesh  Mani", "title": "Head of Marketing & Corp. Communication", "exercisedValue": 0, "unexercisedValue": 0}], "auditRisk": 2, "boardRisk": 6, "compensationRisk": 6, "shareHolderRightsRisk": 1, "overallRisk": 2, "governanceEpochDate": "2021-04-01 05:30:00", "compensationAsOfEpochDate": "2020-12-31 05:30:00", "maxAge": 86400}, "recommendationTrend": {"trend": [{"period": "0m", "strongBuy": 0, "buy": 0, "hold": 0, "sell": 0, "strongSell": 0}, {"period": "-1m", "strongBuy": 0, "buy": 0, "hold": 0, "sell": 0, "strongSell": 0}, {"period": "-2m", "strongBuy": 0, "buy": 0, "hold": 0, "sell": 0, "strongSell": 0}, {"period": "-3m", "strongBuy": 0, "buy": 0, "hold": 0, "sell": 0, "strongSell": 0}], "maxAge": 86400}, "cashflowStatementHistory": {"cashflowStatements": [{"maxAge": 1, "endDate": "2020-03-31", "netIncome": 3366700000, "depreciation": 7098800000, "changeToNetincome": 4928600000, "changeToAccountReceivables": 12039600000, "changeToLiabilities": -25849800000, "changeToInventory": 15270400000, "changeToOperatingActivities": -13423600000, "totalCashFromOperatingActivities": 3831800000, "capitalExpenditures": -13490800000, "investments": 5500200000, "otherCashflowsFromInvestingActivities": -4292600000, "totalCashflowsFromInvestingActivities": -15026700000, "dividendsPaid": -12757300000, "netBorrowings": 29687500000, "otherCashflowsFromFinancingActivities": -1541700000, "totalCashFromFinancingActivities": 15388500000, "effectOfExchangeRate": 14900000, "changeInCash": 4208500000}, {"maxAge": 1, "endDate": "2019-03-31", "netIncome": 20787000000, "depreciation": 6405800000, "changeToNetincome": 3904700000, "changeToAccountReceivables": -15674300000, "changeToLiabilities": 12028800000, "changeToInventory": -8557500000, "changeToOperatingActivities": -56729400000, "totalCashFromOperatingActivities": -37454900000, "capitalExpenditures": -11263500000, "investments": 29773300000, "otherCashflowsFromInvestingActivities": 409600000, "totalCashflowsFromInvestingActivities": 18918600000, "dividendsPaid": -7132300000, "netBorrowings": 33369100000, "otherCashflowsFromFinancingActivities": -2345700000, "totalCashFromFinancingActivities": 23977500000, "effectOfExchangeRate": 48600000, "changeInCash": 5493500000, "issuanceOfStock": 86400000}, {"maxAge": 1, "endDate": "2018-03-31", "netIncome": 17603800000, "depreciation": 6179900000, "changeToNetincome": 4189500000, "changeToAccountReceivables": 518000000, "changeToLiabilities": 15980600000, "changeToInventory": 7409000000, "changeToOperatingActivities": -37566800000, "totalCashFromOperatingActivities": 14624300000, "capitalExpenditures": -6511600000, "investments": -23840900000, "otherCashflowsFromInvestingActivities": 828800000, "totalCashflowsFromInvestingActivities": -31662400000, "dividendsPaid": -4565400000, "netBorrowings": 25621400000, "otherCashflowsFromFinancingActivities": -2047300000, "totalCashFromFinancingActivities": 19054200000, "effectOfExchangeRate": 32900000, "changeInCash": 2049000000, "issuanceOfStock": 45500000}, {"maxAge": 1, "endDate": "2017-03-31", "netIncome": 15893554000, "depreciation": 5439952000, "changeToNetincome": 1977266000, "changeToAccountReceivables": 5837047000, "changeToLiabilities": 1139404000, "changeToInventory": -7850356000, "changeToOperatingActivities": -20023840000, "totalCashFromOperatingActivities": 2700963000, "capitalExpenditures": -4488567000, "investments": -12770618000, "otherCashflowsFromInvestingActivities": 182018000, "totalCashflowsFromInvestingActivities": -16948798000, "dividendsPaid": -2703583000, "netBorrowings": 12557457000, "otherCashflowsFromFinancingActivities": -2476433000, "totalCashFromFinancingActivities": 7377441000, "effectOfExchangeRate": -14017000, "changeInCash": -6680513000, "issuanceOfStock": 45500000}], "maxAge": 86400}, "indexTrend": {"maxAge": 1, "symbol": "SP5", "peRatio": 19.7411, "pegRatio": 1.34172, "estimates": [{"period": "0q", "growth": 0.549}, {"period": "+1q", "growth": 0.431}, {"period": "0y", "growth": 0.305}, {"period": "+1y", "growth": 0.109}, {"period": "+5y", "growth": 0.120865}, {"period": "-5y"}]}, "defaultKeyStatistics": {"maxAge": 1, "priceHint": 2, "enterpriseValue": 556972179456, "profitMargins": -0.030469999, "floatShares": 1656168960, "sharesOutstanding": 2935529984, "heldPercentInsiders": 0.35167, "heldPercentInstitutions": 0.27532, "beta": 1.100502, "category": null, "bookValue": 24.888, "priceToBook": 4.5282865, "fundFamily": null, "legalType": null, "lastFiscalYearEnd": "2020-03-31 05:30:00", "nextFiscalYearEnd": "2022-03-31 05:30:00", "mostRecentQuarter": "2020-12-31 05:30:00", "earningsQuarterlyGrowth": -0.468, "netIncomeToCommon": -4997199872, "trailingEps": -1.694, "forwardEps": 7.75, "lastSplitFactor": "2:1", "lastSplitDate": "2011-08-02 05:30:00", "enterpriseToRevenue": 3.396, "enterpriseToEbitda": 27.197, "52WeekChange": 1.2860041, "SandP52WeekChange": 0.48148263, "lastDividendValue": 0.5, "lastDividendDate": 1584576000}, "industryTrend": {"maxAge": 1, "symbol": null, "estimates": []}, "quoteType": {"exchange": "NSI", "quoteType": "EQUITY", "symbol": "ASHOKLEY.NS", "underlyingSymbol": "ASHOKLEY.NS", "shortName": "ASHOK LEYLAND", "longName": "Ashok Leyland Limited", "firstTradeDateEpochUtc": "2002-07-01 09:15:00", "timeZoneFullName": "Asia/Kolkata", "timeZoneShortName": "IST", "uuid": "fb918bd1-8998-3fde-9c8d-8f94138d28ef", "messageBoardId": "finmb_878449", "gmtOffSetMilliseconds": 19800000, "maxAge": 1}, "incomeStatementHistory": {"incomeStatementHistory": [{"maxAge": 1, "endDate": "2020-03-31", "totalRevenue": 219512700000, "costOfRevenue": 133459200000, "grossProfit": 86053500000, "researchDevelopment": {}, "sellingGeneralAdministrative": 21902700000, "nonRecurring": {}, "otherOperatingExpenses": 31817300000, "totalOperatingExpenses": 194679100000, "operatingIncome": 24833600000, "totalOtherIncomeExpenseNet": -17442000000, "ebit": 24833600000, "interestExpense": -18016500000, "incomeBeforeTax": 7391600000, "incomeTaxExpense": 2793600000, "minorityInterest": 11070800000, "netIncomeFromContinuingOps": 4598000000, "discontinuedOperations": {}, "extraordinaryItems": {}, "effectOfAccountingCharges": {}, "otherItems": {}, "netIncome": 3366700000, "netIncomeApplicableToCommonShares": 3366700000}, {"maxAge": 1, "endDate": "2019-03-31", "totalRevenue": 331968400000, "costOfRevenue": 215986100000, "grossProfit": 115982300000, "researchDevelopment": {}, "sellingGeneralAdministrative": 26684500000, "nonRecurring": {}, "otherOperatingExpenses": 40197800000, "totalOperatingExpenses": 289624000000, "operatingIncome": 42344400000, "totalOtherIncomeExpenseNet": -13627800000, "ebit": 42344400000, "interestExpense": -15022400000, "incomeBeforeTax": 28716600000, "incomeTaxExpense": 6770600000, "minorityInterest": 10750700000, "netIncomeFromContinuingOps": 21946000000, "discontinuedOperations": {}, "extraordinaryItems": {}, "effectOfAccountingCharges": {}, "otherItems": {}, "netIncome": 20787000000, "netIncomeApplicableToCommonShares": 20787000000}, {"maxAge": 1, "endDate": "2018-03-31", "totalRevenue": 296355900000, "costOfRevenue": 192180700000, "grossProfit": 104175200000, "researchDevelopment": {}, "sellingGeneralAdministrative": 22820100000, "nonRecurring": {}, "otherOperatingExpenses": 38870800000, "totalOperatingExpenses": 260330500000, "operatingIncome": 36025400000, "totalOtherIncomeExpenseNet": -10376100000, "ebit": 36025400000, "interestExpense": -12273800000, "incomeBeforeTax": 25649300000, "incomeTaxExpense": 7511100000, "minorityInterest": 8253300000, "netIncomeFromContinuingOps": 18138200000, "discontinuedOperations": {}, "extraordinaryItems": {}, "effectOfAccountingCharges": {}, "otherItems": {}, "netIncome": 17603800000, "netIncomeApplicableToCommonShares": 17603800000}, {"maxAge": 1, "endDate": "2017-03-31", "totalRevenue": 228709664000, "costOfRevenue": 147337130000, "grossProfit": 81372534000, "researchDevelopment": {}, "sellingGeneralAdministrative": 18598536000, "nonRecurring": {}, "otherOperatingExpenses": 29834658000, "totalOperatingExpenses": 201498212000, "operatingIncome": 27211452000, "totalOtherIncomeExpenseNet": -8878827000, "ebit": 27211452000, "interestExpense": -10487996000, "incomeBeforeTax": 18332625000, "incomeTaxExpense": 1961191000, "minorityInterest": 5889910000, "netIncomeFromContinuingOps": 16371434000, "discontinuedOperations": -42331000, "extraordinaryItems": {}, "effectOfAccountingCharges": {}, "otherItems": {}, "netIncome": 15893554000, "netIncomeApplicableToCommonShares": 15893554000}], "maxAge": 86400}, "fundOwnership": {"maxAge": 1, "ownershipList": [{"maxAge": 1, "reportDate": "2021-01-31", "organization": "Vanguard International Stock Index-Emerging Markets Stk", "pctHeld": 0.0057, "position": 16752835, "value": 1856214118}, {"maxAge": 1, "reportDate": "2021-01-31", "organization": "Vanguard International Stock Index-Total Intl Stock Indx", "pctHeld": 0.0055, "position": 16192935, "value": 1794177198}, {"maxAge": 1, "reportDate": "2021-01-31", "organization": "Price (T.Rowe) Emerging Markets Discovery Stock Fund", "pctHeld": 0.0042, "position": 12245520, "value": 1356803616}, {"maxAge": 1, "reportDate": "2021-03-31", "organization": "iShares Core MSCI Emerging Markets ETF", "pctHeld": 0.004, "position": 11653905, "value": 1322718217}, {"maxAge": 1, "reportDate": "2020-12-31", "organization": "Matthews International  Fds-Matthews India Fd", "pctHeld": 0.0034, "position": 9936652, "value": 948453433}, {"maxAge": 1, "reportDate": "2021-01-31", "organization": "DFA Emerging Markets Core Equity Portfolio", "pctHeld": 0.0033000002, "position": 9777892, "value": 1083390433}, {"maxAge": 1, "reportDate": "2021-03-31", "organization": "PGIM Jennison Emerging Markets Equity Opportunities Fd", "pctHeld": 0.0026, "position": 7591695, "value": 861657382}, {"maxAge": 1, "reportDate": "2021-01-31", "organization": "DFA Investment Dimensions-DFA Emerging Mkts Value", "pctHeld": 0.0018000001, "position": 5216139, "value": 577948201}, {"maxAge": 1, "reportDate": "2021-01-31", "organization": "DFA Emerging Markets Small Cap Series", "pctHeld": 0.0016, "position": 4777564, "value": 529354091}, {"maxAge": 1, "reportDate": "2020-12-31", "organization": "JNL Series Trust-JNL Multi-Manager Emerging Markets Equity Fund", "pctHeld": 0.0013, "position": 3693339, "value": 352529207}]}, "summaryDetail": {"maxAge": 1, "priceHint": 2, "previousClose": 115.1, "open": 113.75, "dayLow": 112.1, "dayHigh": 115.75, "regularMarketPreviousClose": 115.1, "regularMarketOpen": 113.75, "regularMarketDayLow": 112.1, "regularMarketDayHigh": 115.75, "exDividendDate": "2020-03-19 05:30:00", "fiveYearAvgDividendYield": 2.15, "beta": 1.100502, "forwardPE": 14.541935, "volume": 17958343, "regularMarketVolume": 17958343, "averageVolume": 27468519, "averageVolume10days": 22158127, "averageDailyVolume10Day": 22158127, "bid": 0.0, "ask": 0.0, "bidSize": 0, "askSize": 0, "marketCap": 330977345536, "fiftyTwoWeekLow": 42.0, "fiftyTwoWeekHigh": 138.9, "priceToSalesTrailing12Months": 2.0181508, "fiftyDayAverage": 115.13472, "twoHundredDayAverage": 107.138275, "trailingAnnualDividendRate": 0.0, "trailingAnnualDividendYield": 0.0, "currency": "INR", "fromCurrency": null, "toCurrency": null, "lastMarket": null, "algorithm": null, "tradeable": false}, "insiderHolders": {"holders": [{"maxAge": 1, "name": "Dasari (Vinod K)", "relation": "UNREPORTED", "url": "", "transactionDescription": "Sale", "latestTransDate": "2019-02-19", "positionDirect": 1100000, "positionDirectDate": "2019-02-19"}, {"maxAge": 1, "name": "Hinduja Automotive, Ltd.", "relation": "Promoter", "url": "", "transactionDescription": "Acquisition", "latestTransDate": "2013-10-14", "positionDirect": 1088022941, "positionDirectDate": "2013-10-14"}, {"maxAge": 1, "name": "Kathuria (Anuj)", "relation": "UNREPORTED", "url": "", "transactionDescription": "Sale", "latestTransDate": "2020-11-10", "positionDirect": 140000, "positionDirectDate": "2020-11-10"}, {"maxAge": 1, "name": "Kumar (Ram K)", "relation": "UNREPORTED", "url": "", "transactionDescription": "Sale", "latestTransDate": "2016-08-02", "positionDirect": 0, "positionDirectDate": "2016-08-02"}, {"maxAge": 1, "name": "Life Insurance Corporation of India", "relation": "Institution- Corporation", "url": "", "transactionDescription": "Sale", "latestTransDate": "2014-11-03", "positionDirect": 208189628, "positionDirectDate": "2014-11-03"}, {"maxAge": 1, "name": "Mahadevan (Gopal)", "relation": "Chief Financial Officer", "url": "", "transactionDescription": "Sale", "latestTransDate": "2020-02-26", "positionDirect": 0, "positionDirectDate": "2020-02-26"}, {"maxAge": 1, "name": "Reliance Capital Trustee Co Ltd A/c Reliance Banking", "relation": "Institution- Corporation", "url": "", "transactionDescription": "Sale", "latestTransDate": "2021-02-03", "positionDirect": 87414427, "positionDirectDate": "2021-02-03"}, {"maxAge": 1, "name": "Sivanesan (R)", "relation": "UNREPORTED", "url": "", "transactionDescription": "Sale", "latestTransDate": "2020-12-16", "positionDirect": 0, "positionDirectDate": "2020-12-16"}], "maxAge": 1}, "calendarEvents": {"maxAge": 1, "earnings": {"earningsDate": [], "revenueAverage": 71262000000, "revenueLow": 69578000000, "revenueHigh": 73453700000}, "exDividendDate": "2020-03-19 05:30:00"}, "price": {"maxAge": 1, "regularMarketChangePercent": -0.020851444, "regularMarketChange": -2.4000015, "regularMarketTime": "2021-04-30 15:30:01", "priceHint": 2, "regularMarketPrice": 112.7, "regularMarketDayHigh": 115.75, "regularMarketDayLow": 112.1, "regularMarketVolume": 17958343, "averageDailyVolume10Day": 22158127, "averageDailyVolume3Month": 27468519, "regularMarketPreviousClose": 115.1, "regularMarketSource": "FREE_REALTIME", "regularMarketOpen": 113.75, "exchange": "NSI", "exchangeName": "NSE", "exchangeDataDelayedBy": 15, "marketState": "CLOSED", "quoteType": "EQUITY", "symbol": "ASHOKLEY.NS", "underlyingSymbol": null, "shortName": "ASHOK LEYLAND", "longName": "Ashok Leyland Limited", "currency": "INR", "quoteSourceName": "Delayed Quote", "currencySymbol": "\u20b9", "fromCurrency": null, "toCurrency": null, "lastMarket": null, "marketCap": 330977345536}, "balanceSheetHistory": {"balanceSheetStatements": [{"maxAge": 1, "endDate": "2020-03-31", "cash": 21882400000, "shortTermInvestments": 4109100000, "netReceivables": 97690500000, "inventory": 15363900000, "otherCurrentAssets": 12644200000, "totalCurrentAssets": 153094900000, "longTermInvestments": 7771000000, "propertyPlantEquipment": 62777800000, "goodWill": 11155600000, "intangibleAssets": 12114800000, "otherAssets": 134354500000, "deferredLongTermAssetCharges": 77100000, "totalAssets": 381268600000, "accountsPayable": 28346000000, "shortLongTermDebt": 60926600000, "otherCurrentLiab": 19887200000, "longTermDebt": 133251400000, "otherLiab": 9684200000, "minorityInterest": 11070800000, "totalCurrentLiabilities": 147946600000, "totalLiab": 292309700000, "commonStock": 2935500000, "retainedEarnings": 49196600000, "treasuryStock": 5684900000, "capitalSurplus": 20071100000, "otherStockholderEquity": 5684900000, "totalStockholderEquity": 77888100000, "netTangibleAssets": 54617700000}, {"maxAge": 1, "endDate": "2019-03-31", "cash": 17673900000, "shortTermInvestments": 6692900000, "netReceivables": 96614400000, "inventory": 30634300000, "otherCurrentAssets": 12251400000, "totalCurrentAssets": 164874800000, "longTermInvestments": 8591200000, "propertyPlantEquipment": 53654800000, "goodWill": 11155600000, "intangibleAssets": 8920400000, "otherAssets": 144022300000, "deferredLongTermAssetCharges": 103000000, "totalAssets": 391219100000, "accountsPayable": 51790200000, "shortLongTermDebt": 40205100000, "otherCurrentLiab": 20880500000, "longTermDebt": 130096500000, "otherLiab": 9757600000, "minorityInterest": 10750700000, "totalCurrentLiabilities": 153158600000, "totalLiab": 293012700000, "commonStock": 2935500000, "retainedEarnings": 60433900000, "treasuryStock": 4093400000, "capitalSurplus": 19992900000, "otherStockholderEquity": 4093400000, "totalStockholderEquity": 87455700000, "netTangibleAssets": 67379700000}, {"maxAge": 1, "endDate": "2018-03-31", "cash": 12180400000, "shortTermInvestments": 3237300000, "netReceivables": 66404100000, "inventory": 22076800000, "otherCurrentAssets": 7786900000, "totalCurrentAssets": 144215500000, "longTermInvestments": 9668400000, "propertyPlantEquipment": 53205800000, "goodWill": 11077400000, "intangibleAssets": 6072400000, "otherAssets": 110940400000, "deferredLongTermAssetCharges": 1417800000, "totalAssets": 335179900000, "accountsPayable": 50535300000, "shortLongTermDebt": 36836300000, "otherCurrentLiab": 19175000000, "longTermDebt": 102280900000, "otherLiab": 8525000000, "minorityInterest": 8253300000, "totalCurrentLiabilities": 141914800000, "totalLiab": 252720700000, "commonStock": 2927100000, "retainedEarnings": 47670200000, "treasuryStock": 3693600000, "capitalSurplus": 19915000000, "otherStockholderEquity": 3693600000, "totalStockholderEquity": 74205900000, "netTangibleAssets": 57056100000}, {"maxAge": 1, "endDate": "2017-03-31", "cash": 10131356000, "shortTermInvestments": 3445945000, "netReceivables": 55564656000, "inventory": 29010292000, "otherCurrentAssets": 4095016000, "totalCurrentAssets": 111629788000, "longTermInvestments": 8452521000, "propertyPlantEquipment": 52681517000, "goodWill": 11077398000, "intangibleAssets": 4590829000, "otherAssets": 78251190000, "deferredLongTermAssetCharges": 1134795000, "totalAssets": 266683243000, "accountsPayable": 34501492000, "shortLongTermDebt": 33661927000, "otherCurrentLiab": 7820855000, "longTermDebt": 89236374000, "otherLiab": 3634356000, "minorityInterest": 5889910000, "totalCurrentLiabilities": 103993171000, "totalLiab": 196863901000, "commonStock": 2845876000, "retainedEarnings": 36952086000, "treasuryStock": 4329520000, "capitalSurplus": 19801950000, "otherStockholderEquity": 4329520000, "totalStockholderEquity": 63929432000, "netTangibleAssets": 48261205000}], "maxAge": 86400}, "earningsTrend": {"trend": [{"maxAge": 1, "period": "0q", "endDate": "2018-12-31", "growth": {}, "earningsEstimate": {"avg": 0.0, "low": 0.0, "high": 0.0, "yearAgoEps": 1.53, "numberOfAnalysts": 0, "growth": {}}, "revenueEstimate": {"avg": 71262000000, "low": 69578000000, "high": 73453700000, "numberOfAnalysts": 3, "yearAgoRevenue": 71131600000, "growth": 0.002}, "epsTrend": {"current": 0.0, "7daysAgo": 1.16, "30daysAgo": 1.16, "60daysAgo": 1.16, "90daysAgo": 1.16}, "epsRevisions": {"upLast7days": 0, "upLast30days": 0, "downLast30days": 0, "downLast90days": {}}}, {"maxAge": 1, "period": "+1q", "endDate": "2019-03-31", "growth": {}, "earningsEstimate": {"avg": 0.0, "low": 0.0, "high": 0.0, "yearAgoEps": 2.27, "numberOfAnalysts": 0, "growth": {}}, "revenueEstimate": {"avg": 95567600000, "low": 95215000000, "high": 95920300000, "numberOfAnalysts": 2, "yearAgoRevenue": 87724900000, "growth": 0.088999994}, "epsTrend": {"current": 0.0, "7daysAgo": -1.31, "30daysAgo": -1.31, "60daysAgo": -1.31, "90daysAgo": -1.31}, "epsRevisions": {"upLast7days": 0, "upLast30days": 0, "downLast30days": 0, "downLast90days": {}}}, {"maxAge": 1, "period": "0y", "endDate": "2019-03-31", "growth": {}, "earningsEstimate": {"avg": 0.0, "low": 0.0, "high": 0.0, "yearAgoEps": {}, "numberOfAnalysts": 0, "growth": {}}, "revenueEstimate": {"avg": 300630000000, "low": 277692000000, "high": 329616000000, "numberOfAnalysts": 37, "yearAgoRevenue": 262479000000, "growth": 0.145}, "epsTrend": {"current": 0.0, "7daysAgo": 6.37, "30daysAgo": 6.37, "60daysAgo": 6.37, "90daysAgo": 6.37}, "epsRevisions": {"upLast7days": 0, "upLast30days": 2, "downLast30days": 2, "downLast90days": {}}}, {"maxAge": 1, "period": "+1y", "endDate": "2020-03-31", "growth": {}, "earningsEstimate": {"avg": 0.0, "low": 0.0, "high": 0.0, "yearAgoEps": {}, "numberOfAnalysts": 0, "growth": {}}, "revenueEstimate": {"avg": 347877000000, "low": 296510000000, "high": 391845000000, "numberOfAnalysts": 37, "yearAgoRevenue": 300630000000, "growth": 0.157}, "epsTrend": {"current": 0.0, "7daysAgo": 7.75, "30daysAgo": 7.75, "60daysAgo": 7.75, "90daysAgo": 7.75}, "epsRevisions": {"upLast7days": 0, "upLast30days": 0, "downLast30days": 2, "downLast90days": {}}}, {"maxAge": 1, "period": "+5y", "endDate": null, "growth": 0.11350001, "earningsEstimate": {"avg": {}, "low": {}, "high": {}, "yearAgoEps": {}, "numberOfAnalysts": {}, "growth": {}}, "revenueEstimate": {"avg": {}, "low": {}, "high": {}, "numberOfAnalysts": {}, "yearAgoRevenue": {}, "growth": {}}, "epsTrend": {"current": {}, "7daysAgo": {}, "30daysAgo": {}, "60daysAgo": {}, "90daysAgo": {}}, "epsRevisions": {"upLast7days": {}, "upLast30days": {}, "downLast30days": {}, "downLast90days": {}}}, {"maxAge": 1, "period": "-5y", "endDate": null, "growth": {}, "earningsEstimate": {"avg": {}, "low": {}, "high": {}, "yearAgoEps": {}, "numberOfAnalysts": {}, "growth": {}}, "revenueEstimate": {"avg": {}, "low": {}, "high": {}, "numberOfAnalysts": {}, "yearAgoRevenue": {}, "growth": {}}, "epsTrend": {"current": {}, "7daysAgo": {}, "30daysAgo": {}, "60daysAgo": {}, "90daysAgo": {}}, "epsRevisions": {"upLast7days": {}, "upLast30days": {}, "downLast30days": {}, "downLast90days": {}}}], "maxAge": 1}, "institutionOwnership": {"maxAge": 1, "ownershipList": []}, "majorHoldersBreakdown": {"maxAge": 1, "insidersPercentHeld": 0.35167, "institutionsPercentHeld": 0.27532, "institutionsFloatPercentHeld": 0.42466, "institutionsCount": 112}, "balanceSheetHistoryQuarterly": {"balanceSheetStatements": [{"maxAge": 1, "endDate": "2020-12-31", "totalStockholderEquity": 72856000000, "netTangibleAssets": 49504200000}, {"maxAge": 1, "endDate": "2020-09-30", "cash": 14099600000, "shortTermInvestments": 13004300000, "netReceivables": 93744000000, "inventory": 16787300000, "otherCurrentAssets": 8523100000, "totalCurrentAssets": 146158300000, "longTermInvestments": 13925600000, "propertyPlantEquipment": 63705100000, "goodWill": 11155600000, "intangibleAssets": 12196200000, "otherAssets": 128811700000, "deferredLongTermAssetCharges": 90000000, "totalAssets": 375952500000, "accountsPayable": 26401200000, "shortLongTermDebt": 77635800000, "otherCurrentLiab": 12874400000, "longTermDebt": 133625300000, "otherLiab": 7549600000, "minorityInterest": 11266200000, "totalCurrentLiabilities": 149351000000, "totalLiab": 291830300000, "commonStock": 2935500000, "treasuryStock": 69920500000, "otherStockholderEquity": 69920500000, "totalStockholderEquity": 72856000000, "netTangibleAssets": 49504200000}, {"maxAge": 1, "endDate": "2020-06-30", "totalStockholderEquity": 77888100000, "netTangibleAssets": 54617700000}, {"maxAge": 1, "endDate": "2020-03-31", "cash": 21882400000, "shortTermInvestments": 4109100000, "netReceivables": 97690500000, "inventory": 15363900000, "otherCurrentAssets": 12644200000, "totalCurrentAssets": 153094900000, "longTermInvestments": 7771000000, "propertyPlantEquipment": 62777800000, "goodWill": 11155600000, "intangibleAssets": 12114800000, "otherAssets": 134354500000, "deferredLongTermAssetCharges": 77100000, "totalAssets": 381268600000, "accountsPayable": 28346000000, "shortLongTermDebt": 60926600000, "otherCurrentLiab": 19887200000, "longTermDebt": 133251400000, "otherLiab": 9684200000, "minorityInterest": 11070800000, "totalCurrentLiabilities": 147946600000, "totalLiab": 292309700000, "commonStock": 2935500000, "retainedEarnings": 49196600000, "treasuryStock": 5684900000, "capitalSurplus": 20071100000, "otherStockholderEquity": 5684900000, "totalStockholderEquity": 77888100000, "netTangibleAssets": 54617700000}], "maxAge": 86400}, "earningsHistory": {"history": [{"maxAge": 1, "epsActual": 1.53, "epsEstimate": 1.3, "epsDifference": 0.23, "surprisePercent": 0.177, "quarter": "2017-12-31", "period": "-4q"}, {"maxAge": 1, "epsActual": 2.27, "epsEstimate": 2.21, "epsDifference": 0.06, "surprisePercent": 0.027, "quarter": "2018-03-31", "period": "-3q"}, {"maxAge": 1, "epsActual": 1.31, "epsEstimate": 1.23, "epsDifference": 0.08, "surprisePercent": 0.065, "quarter": "2018-06-30", "period": "-2q"}, {"maxAge": 1, "epsActual": 1.62, "epsEstimate": 1.73, "epsDifference": -0.11, "surprisePercent": -0.064, "quarter": "2018-09-30", "period": "-1q"}], "maxAge": 86400}, "summaryProfile": {"address1": "No.1, Sardar Patel Road", "address2": "Guindy", "city": "Chennai", "zip": "600032", "country": "India", "phone": "91 44 2220 6000", "fax": "91 44 2220 6001", "website": "http://www.ashokleyland.com", "industry": "Auto Manufacturers", "sector": "Consumer Cyclical", "longBusinessSummary": "Ashok Leyland Limited, together with its subsidiaries, manufactures and sells commercial vehicles in India and internationally. The company offers city, inter-city, school and college, staff, tourist, stage carrier, and airport buses; haulage and ICV distribution trucks, as well as tractors and tippers; light and small commercial vehicles, goods carriers, and passenger vehicles; and defense vehicles comprising logistics, high mobility, armored, light tactical, tracked, and simulator vehicles. It also provides power solutions, such as diesel generators, agriculture engines, industrial engines, and marine engines; spare parts, trailer axle and suspension kits, repair kits, and retro fitment kits; and vehicle and housing financing services. In addition, the company trades in commercial vehicles; offers manpower supply services and air chartering services; and driver training services. Further, it operates retail stores; and LeyKart, an e-commerce store for spare parts. The company was founded in 1948 and is based in Chennai, India. Ashok Leyland Limited is a subsidiary of Hinduja Automotive Limited.", "fullTimeEmployees": 12005, "companyOfficers": [], "maxAge": 86400}, "netSharePurchaseActivity": {"maxAge": 1, "period": "6m", "buyInfoCount": 0, "buyInfoShares": 0, "sellInfoCount": 0, "netInfoCount": 0, "netInfoShares": 0, "netPercentInsiderShares": 0.0, "totalInsiderShares": 1001556160}, "insiderTransactions": {"transactions": [{"maxAge": 1, "shares": 1499653, "filerUrl": "", "transactionText": "", "filerName": "Reliance Capital Trustee Co Ltd A/c Reliance Banking", "filerRelation": "Institution- Corporation", "moneyText": "", "startDate": "2021-02-03", "ownership": "D"}, {"maxAge": 1, "shares": 5000, "value": 6709, "filerUrl": "", "transactionText": "Sale at price 1.34 per share.", "filerName": "Sivanesan (R)", "filerRelation": "UNREPORTED", "moneyText": "", "startDate": "2020-12-16", "ownership": "D"}, {"maxAge": 1, "shares": 60000, "value": 74070, "filerUrl": "", "transactionText": "Sale at price 1.23 per share.", "filerName": "Kathuria (Anuj)", "filerRelation": "UNREPORTED", "moneyText": "", "startDate": "2020-11-10", "ownership": "D"}, {"maxAge": 1, "shares": 112280, "filerUrl": "", "transactionText": "", "filerName": "Mahadevan (Gopal)", "filerRelation": "Chief Financial Officer", "moneyText": "", "startDate": "2020-02-26", "ownership": "D"}, {"maxAge": 1, "shares": 112280, "filerUrl": "", "transactionText": "", "filerName": "Mahadevan (Gopal)", "filerRelation": "Chief Financial Officer", "moneyText": "", "startDate": "2019-07-05", "ownership": "D"}, {"maxAge": 1, "shares": 80000, "filerUrl": "", "transactionText": "", "filerName": "Mahadevan (Gopal)", "filerRelation": "Chief Financial Officer", "moneyText": "", "startDate": "2019-03-15", "ownership": "D"}, {"maxAge": 1, "shares": 3196175, "filerUrl": "", "transactionText": "", "filerName": "Dasari (Vinod K)", "filerRelation": "UNREPORTED", "moneyText": "", "startDate": "2019-02-19", "ownership": "D"}, {"maxAge": 1, "shares": 100000, "filerUrl": "", "transactionText": "", "filerName": "Kathuria (Anuj)", "filerRelation": "Director", "moneyText": "", "startDate": "2018-08-10", "ownership": "D"}, {"maxAge": 1, "shares": 100000, "filerUrl": "", "transactionText": "", "filerName": "Mahadevan (Gopal)", "filerRelation": "Chief Financial Officer", "moneyText": "", "startDate": "2018-08-10", "ownership": "D"}, {"maxAge": 1, "shares": 100000, "filerUrl": "", "transactionText": "", "filerName": "Mahadevan (Gopal)", "filerRelation": "Chief Financial Officer", "moneyText": "", "startDate": "2018-07-27", "ownership": "D"}, {"maxAge": 1, "shares": 100000, "filerUrl": "", "transactionText": "", "filerName": "Kathuria (Anuj)", "filerRelation": "Director", "moneyText": "", "startDate": "2018-07-27", "ownership": "D"}, {"maxAge": 1, "shares": 3727000, "filerUrl": "", "transactionText": "", "filerName": "Dasari (Vinod K)", "filerRelation": "Managing Director", "moneyText": "", "startDate": "2018-04-13", "ownership": "D"}, {"maxAge": 1, "shares": 3727000, "filerUrl": "", "transactionText": "", "filerName": "Dasari (Vinod K)", "filerRelation": "Managing Director", "moneyText": "", "startDate": "2018-04-11", "ownership": "D"}, {"maxAge": 1, "shares": 30000, "filerUrl": "", "transactionText": "", "filerName": "Sivanesan (R)", "filerRelation": "UNREPORTED", "moneyText": "", "startDate": "2018-02-08", "ownership": "D"}, {"maxAge": 1, "shares": 569175, "filerUrl": "", "transactionText": "", "filerName": "Dasari (Vinod K)", "filerRelation": "Managing Director", "moneyText": "", "startDate": "2018-01-08", "ownership": "D"}, {"maxAge": 1, "shares": 20500, "filerUrl": "", "transactionText": "", "filerName": "Kumar (Ram K)", "filerRelation": "UNREPORTED", "moneyText": "", "startDate": "2016-08-02", "ownership": "D"}, {"maxAge": 1, "shares": 30000, "filerUrl": "", "transactionText": "", "filerName": "Sivanesan (R)", "filerRelation": "UNREPORTED", "moneyText": "", "startDate": "2016-03-22", "ownership": "D"}, {"maxAge": 1, "shares": 160000, "filerUrl": "", "transactionText": "", "filerName": "Dasari (Vinod K)", "filerRelation": "Managing Director", "moneyText": "", "startDate": "2016-03-15", "ownership": "D"}, {"maxAge": 1, "shares": 100000, "filerUrl": "", "transactionText": "", "filerName": "Dasari (Vinod K)", "filerRelation": "Managing Director", "moneyText": "", "startDate": "2016-03-14", "ownership": "D"}, {"maxAge": 1, "shares": 57984394, "filerUrl": "", "transactionText": "", "filerName": "Life Insurance Corporation of India", "filerRelation": "Institution- Corporation", "moneyText": "", "startDate": "2014-11-03", "ownership": "D"}, {"maxAge": 1, "shares": 50000, "filerUrl": "", "transactionText": "", "filerName": "Sivanesan (R)", "filerRelation": "UNREPORTED", "moneyText": "", "startDate": "2014-02-25", "ownership": "D"}, {"maxAge": 1, "shares": 8785517, "filerUrl": "", "transactionText": "", "filerName": "Hinduja Automotive, Ltd.", "filerRelation": "Promoter", "moneyText": "", "startDate": "2013-10-14", "ownership": "D"}, {"maxAge": 1, "shares": 26000000, "filerUrl": "", "transactionText": "", "filerName": "Hinduja Automotive, Ltd.", "filerRelation": "Promoter", "moneyText": "", "startDate": "2013-10-11", "ownership": "D"}, {"maxAge": 1, "shares": 26000000, "filerUrl": "", "transactionText": "", "filerName": "Hinduja Automotive, Ltd.", "filerRelation": "Promoter", "moneyText": "", "startDate": "2013-10-10", "ownership": "D"}], "maxAge": 1}, "sectorTrend": {"maxAge": 1, "symbol": null, "estimates": []}, "incomeStatementHistoryQuarterly": {"incomeStatementHistory": [{"maxAge": 1, "endDate": "2020-12-31", "totalRevenue": 59541700000, "costOfRevenue": 37884900000, "grossProfit": 21656800000, "researchDevelopment": {}, "sellingGeneralAdministrative": 6069400000, "nonRecurring": {}, "otherOperatingExpenses": 8117400000, "totalOperatingExpenses": 54200700000, "operatingIncome": 5341000000, "totalOtherIncomeExpenseNet": -4684800000, "ebit": 5341000000, "interestExpense": -4684700000, "incomeBeforeTax": 656200000, "incomeTaxExpense": 273000000, "minorityInterest": {}, "netIncomeFromContinuingOps": 383200000, "discontinuedOperations": {}, "extraordinaryItems": {}, "effectOfAccountingCharges": {}, "otherItems": {}, "netIncome": 142400000, "netIncomeApplicableToCommonShares": 142400000}, {"maxAge": 1, "endDate": "2020-09-30", "totalRevenue": 38528400000, "costOfRevenue": 21800500000, "grossProfit": 16727900000, "researchDevelopment": {}, "sellingGeneralAdministrative": 5125900000, "nonRecurring": {}, "otherOperatingExpenses": 5803300000, "totalOperatingExpenses": 34653600000, "operatingIncome": 3874800000, "totalOtherIncomeExpenseNet": -4665800000, "ebit": 3874800000, "interestExpense": -4897500000, "incomeBeforeTax": -791000000, "incomeTaxExpense": 171300000, "minorityInterest": 11266200000, "netIncomeFromContinuingOps": -962300000, "discontinuedOperations": {}, "extraordinaryItems": {}, "effectOfAccountingCharges": {}, "otherItems": {}, "netIncome": -1229500000, "netIncomeApplicableToCommonShares": -1229500000}, {"maxAge": 1, "endDate": "2020-06-30", "totalRevenue": 14860400000, "costOfRevenue": 5123900000, "grossProfit": 9736500000, "researchDevelopment": {}, "sellingGeneralAdministrative": 4683500000, "nonRecurring": {}, "otherOperatingExpenses": 3830300000, "totalOperatingExpenses": 15491500000, "operatingIncome": -631100000, "totalOtherIncomeExpenseNet": -4639600000, "ebit": -631100000, "interestExpense": -4849700000, "incomeBeforeTax": -5270700000, "incomeTaxExpense": -1382500000, "minorityInterest": 11266200000, "netIncomeFromContinuingOps": -3888200000, "discontinuedOperations": {}, "extraordinaryItems": {}, "effectOfAccountingCharges": {}, "otherItems": {}, "netIncome": -4090800000, "netIncomeApplicableToCommonShares": -4090800000}, {"maxAge": 1, "endDate": "2020-03-31", "totalRevenue": 50880400000, "costOfRevenue": 30634200000, "grossProfit": 20246200000, "researchDevelopment": {}, "sellingGeneralAdministrative": 5690000000, "nonRecurring": {}, "otherOperatingExpenses": 7508100000, "totalOperatingExpenses": 45918700000, "operatingIncome": 4961700000, "totalOtherIncomeExpenseNet": -4071900000, "ebit": 4961700000, "interestExpense": -4453100000, "incomeBeforeTax": 889800000, "incomeTaxExpense": 312000000, "minorityInterest": 11070800000, "netIncomeFromContinuingOps": 577800000, "discontinuedOperations": {}, "extraordinaryItems": {}, "effectOfAccountingCharges": {}, "otherItems": {}, "netIncome": 180700000, "netIncomeApplicableToCommonShares": 180700000}], "maxAge": 86400}, "cashflowStatementHistoryQuarterly": {"cashflowStatements": [{"maxAge": 1, "endDate": "2020-12-31", "netIncome": 142400000, "changeToLiabilities": 0}, {"maxAge": 1, "endDate": "2020-09-30", "netIncome": -1229500000, "changeToLiabilities": 0}, {"maxAge": 1, "endDate": "2020-06-30", "netIncome": -4090800000, "changeToLiabilities": 0}, {"maxAge": 1, "endDate": "2020-03-31", "netIncome": 180700000, "changeToLiabilities": 0}], "maxAge": 86400}, "earnings": {"maxAge": 86400, "earningsChart": {"quarterly": [{"date": "4Q2017", "actual": 1.53, "estimate": 1.3}, {"date": "1Q2018", "actual": 2.27, "estimate": 2.21}, {"date": "2Q2018", "actual": 1.31, "estimate": 1.23}, {"date": "3Q2018", "actual": 1.62, "estimate": 1.73}], "currentQuarterEstimateDate": "4Q", "currentQuarterEstimateYear": 2018, "earningsDate": []}, "financialsChart": {"yearly": [{"date": 2017, "revenue": 228709664000, "earnings": 15893554000}, {"date": 2018, "revenue": 296355900000, "earnings": 17603800000}, {"date": 2019, "revenue": 331968400000, "earnings": 20787000000}, {"date": 2020, "revenue": 219512700000, "earnings": 3366700000}], "quarterly": [{"date": "1Q2020", "revenue": 50880400000, "earnings": 180700000}, {"date": "2Q2020", "revenue": 14860400000, "earnings": -4090800000}, {"date": "3Q2020", "revenue": 38528400000, "earnings": -1229500000}, {"date": "4Q2020", "revenue": 59541700000, "earnings": 142400000}]}, "financialCurrency": "INR"}, "financialData": {"maxAge": 86400, "currentPrice": 112.7, "targetHighPrice": 176.0, "targetLowPrice": 93.0, "targetMeanPrice": 132.43, "targetMedianPrice": 131.5, "recommendationKey": "none", "numberOfAnalystOpinions": 42, "totalCash": 27103899648, "totalCashPerShare": 9.517, "ebitda": 20479475712, "totalDebt": 245005107200, "totalRevenue": 164000301056, "debtToEquity": 291.249, "revenuePerShare": 55.597, "grossProfits": 86053500000, "earningsGrowth": -0.444, "revenueGrowth": 0.147, "grossMargins": 0.41803002, "ebitdaMargins": 0.12487, "operatingMargins": 0.082600005, "profitMargins": -0.030469999, "financialCurrency": "INR"}}}