{"ASHOKA.BO": {"recommendationTrend": {"trend": [{"period": "0m", "strongBuy": 0, "buy": 0, "hold": 0, "sell": 0, "strongSell": 0}, {"period": "-1m", "strongBuy": 0, "buy": 0, "hold": 0, "sell": 0, "strongSell": 0}, {"period": "-2m", "strongBuy": 0, "buy": 0, "hold": 0, "sell": 0, "strongSell": 0}, {"period": "-3m", "strongBuy": 0, "buy": 0, "hold": 0, "sell": 0, "strongSell": 0}], "maxAge": 86400}, "cashflowStatementHistory": {"cashflowStatements": [{"maxAge": 1, "endDate": "2020-03-31", "netIncome": 1653150000, "depreciation": 2976743000, "changeToNetincome": 9915212000, "changeToAccountReceivables": -2586879000, "changeToLiabilities": -2064914000, "changeToInventory": -83181000, "changeToOperatingActivities": 858736000, "totalCashFromOperatingActivities": 10690714000, "capitalExpenditures": -1098463000, "investments": -323769000, "otherCashflowsFromInvestingActivities": 199191000, "totalCashflowsFromInvestingActivities": -1165796000, "netBorrowings": 454277000, "otherCashflowsFromFinancingActivities": -6165685000, "totalCashFromFinancingActivities": -5711408000, "changeInCash": 3813510000}, {"maxAge": 1, "endDate": "2019-03-31", "netIncome": -334602000, "depreciation": 2561022000, "changeToNetincome": 10434000000, "changeToAccountReceivables": -15225467000, "changeToLiabilities": 3735972000, "changeToInventory": -19818000, "changeToOperatingActivities": -2085660000, "totalCashFromOperatingActivities": -902665000, "capitalExpenditures": -2108796000, "investments": -396261000, "otherCashflowsFromInvestingActivities": 114213000, "totalCashflowsFromInvestingActivities": -2443600000, "dividendsPaid": -149594000, "netBorrowings": 8866158000, "otherCashflowsFromFinancingActivities": -5611220000, "totalCashFromFinancingActivities": 3105344000, "changeInCash": -240921000}, {"maxAge": 1, "endDate": "2018-03-31", "netIncome": -1111434000, "depreciation": 2914252000, "changeToNetincome": 9965743000, "changeToAccountReceivables": -5311146000, "changeToLiabilities": 749304000, "changeToInventory": -598779000, "changeToOperatingActivities": -396885000, "totalCashFromOperatingActivities": 6211122000, "capitalExpenditures": -1625499000, "investments": -1094108000, "otherCashflowsFromInvestingActivities": -212561000, "totalCashflowsFromInvestingActivities": -3147920000, "dividendsPaid": -149626000, "netBorrowings": 4323602000, "otherCashflowsFromFinancingActivities": -5158154000, "totalCashFromFinancingActivities": -984178000, "changeInCash": 2079025000}, {"maxAge": 1, "endDate": "2017-03-31", "netIncome": -2052953000, "depreciation": 2638692000, "changeToNetincome": 8127496000, "changeToAccountReceivables": 167502000, "changeToLiabilities": 343470000, "changeToInventory": -601440000, "changeToOperatingActivities": -351681000, "totalCashFromOperatingActivities": 8272520000, "capitalExpenditures": -1517788000, "investments": 531509000, "otherCashflowsFromInvestingActivities": 157429000, "totalCashflowsFromInvestingActivities": -627621000, "dividendsPaid": -149719000, "netBorrowings": 598878000, "otherCashflowsFromFinancingActivities": -9108519000, "totalCashFromFinancingActivities": -8659360000, "changeInCash": -1014461000}], "maxAge": 86400}, "institutionOwnership": {"maxAge": 1, "ownershipList": []}, "balanceSheetHistoryQuarterly": {"balanceSheetStatements": [{"maxAge": 1, "endDate": "2020-06-30", "totalStockholderEquity": 4142886000, "netTangibleAssets": -68643768000}, {"maxAge": 1, "endDate": "2020-03-31", "cash": 5732919000, "shortTermInvestments": 1810897000, "netReceivables": 18851353000, "inventory": 4347688000, "otherCurrentAssets": 3931991000, "totalCurrentAssets": 34931428000, "longTermInvestments": 1794175000, "propertyPlantEquipment": 4912082000, "intangibleAssets": 72786654000, "otherAssets": 21915775000, "deferredLongTermAssetCharges": 828246000, "totalAssets": 136340114000, "accountsPayable": 7380795000, "shortLongTermDebt": 4369558000, "otherCurrentLiab": 26961158000, "longTermDebt": 56445920000, "otherLiab": 30038382000, "minorityInterest": 1279934000, "totalCurrentLiabilities": 44372441000, "totalLiab": 130917294000, "commonStock": 1403616000, "retainedEarnings": -4934893000, "treasuryStock": 184179000, "capitalSurplus": 7489984000, "otherStockholderEquity": 184179000, "totalStockholderEquity": 4142886000, "netTangibleAssets": -68643768000}, {"maxAge": 1, "endDate": "2019-12-31", "totalStockholderEquity": 2842931000, "netTangibleAssets": -70793883000}, {"maxAge": 1, "endDate": "2019-09-30", "cash": 3387046000, "shortTermInvestments": 1383445000, "netReceivables": 21549606000, "inventory": 4505536000, "otherCurrentAssets": 2561035000, "totalCurrentAssets": 33386668000, "longTermInvestments": 2271672000, "propertyPlantEquipment": 4937687000, "intangibleAssets": 73636814000, "otherAssets": 18066628000, "deferredLongTermAssetCharges": 457647000, "totalAssets": 132299469000, "accountsPayable": 7669871000, "shortLongTermDebt": 838992000, "otherCurrentLiab": 32808656000, "longTermDebt": 58336430000, "otherLiab": 28416067000, "minorityInterest": 1235162000, "totalCurrentLiabilities": 41394667000, "totalLiab": 128221376000, "commonStock": 1403616000, "treasuryStock": 1439315000, "otherStockholderEquity": 1439315000, "totalStockholderEquity": 2842931000, "netTangibleAssets": -70793883000}], "maxAge": 86400}, "earningsHistory": {"history": [{"maxAge": 1, "epsActual": 1.85, "epsEstimate": 1.71, "epsDifference": 0.14, "surprisePercent": 0.081999995, "quarter": "2017-12-31", "period": "-4q"}, {"maxAge": 1, "epsActual": 3.75, "epsEstimate": 2.37, "epsDifference": 1.38, "surprisePercent": 0.582, "quarter": "2018-03-31", "period": "-3q"}, {"maxAge": 1, "epsActual": 2.2, "epsEstimate": 2.96, "epsDifference": -0.76, "surprisePercent": -0.257, "quarter": "2018-06-30", "period": "-2q"}, {"maxAge": 1, "epsActual": 2.21, "epsEstimate": 1.57, "epsDifference": 0.64, "surprisePercent": 0.408, "quarter": "2018-09-30", "period": "-1q"}], "maxAge": 86400}, "indexTrend": {"maxAge": 1, "symbol": "SP5", "peRatio": 19.7411, "pegRatio": 1.34172, "estimates": [{"period": "0q", "growth": 0.549}, {"period": "+1q", "growth": 0.431}, {"period": "0y", "growth": 0.305}, {"period": "+1y", "growth": 0.109}, {"period": "+5y", "growth": 0.120865}, {"period": "-5y"}]}, "industryTrend": {"maxAge": 1, "symbol": null, "estimates": []}, "insiderTransactions": {"transactions": [{"maxAge": 1, "shares": 72859, "filerUrl": "", "transactionText": "", "filerName": "Katariya (Ashish Ashok) HUF", "filerRelation": "Promoter", "moneyText": "", "startDate": "2020-03-19", "ownership": "D"}, {"maxAge": 1, "shares": 3752631, "filerUrl": "", "transactionText": "", "filerName": "Katariya (Astha Ashish)", "filerRelation": "Promoter", "moneyText": "", "startDate": "2020-03-19", "ownership": "D"}, {"maxAge": 1, "shares": 4266628, "filerUrl": "", "transactionText": "", "filerName": "Katariya (Ashish Ashok) HUF", "filerRelation": "Promoter", "moneyText": "", "startDate": "2020-03-16", "ownership": "D"}], "maxAge": 1}, "quoteType": {"exchange": "BSE", "quoteType": "EQUITY", "symbol": "ASHOKA.BO", "underlyingSymbol": "ASHOKA.BO", "shortName": "ASHOKA BUILDCON LTD.", "longName": "Ashoka Buildcon Limited", "firstTradeDateEpochUtc": "2010-10-14 09:15:00", "timeZoneFullName": "Asia/Kolkata", "timeZoneShortName": "IST", "uuid": "c0164f15-7b4b-34f5-abaa-ab7e642bb648", "messageBoardId": null, "gmtOffSetMilliseconds": 19800000, "maxAge": 1}, "incomeStatementHistory": {"incomeStatementHistory": [{"maxAge": 1, "endDate": "2020-03-31", "totalRevenue": 50704721000, "costOfRevenue": 29708930000, "grossProfit": 20995791000, "researchDevelopment": {}, "sellingGeneralAdministrative": 3729040000, "nonRecurring": {}, "otherOperatingExpenses": 1082734000, "totalOperatingExpenses": 37950710000, "operatingIncome": 12754011000, "totalOtherIncomeExpenseNet": -9491658000, "ebit": 12754011000, "interestExpense": -6305742000, "incomeBeforeTax": 3262353000, "incomeTaxExpense": 1658769000, "minorityInterest": 1279934000, "netIncomeFromContinuingOps": 1603584000, "discontinuedOperations": {}, "extraordinaryItems": {}, "effectOfAccountingCharges": {}, "otherItems": {}, "netIncome": 1653150000, "netIncomeApplicableToCommonShares": 1653150000}, {"maxAge": 1, "endDate": "2019-03-31", "totalRevenue": 49301206000, "costOfRevenue": 31515084000, "grossProfit": 17786122000, "researchDevelopment": {}, "sellingGeneralAdministrative": 2400120000, "nonRecurring": {}, "otherOperatingExpenses": 1348886000, "totalOperatingExpenses": 37940819000, "operatingIncome": 11360387000, "totalOtherIncomeExpenseNet": -10054166000, "ebit": 11360387000, "interestExpense": -5770092000, "incomeBeforeTax": 1306221000, "incomeTaxExpense": 1709068000, "minorityInterest": 1189462000, "netIncomeFromContinuingOps": -402847000, "discontinuedOperations": {}, "extraordinaryItems": {}, "effectOfAccountingCharges": {}, "otherItems": {}, "netIncome": -334602000, "netIncomeApplicableToCommonShares": -334602000}, {"maxAge": 1, "endDate": "2018-03-31", "totalRevenue": 36010216000, "costOfRevenue": 21863834000, "grossProfit": 14146382000, "researchDevelopment": {}, "sellingGeneralAdministrative": 1859759000, "nonRecurring": {}, "otherOperatingExpenses": 891603000, "totalOperatingExpenses": 27529366000, "operatingIncome": 8480850000, "totalOtherIncomeExpenseNet": -8830331000, "ebit": 8480850000, "interestExpense": -4931236000, "incomeBeforeTax": -349481000, "incomeTaxExpense": 837065000, "minorityInterest": 936795000, "netIncomeFromContinuingOps": -1186546000, "discontinuedOperations": {}, "extraordinaryItems": {}, "effectOfAccountingCharges": {}, "otherItems": {}, "netIncome": -1111434000, "netIncomeApplicableToCommonShares": -1111434000}, {"maxAge": 1, "endDate": "2017-03-31", "totalRevenue": 29728241000, "costOfRevenue": 18022954000, "grossProfit": 11705287000, "researchDevelopment": {}, "sellingGeneralAdministrative": 1355905000, "nonRecurring": {}, "otherOperatingExpenses": 843826000, "totalOperatingExpenses": 22862692000, "operatingIncome": 6865549000, "totalOtherIncomeExpenseNet": -8413758000, "ebit": 6865549000, "interestExpense": -4766960000, "incomeBeforeTax": -1548209000, "incomeTaxExpense": 698324000, "minorityInterest": 1169062000, "netIncomeFromContinuingOps": -2246533000, "discontinuedOperations": {}, "extraordinaryItems": {}, "effectOfAccountingCharges": {}, "otherItems": {}, "netIncome": -2052953000, "netIncomeApplicableToCommonShares": -2052953000}], "maxAge": 86400}, "fundOwnership": {"maxAge": 1, "ownershipList": [{"maxAge": 1, "reportDate": "2020-07-31", "organization": "DFA Emerging Markets Core Equity Portfolio", "pctHeld": 0.0023999999, "position": 666095, "value": 33604492}, {"maxAge": 1, "reportDate": "2020-07-31", "organization": "DFA Emerging Markets Small Cap Series", "pctHeld": 0.0013, "position": 369747, "value": 18653736}, {"maxAge": 1, "reportDate": "2020-07-31", "organization": "DFA Investment Dimensions-DFA Emerging Mkts Value", "pctHeld": 0.0007, "position": 208406, "value": 10514082}, {"maxAge": 1, "reportDate": "2020-08-31", "organization": "SPDR (R) Idx Shares-SPDR (R) Emerging Markets Small Cap ETF", "pctHeld": 0.0002, "position": 47886, "value": 3270613}, {"maxAge": 1, "reportDate": "2020-07-31", "organization": "DFA Investment Dimensions-Emerging Markets Social Core Equity", "pctHeld": 0.0001, "position": 39545, "value": 1995045}, {"maxAge": 1, "reportDate": "2020-07-31", "organization": "DFA T.A. World Ex U.S. Core Equity Portfolio", "pctHeld": 0.0001, "position": 33588, "value": 1694514}, {"maxAge": 1, "reportDate": "2020-07-31", "organization": "DFA Investment Dimensions-World Ex U.S. Core Equity Port", "pctHeld": 0.0001, "position": 26970, "value": 1360636}]}, "summaryDetail": {"maxAge": 1, "priceHint": 2, "previousClose": 83.55, "open": 83.05, "dayLow": 82.3, "dayHigh": 85.85, "regularMarketPreviousClose": 83.55, "regularMarketOpen": 83.05, "regularMarketDayLow": 82.3, "regularMarketDayHigh": 85.85, "trailingPE": 14.757905, "forwardPE": 28.581314, "volume": 176620, "regularMarketVolume": 176620, "averageVolume": 227358, "averageVolume10days": 140056, "averageDailyVolume10Day": 140056, "bid": 82.35, "ask": 82.6, "bidSize": 0, "askSize": 0, "marketCap": 23187720192, "fiftyTwoWeekLow": 37.0, "fiftyTwoWeekHigh": 118.65, "fiftyDayAverage": 99.63286, "twoHundredDayAverage": 79.40694, "trailingAnnualDividendRate": 0.533, "trailingAnnualDividendYield": 0.0063794134, "currency": "INR", "fromCurrency": null, "toCurrency": null, "lastMarket": null, "algorithm": null, "tradeable": false}, "sectorTrend": {"maxAge": 1, "symbol": null, "estimates": []}, "incomeStatementHistoryQuarterly": {"incomeStatementHistory": [{"maxAge": 1, "endDate": "2020-06-30", "totalRevenue": 7613346000, "costOfRevenue": 4171549000, "grossProfit": 3441797000, "researchDevelopment": {}, "sellingGeneralAdministrative": 766306000, "nonRecurring": {}, "otherOperatingExpenses": 203303000, "totalOperatingExpenses": 5657847000, "operatingIncome": 1955499000, "totalOtherIncomeExpenseNet": -2047529000, "ebit": 1955499000, "interestExpense": -2393231000, "incomeBeforeTax": -92030000, "incomeTaxExpense": 284652000, "minorityInterest": {}, "netIncomeFromContinuingOps": -376682000, "discontinuedOperations": {}, "extraordinaryItems": {}, "effectOfAccountingCharges": {}, "otherItems": {}, "netIncome": -279383000, "netIncomeApplicableToCommonShares": -279383000}, {"maxAge": 1, "endDate": "2020-03-31", "totalRevenue": 15842162000, "costOfRevenue": 8872224000, "grossProfit": 6969938000, "researchDevelopment": {}, "sellingGeneralAdministrative": 1653829000, "nonRecurring": {}, "otherOperatingExpenses": 146247000, "totalOperatingExpenses": 11741781000, "operatingIncome": 4100381000, "totalOtherIncomeExpenseNet": -2302026000, "ebit": 4100381000, "interestExpense": -2393231000, "incomeBeforeTax": 1798355000, "incomeTaxExpense": 331531000, "minorityInterest": 1279934000, "netIncomeFromContinuingOps": 1466824000, "discontinuedOperations": {}, "extraordinaryItems": {}, "effectOfAccountingCharges": {}, "otherItems": {}, "netIncome": 1345557000, "netIncomeApplicableToCommonShares": 1345557000}, {"maxAge": 1, "endDate": "2019-12-31", "totalRevenue": 12803609000, "costOfRevenue": 7769193000, "grossProfit": 5034416000, "researchDevelopment": {}, "sellingGeneralAdministrative": 911753000, "nonRecurring": {}, "otherOperatingExpenses": 339357000, "totalOperatingExpenses": 9837793000, "operatingIncome": 2965816000, "totalOtherIncomeExpenseNet": -2260893000, "ebit": 2965816000, "interestExpense": -2527019000, "incomeBeforeTax": 704923000, "incomeTaxExpense": 450512000, "minorityInterest": 1279934000, "netIncomeFromContinuingOps": 254411000, "discontinuedOperations": {}, "extraordinaryItems": {}, "effectOfAccountingCharges": {}, "otherItems": {}, "netIncome": 324144000, "netIncomeApplicableToCommonShares": 324144000}, {"maxAge": 1, "endDate": "2019-09-30", "totalRevenue": 10377589000, "costOfRevenue": 5799264000, "grossProfit": 4578325000, "researchDevelopment": {}, "sellingGeneralAdministrative": 630896000, "nonRecurring": {}, "otherOperatingExpenses": 264649000, "totalOperatingExpenses": 7482095000, "operatingIncome": 2895494000, "totalOtherIncomeExpenseNet": -2334113000, "ebit": 2895494000, "interestExpense": -2516976000, "incomeBeforeTax": 561381000, "incomeTaxExpense": 446819000, "minorityInterest": 1235162000, "netIncomeFromContinuingOps": 114562000, "discontinuedOperations": {}, "extraordinaryItems": {}, "effectOfAccountingCharges": {}, "otherItems": {}, "netIncome": 179539000, "netIncomeApplicableToCommonShares": 179539000}], "maxAge": 86400}, "cashflowStatementHistoryQuarterly": {"cashflowStatements": [{"maxAge": 1, "endDate": "2020-06-30", "netIncome": -279383000, "changeToLiabilities": 0}, {"maxAge": 1, "endDate": "2020-03-31", "netIncome": 1345557000, "changeToLiabilities": 0}, {"maxAge": 1, "endDate": "2019-12-31", "netIncome": 324144000, "changeToLiabilities": 0}, {"maxAge": 1, "endDate": "2019-09-30", "netIncome": 179539000, "changeToLiabilities": 0}], "maxAge": 86400}, "insiderHolders": {"holders": [{"maxAge": 1, "name": "Katariya (Ashish Ashok) HUF", "relation": "Promoter", "url": "", "transactionDescription": "Acquisition", "latestTransDate": "2020-03-19", "positionDirect": 12652997, "positionDirectDate": "2020-03-19"}, {"maxAge": 1, "name": "Katariya (Astha Ashish)", "relation": "Promoter", "url": "", "transactionDescription": "Acquisition", "latestTransDate": "2020-03-19", "positionDirect": 11222893, "positionDirectDate": "2020-03-19"}], "maxAge": 1}, "earnings": {"maxAge": 86400, "earningsChart": {"quarterly": [{"date": "4Q2017", "actual": 1.85, "estimate": 1.71}, {"date": "1Q2018", "actual": 3.75, "estimate": 2.37}, {"date": "2Q2018", "actual": 2.2, "estimate": 2.96}, {"date": "3Q2018", "actual": 2.21, "estimate": 1.57}], "currentQuarterEstimateDate": "4Q", "currentQuarterEstimateYear": 2018, "earningsDate": ["2020-08-12 05:30:S"]}, "financialsChart": {"yearly": [{"date": 2017, "revenue": 29728241000, "earnings": -2052953000}, {"date": 2018, "revenue": 36010216000, "earnings": -1111434000}, {"date": 2019, "revenue": 49301206000, "earnings": -334602000}, {"date": 2020, "revenue": 50704721000, "earnings": 1653150000}], "quarterly": [{"date": "3Q2019", "revenue": 10377589000, "earnings": 179539000}, {"date": "4Q2019", "revenue": 12803609000, "earnings": 324144000}, {"date": "1Q2020", "revenue": 15842162000, "earnings": 1345557000}, {"date": "2Q2020", "revenue": 7613346000, "earnings": -279383000}]}, "financialCurrency": "INR"}, "calendarEvents": {"maxAge": 1, "earnings": {"earningsDate": ["2020-08-12 05:30:S"], "revenueAverage": 9908000000, "revenueLow": 9908000000, "revenueHigh": 9908000000}}, "price": {"maxAge": 1, "regularMarketChangePercent": -0.011370491, "regularMarketChange": -0.9500046, "regularMarketTime": "2021-04-30 15:58:22", "priceHint": 2, "regularMarketPrice": 82.6, "regularMarketDayHigh": 85.85, "regularMarketDayLow": 82.3, "regularMarketVolume": 176620, "averageDailyVolume10Day": 140056, "averageDailyVolume3Month": 227358, "regularMarketPreviousClose": 83.55, "regularMarketSource": "FREE_REALTIME", "regularMarketOpen": 83.05, "exchange": "BSE", "exchangeName": "BSE", "exchangeDataDelayedBy": 0, "marketState": "CLOSED", "quoteType": "EQUITY", "symbol": "ASHOKA.BO", "underlyingSymbol": null, "shortName": "ASHOKA BUILDCON LTD.", "longName": "Ashoka Buildcon Limited", "currency": "INR", "quoteSourceName": "Delayed Quote", "currencySymbol": "\u20b9", "fromCurrency": null, "toCurrency": null, "lastMarket": null, "marketCap": 23187720192}, "balanceSheetHistory": {"balanceSheetStatements": [{"maxAge": 1, "endDate": "2020-03-31", "cash": 5732919000, "shortTermInvestments": 1810897000, "netReceivables": 18851353000, "inventory": 4347688000, "otherCurrentAssets": 3931991000, "totalCurrentAssets": 34931428000, "longTermInvestments": 1794175000, "propertyPlantEquipment": 4912082000, "intangibleAssets": 72786654000, "otherAssets": 21915775000, "deferredLongTermAssetCharges": 828246000, "totalAssets": 136340114000, "accountsPayable": 7380795000, "shortLongTermDebt": 4369558000, "otherCurrentLiab": 26961158000, "longTermDebt": 56445920000, "otherLiab": 30038382000, "minorityInterest": 1279934000, "totalCurrentLiabilities": 44372441000, "totalLiab": 130917294000, "commonStock": 1403616000, "retainedEarnings": -4934893000, "treasuryStock": 184179000, "capitalSurplus": 7489984000, "otherStockholderEquity": 184179000, "totalStockholderEquity": 4142886000, "netTangibleAssets": -68643768000}, {"maxAge": 1, "endDate": "2019-03-31", "cash": 824402000, "shortTermInvestments": 1517966000, "netReceivables": 24306264000, "inventory": 4264507000, "otherCurrentAssets": 1981046000, "totalCurrentAssets": 34164261000, "longTermInvestments": 1670086000, "propertyPlantEquipment": 4743090000, "intangibleAssets": 74575574000, "otherAssets": 15860666000, "deferredLongTermAssetCharges": 561616000, "totalAssets": 131013677000, "accountsPayable": 9470537000, "shortLongTermDebt": 3113791000, "otherCurrentLiab": 23785295000, "longTermDebt": 54074410000, "otherLiab": 30309307000, "minorityInterest": 1189462000, "totalCurrentLiabilities": 42571561000, "totalLiab": 126955278000, "commonStock": 1403616000, "retainedEarnings": -6943622000, "treasuryStock": 918959000, "capitalSurplus": 7489984000, "otherStockholderEquity": 918959000, "totalStockholderEquity": 2868937000, "netTangibleAssets": -71706637000}, {"maxAge": 1, "endDate": "2018-03-31", "cash": 1722454000, "shortTermInvestments": 809822000, "netReceivables": 15893219000, "inventory": 4194250000, "otherCurrentAssets": 629443000, "totalCurrentAssets": 23816678000, "longTermInvestments": 1963847000, "propertyPlantEquipment": 2857022000, "goodWill": 1000, "intangibleAssets": 76354925000, "otherAssets": 10510456000, "deferredLongTermAssetCharges": 401118000, "totalAssets": 115502929000, "accountsPayable": 6492833000, "shortLongTermDebt": 1704443000, "otherCurrentLiab": 23004867000, "longTermDebt": 48703617000, "otherLiab": 30084541000, "minorityInterest": 936795000, "totalCurrentLiabilities": 32618840000, "totalLiab": 111406998000, "commonStock": 935744000, "retainedEarnings": -6249537000, "treasuryStock": 515072000, "capitalSurplus": 7957857000, "otherStockholderEquity": 515072000, "totalStockholderEquity": 3159136000, "netTangibleAssets": -73195790000}, {"maxAge": 1, "endDate": "2017-03-31", "cash": 626026000, "shortTermInvestments": 396748000, "netReceivables": 14262173000, "inventory": 3595471000, "otherCurrentAssets": 1048519000, "totalCurrentAssets": 20454724000, "longTermInvestments": 1461622000, "propertyPlantEquipment": 2228264000, "goodWill": 1000, "intangibleAssets": 78298567000, "otherAssets": 5614494000, "deferredLongTermAssetCharges": 345289000, "totalAssets": 108057672000, "accountsPayable": 5743529000, "shortLongTermDebt": 1173873000, "otherCurrentLiab": 19052775000, "longTermDebt": 45487466000, "otherLiab": 28503604000, "minorityInterest": 1169062000, "totalCurrentLiabilities": 28202754000, "totalLiab": 102193824000, "commonStock": 935744000, "retainedEarnings": -4767923000, "treasuryStock": 569108000, "capitalSurplus": 7957857000, "otherStockholderEquity": 569108000, "totalStockholderEquity": 4694786000, "netTangibleAssets": -73603782000}], "maxAge": 86400}, "earningsTrend": {"trend": [{"maxAge": 1, "period": "0q", "endDate": "2018-12-31", "growth": {}, "earningsEstimate": {"avg": 0.0, "low": 0.0, "high": 0.0, "yearAgoEps": 1.85, "numberOfAnalysts": 0, "growth": {}}, "revenueEstimate": {"avg": 9908000000, "low": 9908000000, "high": 9908000000, "numberOfAnalysts": 1, "yearAgoRevenue": 6589170000, "growth": 0.504}, "epsTrend": {"current": 0.0, "7daysAgo": 2.23, "30daysAgo": 2.23, "60daysAgo": 2.23, "90daysAgo": 2.23}, "epsRevisions": {"upLast7days": 0, "upLast30days": 0, "downLast30days": 0, "downLast90days": {}}}, {"maxAge": 1, "period": "+1q", "endDate": "2019-03-31", "growth": {}, "earningsEstimate": {"avg": 0.0, "low": 0.0, "high": 0.0, "yearAgoEps": 3.75, "numberOfAnalysts": 0, "growth": {}}, "revenueEstimate": {"avg": 8637000000, "low": 8637000000, "high": 8637000000, "numberOfAnalysts": 1, "yearAgoRevenue": 7023180000, "growth": 0.23}, "epsTrend": {"current": 0.0, "7daysAgo": 2.59, "30daysAgo": 2.59, "60daysAgo": 2.59, "90daysAgo": 2.59}, "epsRevisions": {"upLast7days": 0, "upLast30days": 0, "downLast30days": 0, "downLast90days": {}}}, {"maxAge": 1, "period": "0y", "endDate": "2019-03-31", "growth": {}, "earningsEstimate": {"avg": 0.0, "low": 0.0, "high": 0.0, "yearAgoEps": {}, "numberOfAnalysts": 0, "growth": {}}, "revenueEstimate": {"avg": 41262600000, "low": 36263000000, "high": 44593000000, "numberOfAnalysts": 10, "yearAgoRevenue": 24462800000, "growth": 0.687}, "epsTrend": {"current": 0.0, "7daysAgo": 1.53, "30daysAgo": 1.53, "60daysAgo": 1.53, "90daysAgo": 1.53}, "epsRevisions": {"upLast7days": 0, "upLast30days": 0, "downLast30days": 0, "downLast90days": {}}}, {"maxAge": 1, "period": "+1y", "endDate": "2020-03-31", "growth": {}, "earningsEstimate": {"avg": 0.0, "low": 0.0, "high": 0.0, "yearAgoEps": {}, "numberOfAnalysts": 0, "growth": {}}, "revenueEstimate": {"avg": 50499700000, "low": 45450000000, "high": 55653000000, "numberOfAnalysts": 10, "yearAgoRevenue": 41262600000, "growth": 0.22399999}, "epsTrend": {"current": 0.0, "7daysAgo": 2.89, "30daysAgo": 2.89, "60daysAgo": 2.89, "90daysAgo": 2.89}, "epsRevisions": {"upLast7days": 0, "upLast30days": 0, "downLast30days": 0, "downLast90days": {}}}, {"maxAge": 1, "period": "+5y", "endDate": null, "growth": 0.152, "earningsEstimate": {"avg": {}, "low": {}, "high": {}, "yearAgoEps": {}, "numberOfAnalysts": {}, "growth": {}}, "revenueEstimate": {"avg": {}, "low": {}, "high": {}, "numberOfAnalysts": {}, "yearAgoRevenue": {}, "growth": {}}, "epsTrend": {"current": {}, "7daysAgo": {}, "30daysAgo": {}, "60daysAgo": {}, "90daysAgo": {}}, "epsRevisions": {"upLast7days": {}, "upLast30days": {}, "downLast30days": {}, "downLast90days": {}}}, {"maxAge": 1, "period": "-5y", "endDate": null, "growth": {}, "earningsEstimate": {"avg": {}, "low": {}, "high": {}, "yearAgoEps": {}, "numberOfAnalysts": {}, "growth": {}}, "revenueEstimate": {"avg": {}, "low": {}, "high": {}, "numberOfAnalysts": {}, "yearAgoRevenue": {}, "growth": {}}, "epsTrend": {"current": {}, "7daysAgo": {}, "30daysAgo": {}, "60daysAgo": {}, "90daysAgo": {}}, "epsRevisions": {"upLast7days": {}, "upLast30days": {}, "downLast30days": {}, "downLast90days": {}}}], "maxAge": 1}, "financialData": {"maxAge": 86400, "currentPrice": 82.6, "targetHighPrice": 232.0, "targetLowPrice": 150.0, "targetMeanPrice": 194.52, "targetMedianPrice": 196.0, "recommendationKey": "none", "numberOfAnalystOpinions": 21, "grossProfits": 20995791000, "financialCurrency": "INR"}}}