{"ASHOKALC.BO": {"recommendationTrend": {"trend": [{"period": "0m", "strongBuy": 0, "buy": 0, "hold": 0, "sell": 0, "strongSell": 0}, {"period": "-1m", "strongBuy": 0, "buy": 0, "hold": 0, "sell": 0, "strongSell": 0}, {"period": "-2m", "strongBuy": 0, "buy": 0, "hold": 0, "sell": 0, "strongSell": 0}, {"period": "-3m", "strongBuy": 0, "buy": 0, "hold": 0, "sell": 0, "strongSell": 0}], "maxAge": 86400}, "cashflowStatementHistory": {"cashflowStatements": [{"maxAge": 1, "endDate": "2020-03-31", "netIncome": -71215000, "depreciation": 6478000, "changeToNetincome": -68197000, "changeToAccountReceivables": 188111000, "changeToLiabilities": -144839000, "changeToInventory": 186077000, "changeToOperatingActivities": -64142000, "totalCashFromOperatingActivities": 32273000, "capitalExpenditures": -71042000, "totalCashflowsFromInvestingActivities": 37748000, "dividendsPaid": -5546000, "netBorrowings": -24197000, "otherCashflowsFromFinancingActivities": 495000, "totalCashFromFinancingActivities": -29248000, "changeInCash": 40772000}, {"maxAge": 1, "endDate": "2019-03-31", "netIncome": -28890000, "depreciation": 11830000, "changeToNetincome": -11462000, "changeToAccountReceivables": -31349000, "changeToLiabilities": 55360000, "changeToInventory": 48507000, "changeToOperatingActivities": -66052000, "totalCashFromOperatingActivities": -22046000, "capitalExpenditures": -8825000, "totalCashflowsFromInvestingActivities": -8825000, "dividendsPaid": -5546000, "netBorrowings": -19094000, "otherCashflowsFromFinancingActivities": -7521000, "totalCashFromFinancingActivities": -26615000, "changeInCash": -57486000}, {"maxAge": 1, "endDate": "2018-03-31", "netIncome": 28958000, "depreciation": 11366000, "changeToNetincome": 11975000, "changeToAccountReceivables": 87906000, "changeToLiabilities": -182212000, "changeToInventory": -23980000, "changeToOperatingActivities": 132366000, "totalCashFromOperatingActivities": 66406000, "capitalExpenditures": -8298000, "totalCashflowsFromInvestingActivities": -8253000, "dividendsPaid": -5546000, "netBorrowings": 6726000, "otherCashflowsFromFinancingActivities": -9506000, "totalCashFromFinancingActivities": -2780000, "changeInCash": 55373000}, {"maxAge": 1, "endDate": "2017-03-31", "netIncome": 34276000, "depreciation": 10496000, "changeToNetincome": -20517000, "changeToAccountReceivables": 306948000, "changeToLiabilities": -236979000, "changeToInventory": -83330000, "changeToOperatingActivities": -161214000, "totalCashFromOperatingActivities": -150286000, "capitalExpenditures": -28807000, "investments": 1044000, "otherCashflowsFromInvestingActivities": 1363000, "totalCashflowsFromInvestingActivities": -24926000, "dividendsPaid": -5546000, "netBorrowings": 30669000, "otherCashflowsFromFinancingActivities": -12909000, "totalCashFromFinancingActivities": 17760000, "changeInCash": -157453000}], "maxAge": 86400}, "institutionOwnership": {"ownershipList": [], "maxAge": 1}, "balanceSheetHistoryQuarterly": {"balanceSheetStatements": [{"maxAge": 1, "endDate": "2020-06-30", "totalStockholderEquity": 372685000, "netTangibleAssets": 301348000}, {"maxAge": 1, "endDate": "2020-03-31", "cash": 69241000, "shortTermInvestments": 1058000, "netReceivables": 204324000, "inventory": 5479000, "otherCurrentAssets": 203291000, "totalCurrentAssets": 483393000, "propertyPlantEquipment": 69460000, "goodWill": 68933000, "intangibleAssets": 2404000, "otherAssets": 17239000, "deferredLongTermAssetCharges": 15247000, "totalAssets": 641429000, "accountsPayable": 91559000, "otherCurrentLiab": 116191000, "longTermDebt": 59852000, "otherLiab": 1051000, "totalCurrentLiabilities": 207841000, "totalLiab": 268744000, "commonStock": 46003000, "treasuryStock": 326682000, "otherStockholderEquity": 326682000, "totalStockholderEquity": 372685000, "netTangibleAssets": 301348000}, {"maxAge": 1, "endDate": "2019-12-31", "totalStockholderEquity": 396154000, "netTangibleAssets": 393750000}, {"maxAge": 1, "endDate": "2019-09-30", "cash": 23358000, "shortTermInvestments": 4413000, "netReceivables": 291824000, "inventory": 69127000, "otherCurrentAssets": 246901000, "totalCurrentAssets": 635623000, "propertyPlantEquipment": 142430000, "intangibleAssets": 2404000, "otherAssets": 20530000, "deferredLongTermAssetCharges": 17001000, "totalAssets": 800987000, "accountsPayable": 223566000, "otherCurrentLiab": 156588000, "otherLiab": 1189000, "totalCurrentLiabilities": 403644000, "totalLiab": 404833000, "commonStock": 46003000, "treasuryStock": 350151000, "otherStockholderEquity": 350151000, "totalStockholderEquity": 396154000, "netTangibleAssets": 393750000}], "maxAge": 86400}, "earningsHistory": {"history": [{"maxAge": 1, "epsActual": {}, "epsEstimate": {}, "epsDifference": {}, "surprisePercent": {}, "quarter": {}, "period": "-4q"}, {"maxAge": 1, "epsActual": {}, "epsEstimate": {}, "epsDifference": {}, "surprisePercent": {}, "quarter": {}, "period": "-3q"}, {"maxAge": 1, "epsActual": {}, "epsEstimate": {}, "epsDifference": {}, "surprisePercent": {}, "quarter": {}, "period": "-2q"}, {"maxAge": 1, "epsActual": {}, "epsEstimate": {}, "epsDifference": {}, "surprisePercent": {}, "quarter": {}, "period": "-1q"}], "maxAge": 86400}, "indexTrend": {"maxAge": 1, "symbol": "SP5", "peRatio": 19.7411, "pegRatio": 1.34172, "estimates": [{"period": "0q", "growth": 0.549}, {"period": "+1q", "growth": 0.431}, {"period": "0y", "growth": 0.305}, {"period": "+1y", "growth": 0.109}, {"period": "+5y", "growth": 0.120859005}, {"period": "-5y"}]}, "industryTrend": {"maxAge": 1, "symbol": null, "estimates": []}, "insiderTransactions": {"transactions": [{"maxAge": 1, "shares": 450000, "filerUrl": "", "transactionText": "", "filerName": "Aura Alkalies & Chemicals Pvt Ltd", "filerRelation": "Promoter", "moneyText": "", "startDate": "2015-03-25", "ownership": "D"}, {"maxAge": 1, "shares": 1000, "filerUrl": "", "transactionText": "", "filerName": "HK Dealers Pvt. Ltd.", "filerRelation": "Institution- Corporation", "moneyText": "", "startDate": "2015-03-24", "ownership": "D"}, {"maxAge": 1, "shares": 1000, "filerUrl": "", "transactionText": "", "filerName": "Shah (Sunil)", "filerRelation": "UNREPORTED", "moneyText": "", "startDate": "2015-03-05", "ownership": "D"}, {"maxAge": 1, "shares": 375000, "filerUrl": "", "transactionText": "", "filerName": "Aura Alkalies & Chemicals Pvt Ltd", "filerRelation": "Institution- Corporation", "moneyText": "", "startDate": "2014-03-26", "ownership": "D"}, {"maxAge": 1, "shares": 259258, "filerUrl": "", "transactionText": "", "filerName": "Kadakia (Anil Manilal)", "filerRelation": "Managing Director", "moneyText": "", "startDate": "2012-11-26", "ownership": "D"}, {"maxAge": 1, "shares": 32481, "filerUrl": "", "transactionText": "", "filerName": "Aura Alkalies & Chemicals Pvt Ltd", "filerRelation": "Institution- Corporation", "moneyText": "", "startDate": "2012-06-20", "ownership": "D"}, {"maxAge": 1, "shares": 755069, "filerUrl": "", "transactionText": "", "filerName": "Aura Alkalies & Chemicals Pvt Ltd", "filerRelation": "Institution- Corporation", "moneyText": "", "startDate": "2012-06-20", "ownership": "D"}, {"maxAge": 1, "shares": 755069, "filerUrl": "", "transactionText": "", "filerName": "Kadakia (Anil Manilal)", "filerRelation": "Managing Director", "moneyText": "", "startDate": "2012-06-20", "ownership": "D"}, {"maxAge": 1, "shares": 906082, "filerUrl": "", "transactionText": "", "filerName": "Kadakia (Anil Manilal)", "filerRelation": "Managing Director", "moneyText": "", "startDate": "2012-01-18", "ownership": "D"}, {"maxAge": 1, "shares": 161515, "filerUrl": "", "transactionText": "", "filerName": "Aqua Alco Biotech Pvt Ltd", "filerRelation": "Institution- Corporation", "moneyText": "", "startDate": "2009-12-18", "ownership": "D"}, {"maxAge": 1, "shares": 160000, "filerUrl": "", "transactionText": "", "filerName": "Ashok Cellulose Pvt Ltd", "filerRelation": "Institution- Corporation", "moneyText": "", "startDate": "2009-12-18", "ownership": "D"}, {"maxAge": 1, "shares": 1507373, "filerUrl": "", "transactionText": "", "filerName": "Ashok Organic Industries Ltd", "filerRelation": "Institution- Corporation", "moneyText": "", "startDate": "2009-12-18", "ownership": "D"}, {"maxAge": 1, "shares": 160000, "filerUrl": "", "transactionText": "", "filerName": "Ashok Pharmaceuticals Pvt Ltd", "filerRelation": "Institution- Corporation", "moneyText": "", "startDate": "2009-12-18", "ownership": "D"}, {"maxAge": 1, "shares": 147152, "filerUrl": "", "transactionText": "", "filerName": "Kadakia (Madhavi Pankaj)", "filerRelation": "UNREPORTED", "moneyText": "", "startDate": "2009-12-18", "ownership": "D"}, {"maxAge": 1, "shares": 14800, "filerUrl": "", "transactionText": "", "filerName": "Kadakia (Urvashi A)", "filerRelation": "UNREPORTED", "moneyText": "", "startDate": "2009-12-18", "ownership": "D"}], "maxAge": 1}, "quoteType": {"exchange": "BSE", "quoteType": "EQUITY", "symbol": "ASHOKALC.BO", "underlyingSymbol": "ASHOKALC.BO", "shortName": "ASHOK ALCO-CHEM LTD.", "longName": "Ashok Alco-Chem Limited", "firstTradeDateEpochUtc": "2002-03-04 09:15:00", "timeZoneFullName": "Asia/Kolkata", "timeZoneShortName": "IST", "uuid": "cd8604cb-cbed-3b0d-ae76-b078ceaeaa34", "gmtOffSetMilliseconds": 19800000, "maxAge": 1}, "incomeStatementHistory": {"incomeStatementHistory": [{"maxAge": 1, "endDate": "2020-03-31", "totalRevenue": 1125080000, "costOfRevenue": 991736000, "grossProfit": 133344000, "researchDevelopment": {}, "sellingGeneralAdministrative": 49803000, "nonRecurring": {}, "otherOperatingExpenses": 220210000, "totalOperatingExpenses": 1268227000, "operatingIncome": -143147000, "totalOtherIncomeExpenseNet": 56485000, "ebit": -143147000, "interestExpense": -9053000, "incomeBeforeTax": -86662000, "incomeTaxExpense": -15447000, "minorityInterest": {}, "netIncomeFromContinuingOps": -71215000, "discontinuedOperations": {}, "extraordinaryItems": {}, "effectOfAccountingCharges": {}, "otherItems": {}, "netIncome": -71215000, "netIncomeApplicableToCommonShares": -71215000}, {"maxAge": 1, "endDate": "2019-03-31", "totalRevenue": 1715590000, "costOfRevenue": 1424595000, "grossProfit": 290995000, "researchDevelopment": {}, "sellingGeneralAdministrative": 66533000, "nonRecurring": {}, "otherOperatingExpenses": 240944000, "totalOperatingExpenses": 1743901000, "operatingIncome": -28311000, "totalOtherIncomeExpenseNet": 747000, "ebit": -28311000, "interestExpense": -11368000, "incomeBeforeTax": -27564000, "incomeTaxExpense": 1326000, "minorityInterest": {}, "netIncomeFromContinuingOps": -28890000, "discontinuedOperations": {}, "extraordinaryItems": {}, "effectOfAccountingCharges": {}, "otherItems": {}, "netIncome": -28890000, "netIncomeApplicableToCommonShares": -28890000}, {"maxAge": 1, "endDate": "2018-03-31", "totalRevenue": 1572122000, "costOfRevenue": 1235858000, "grossProfit": 336264000, "researchDevelopment": {}, "sellingGeneralAdministrative": 64127000, "nonRecurring": {}, "otherOperatingExpenses": 210893000, "totalOperatingExpenses": 1523552000, "operatingIncome": 48570000, "totalOtherIncomeExpenseNet": -2105000, "ebit": 48570000, "interestExpense": -9808000, "incomeBeforeTax": 46465000, "incomeTaxExpense": 17507000, "minorityInterest": {}, "netIncomeFromContinuingOps": 28958000, "discontinuedOperations": {}, "extraordinaryItems": {}, "effectOfAccountingCharges": {}, "otherItems": {}, "netIncome": 28958000, "netIncomeApplicableToCommonShares": 28958000}, {"maxAge": 1, "endDate": "2017-03-31", "totalRevenue": 1607175000, "costOfRevenue": 1249867000, "grossProfit": 357308000, "researchDevelopment": {}, "sellingGeneralAdministrative": 54585000, "nonRecurring": {}, "otherOperatingExpenses": 237393000, "totalOperatingExpenses": 1552355000, "operatingIncome": 54820000, "totalOtherIncomeExpenseNet": -1463000, "ebit": 54820000, "interestExpense": -12938000, "incomeBeforeTax": 53357000, "incomeTaxExpense": 19081000, "minorityInterest": {}, "netIncomeFromContinuingOps": 34276000, "discontinuedOperations": {}, "extraordinaryItems": {}, "effectOfAccountingCharges": {}, "otherItems": {}, "netIncome": 34276000, "netIncomeApplicableToCommonShares": 34276000}], "maxAge": 86400}, "fundOwnership": {"ownershipList": [], "maxAge": 1}, "summaryDetail": {"maxAge": 1, "priceHint": 2, "previousClose": 94.0, "open": 94.2, "dayLow": 94.2, "dayHigh": 98.7, "regularMarketPreviousClose": 94.0, "regularMarketOpen": 94.2, "regularMarketDayLow": 94.2, "regularMarketDayHigh": 98.7, "volume": 12995, "regularMarketVolume": 12995, "averageVolume": 5740, "averageVolume10days": 3007, "averageDailyVolume10Day": 3007, "bid": 98.15, "ask": 98.5, "bidSize": 0, "askSize": 0, "marketCap": 451523392, "fiftyTwoWeekLow": 13.3, "fiftyTwoWeekHigh": 98.7, "fiftyDayAverage": 61.937878, "twoHundredDayAverage": 44.16397, "trailingAnnualDividendRate": 0.5, "trailingAnnualDividendYield": 0.005319149, "currency": "INR", "fromCurrency": null, "lastMarket": null, "algorithm": null, "tradeable": false}, "sectorTrend": {"maxAge": 1, "symbol": null, "estimates": []}, "incomeStatementHistoryQuarterly": {"incomeStatementHistory": [{"maxAge": 1, "endDate": "2020-06-30", "totalRevenue": 90869000, "costOfRevenue": 80251000, "grossProfit": 10618000, "researchDevelopment": {}, "sellingGeneralAdministrative": 2308000, "nonRecurring": {}, "otherOperatingExpenses": 12752000, "totalOperatingExpenses": 96691000, "operatingIncome": -5822000, "totalOtherIncomeExpenseNet": 409000, "ebit": -5822000, "interestExpense": -671000, "incomeBeforeTax": -5413000, "incomeTaxExpense": -1066000, "minorityInterest": {}, "netIncomeFromContinuingOps": -4347000, "discontinuedOperations": {}, "extraordinaryItems": {}, "effectOfAccountingCharges": {}, "otherItems": {}, "netIncome": -4347000, "netIncomeApplicableToCommonShares": -4347000}, {"maxAge": 1, "endDate": "2020-03-31", "totalRevenue": 165922000, "costOfRevenue": 154525000, "grossProfit": 11397000, "researchDevelopment": {}, "sellingGeneralAdministrative": 1891000, "nonRecurring": {}, "otherOperatingExpenses": 40564000, "totalOperatingExpenses": 197245000, "operatingIncome": -31323000, "totalOtherIncomeExpenseNet": 10050000, "ebit": -31323000, "interestExpense": -1389000, "incomeBeforeTax": -21273000, "incomeTaxExpense": -801000, "minorityInterest": {}, "netIncomeFromContinuingOps": -20472000, "discontinuedOperations": {}, "extraordinaryItems": {}, "effectOfAccountingCharges": {}, "otherItems": {}, "netIncome": -20472000, "netIncomeApplicableToCommonShares": -20472000}, {"maxAge": 1, "endDate": "2019-12-31", "totalRevenue": 247836000, "costOfRevenue": 233284000, "grossProfit": 14552000, "researchDevelopment": {}, "sellingGeneralAdministrative": 4159000, "nonRecurring": {}, "otherOperatingExpenses": 35313000, "totalOperatingExpenses": 274330000, "operatingIncome": -26494000, "totalOtherIncomeExpenseNet": 27362000, "ebit": -26494000, "interestExpense": -789000, "incomeBeforeTax": 868000, "incomeTaxExpense": 1159000, "minorityInterest": {}, "netIncomeFromContinuingOps": -291000, "discontinuedOperations": {}, "extraordinaryItems": {}, "effectOfAccountingCharges": {}, "otherItems": {}, "netIncome": -291000, "netIncomeApplicableToCommonShares": -291000}, {"maxAge": 1, "endDate": "2019-09-30", "totalRevenue": 309158000, "costOfRevenue": 258709000, "grossProfit": 50449000, "researchDevelopment": {}, "sellingGeneralAdministrative": 13459000, "nonRecurring": {}, "otherOperatingExpenses": 75257000, "totalOperatingExpenses": 349747000, "operatingIncome": -40589000, "totalOtherIncomeExpenseNet": 2192000, "ebit": -40589000, "interestExpense": -2225000, "incomeBeforeTax": -38397000, "incomeTaxExpense": -8663000, "minorityInterest": {}, "netIncomeFromContinuingOps": -29734000, "discontinuedOperations": {}, "extraordinaryItems": {}, "effectOfAccountingCharges": {}, "otherItems": {}, "netIncome": -29734000, "netIncomeApplicableToCommonShares": -29734000}], "maxAge": 86400}, "cashflowStatementHistoryQuarterly": {"cashflowStatements": [{"maxAge": 1, "endDate": "2020-06-30", "netIncome": -4347000, "changeToLiabilities": 0}, {"maxAge": 1, "endDate": "2020-03-31", "netIncome": -20472000, "changeToLiabilities": 0}, {"maxAge": 1, "endDate": "2019-12-31", "netIncome": -291000, "changeToLiabilities": 0}, {"maxAge": 1, "endDate": "2019-09-30", "netIncome": -29734000, "changeToLiabilities": 0}], "maxAge": 86400}, "insiderHolders": {"holders": [{"maxAge": 1, "name": "Aqua Alco Biotech Pvt Ltd", "relation": "Institution- Corporation", "url": "", "transactionDescription": "Sale", "latestTransDate": "2009-12-18", "positionDirect": 0, "positionDirectDate": "2009-12-18"}, {"maxAge": 1, "name": "Ashok Cellulose Pvt Ltd", "relation": "Institution- Corporation", "url": "", "transactionDescription": "Sale", "latestTransDate": "2009-12-18", "positionDirect": 0, "positionDirectDate": "2009-12-18"}, {"maxAge": 1, "name": "Ashok Organic Industries Ltd", "relation": "Institution- Corporation", "url": "", "transactionDescription": "Sale", "latestTransDate": "2009-12-18", "positionDirect": 0, "positionDirectDate": "2009-12-18"}, {"maxAge": 1, "name": "Ashok Pharmaceuticals Pvt Ltd", "relation": "Institution- Corporation", "url": "", "transactionDescription": "Sale", "latestTransDate": "2009-12-18", "positionDirect": 0, "positionDirectDate": "2009-12-18"}, {"maxAge": 1, "name": "Aura Alkalies & Chemicals Pvt Ltd", "relation": "Promoter", "url": "", "transactionDescription": "Other", "latestTransDate": "2015-03-25", "positionDirect": 2518632, "positionDirectDate": "2015-03-25"}, {"maxAge": 1, "name": "HK Dealers Pvt. Ltd.", "relation": "Institution- Corporation", "url": "", "transactionDescription": "Acquisition", "latestTransDate": "2015-03-24", "positionDirect": 1000, "positionDirectDate": "2015-03-24"}, {"maxAge": 1, "name": "Kadakia (Anil Manilal)", "relation": "Managing Director", "url": "", "transactionDescription": "Sale", "latestTransDate": "2012-11-26", "positionDirect": 219231, "positionDirectDate": "2012-11-26"}, {"maxAge": 1, "name": "Kadakia (Madhavi Pankaj)", "relation": "UNREPORTED", "url": "", "transactionDescription": "Sale", "latestTransDate": "2009-12-18", "positionDirect": 0, "positionDirectDate": "2009-12-18"}, {"maxAge": 1, "name": "Kadakia (Urvashi A)", "relation": "UNREPORTED", "url": "", "transactionDescription": "Sale", "latestTransDate": "2009-12-18", "positionDirectDate": "2009-12-18"}, {"maxAge": 1, "name": "Shah (Sunil)", "relation": "UNREPORTED", "url": "", "transactionDescription": "Acquisition", "latestTransDate": "2015-03-05", "positionDirect": 1000, "positionDirectDate": "2015-03-05"}], "maxAge": 1}, "earnings": {"maxAge": 86400, "earningsChart": {"quarterly": [], "earningsDate": []}, "financialsChart": {"yearly": [{"date": 2017, "revenue": 1607175000, "earnings": 34276000}, {"date": 2018, "revenue": 1572122000, "earnings": 28958000}, {"date": 2019, "revenue": 1715590000, "earnings": -28890000}, {"date": 2020, "revenue": 1125080000, "earnings": -71215000}], "quarterly": [{"date": "3Q2019", "revenue": 309158000, "earnings": -29734000}, {"date": "4Q2019", "revenue": 247836000, "earnings": -291000}, {"date": "1Q2020", "revenue": 165922000, "earnings": -20472000}, {"date": "2Q2020", "revenue": 90869000, "earnings": -4347000}]}, "financialCurrency": "INR"}, "calendarEvents": {"maxAge": 1, "earnings": {"earningsDate": []}}, "upgradeDowngradeHistory": {"history": [], "maxAge": 86400}, "price": {"maxAge": 1, "regularMarketChangePercent": 0.04414895, "regularMarketChange": 4.1500015, "regularMarketTime": "2021-04-30 15:47:31", "priceHint": 2, "regularMarketPrice": 98.15, "regularMarketDayHigh": 98.7, "regularMarketDayLow": 94.2, "regularMarketVolume": 12995, "averageDailyVolume10Day": 3007, "averageDailyVolume3Month": 5740, "regularMarketPreviousClose": 94.0, "regularMarketSource": "FREE_REALTIME", "regularMarketOpen": 94.2, "exchange": "BSE", "exchangeName": "BSE", "exchangeDataDelayedBy": 0, "marketState": "CLOSED", "quoteType": "EQUITY", "symbol": "ASHOKALC.BO", "underlyingSymbol": null, "shortName": "ASHOK ALCO-CHEM LTD.", "longName": "Ashok Alco-Chem Limited", "currency": "INR", "quoteSourceName": "Delayed Quote", "currencySymbol": "\u20b9", "fromCurrency": null, "lastMarket": null, "marketCap": 451523392}, "balanceSheetHistory": {"balanceSheetStatements": [{"maxAge": 1, "endDate": "2020-03-31", "cash": 69241000, "shortTermInvestments": 1058000, "netReceivables": 204324000, "inventory": 5479000, "otherCurrentAssets": 203291000, "totalCurrentAssets": 483393000, "propertyPlantEquipment": 69460000, "goodWill": 68933000, "intangibleAssets": 2404000, "otherAssets": 17239000, "deferredLongTermAssetCharges": 15247000, "totalAssets": 641429000, "accountsPayable": 91559000, "otherCurrentLiab": 116192000, "longTermDebt": 59852000, "otherLiab": 1050000, "totalCurrentLiabilities": 207842000, "totalLiab": 268744000, "commonStock": 46003000, "treasuryStock": 326682000, "otherStockholderEquity": 326682000, "totalStockholderEquity": 372685000, "netTangibleAssets": 301348000}, {"maxAge": 1, "endDate": "2019-03-31", "cash": 12875000, "netReceivables": 338495000, "inventory": 191556000, "otherCurrentAssets": 380984000, "totalCurrentAssets": 928751000, "propertyPlantEquipment": 146438000, "intangibleAssets": 1873000, "otherAssets": 8837000, "deferredLongTermAssetCharges": 969000, "totalAssets": 1085899000, "accountsPayable": 236397000, "otherCurrentLiab": 264835000, "otherLiab": 6286000, "totalCurrentLiabilities": 626370000, "totalLiab": 632656000, "commonStock": 46003000, "retainedEarnings": 328861000, "capitalSurplus": 78379000, "totalStockholderEquity": 453243000, "netTangibleAssets": 451370000}, {"maxAge": 1, "endDate": "2018-03-31", "cash": 68099000, "netReceivables": 304730000, "inventory": 240063000, "otherCurrentAssets": 338376000, "totalCurrentAssets": 953108000, "propertyPlantEquipment": 152852000, "intangibleAssets": 17000, "otherAssets": 7883000, "totalAssets": 1113860000, "accountsPayable": 181038000, "otherCurrentLiab": 278747000, "longTermDebt": 11935000, "otherLiab": 12855000, "totalCurrentLiabilities": 601754000, "totalLiab": 626544000, "commonStock": 46003000, "retainedEarnings": 362934000, "capitalSurplus": 78379000, "totalStockholderEquity": 487316000, "netTangibleAssets": 487299000}, {"maxAge": 1, "endDate": "2017-03-31", "cash": 19479000, "netReceivables": 373901000, "inventory": 216082000, "otherCurrentAssets": 352023000, "totalCurrentAssets": 964898000, "propertyPlantEquipment": 155923000, "intangibleAssets": 44000, "otherAssets": 3431000, "totalAssets": 1124296000, "accountsPayable": 363249000, "shortLongTermDebt": 20004000, "otherCurrentLiab": 126938000, "longTermDebt": 12186000, "otherLiab": 11665000, "totalCurrentLiabilities": 633108000, "totalLiab": 656959000, "commonStock": 46003000, "retainedEarnings": 327929000, "treasuryStock": 15026000, "capitalSurplus": 78379000, "otherStockholderEquity": 15026000, "totalStockholderEquity": 467337000, "netTangibleAssets": 467293000}], "maxAge": 86400}, "earningsTrend": {"trend": [{"maxAge": 1, "period": "0q", "endDate": null, "growth": {}, "earningsEstimate": {"avg": 0.0, "low": 0.0, "high": 0.0, "yearAgoEps": {}, "numberOfAnalysts": 0, "growth": {}}, "revenueEstimate": {"avg": 0, "low": 0, "high": 0, "numberOfAnalysts": 0, "yearAgoRevenue": {}, "growth": {}}, "epsTrend": {"current": 0.0, "7daysAgo": 0.0, "30daysAgo": 0.0, "60daysAgo": 0.0, "90daysAgo": 0.0}, "epsRevisions": {"upLast7days": 0, "upLast30days": 0, "downLast30days": 0, "downLast90days": {}}}, {"maxAge": 1, "period": "+1q", "endDate": null, "growth": {}, "earningsEstimate": {"avg": 0.0, "low": 0.0, "high": 0.0, "yearAgoEps": {}, "numberOfAnalysts": 0, "growth": {}}, "revenueEstimate": {"avg": 0, "low": 0, "high": 0, "numberOfAnalysts": 0, "yearAgoRevenue": {}, "growth": {}}, "epsTrend": {"current": 0.0, "7daysAgo": 0.0, "30daysAgo": 0.0, "60daysAgo": 0.0, "90daysAgo": 0.0}, "epsRevisions": {"upLast7days": 0, "upLast30days": 0, "downLast30days": 0, "downLast90days": {}}}, {"maxAge": 1, "period": "0y", "endDate": null, "growth": {}, "earningsEstimate": {"avg": 0.0, "low": 0.0, "high": 0.0, "yearAgoEps": {}, "numberOfAnalysts": 0, "growth": {}}, "revenueEstimate": {"avg": 0, "low": 0, "high": 0, "numberOfAnalysts": 0, "yearAgoRevenue": {}, "growth": {}}, "epsTrend": {"current": 0.0, "7daysAgo": 0.0, "30daysAgo": 0.0, "60daysAgo": 0.0, "90daysAgo": 0.0}, "epsRevisions": {"upLast7days": 0, "upLast30days": 0, "downLast30days": 0, "downLast90days": {}}}, {"maxAge": 1, "period": "+1y", "endDate": null, "growth": {}, "earningsEstimate": {"avg": 0.0, "low": 0.0, "high": 0.0, "yearAgoEps": {}, "numberOfAnalysts": 0, "growth": {}}, "revenueEstimate": {"avg": 0, "low": 0, "high": 0, "numberOfAnalysts": 0, "yearAgoRevenue": {}, "growth": {}}, "epsTrend": {"current": 0.0, "7daysAgo": 0.0, "30daysAgo": 0.0, "60daysAgo": 0.0, "90daysAgo": 0.0}, "epsRevisions": {"upLast7days": 0, "upLast30days": 0, "downLast30days": 0, "downLast90days": {}}}, {"maxAge": 1, "period": "+5y", "endDate": null, "growth": {}, "earningsEstimate": {"avg": {}, "low": {}, "high": {}, "yearAgoEps": {}, "numberOfAnalysts": {}, "growth": {}}, "revenueEstimate": {"avg": {}, "low": {}, "high": {}, "numberOfAnalysts": {}, "yearAgoRevenue": {}, "growth": {}}, "epsTrend": {"current": {}, "7daysAgo": {}, "30daysAgo": {}, "60daysAgo": {}, "90daysAgo": {}}, "epsRevisions": {"upLast7days": {}, "upLast30days": {}, "downLast30days": {}, "downLast90days": {}}}, {"maxAge": 1, "period": "-5y", "endDate": null, "growth": {}, "earningsEstimate": {"avg": {}, "low": {}, "high": {}, "yearAgoEps": {}, "numberOfAnalysts": {}, "growth": {}}, "revenueEstimate": {"avg": {}, "low": {}, "high": {}, "numberOfAnalysts": {}, "yearAgoRevenue": {}, "growth": {}}, "epsTrend": {"current": {}, "7daysAgo": {}, "30daysAgo": {}, "60daysAgo": {}, "90daysAgo": {}}, "epsRevisions": {"upLast7days": {}, "upLast30days": {}, "downLast30days": {}, "downLast90days": {}}}], "maxAge": 1}, "financialData": {"maxAge": 86400, "currentPrice": 98.15, "targetHighPrice": 172.0, "targetLowPrice": 172.0, "targetMeanPrice": 172.0, "targetMedianPrice": 172.0, "recommendationMean": 2.0, "recommendationKey": "buy", "numberOfAnalystOpinions": 1, "grossProfits": 133344000, "financialCurrency": "INR"}}}