{"ASHRAM.BO": {"cashflowStatementHistory": {"cashflowStatements": [{"maxAge": 1, "endDate": "2020-03-31", "netIncome": -1065772, "depreciation": 867674, "changeToLiabilities": 0, "changeToOperatingActivities": -1427226, "totalCashFromOperatingActivities": -1625324, "capitalExpenditures": -2400000, "totalCashflowsFromInvestingActivities": -2400000, "changeInCash": -4025324}, {"maxAge": 1, "endDate": "2019-03-31", "netIncome": 1238674, "depreciation": 180437, "changeToLiabilities": 0, "changeToOperatingActivities": 1188475, "totalCashFromOperatingActivities": 2607586, "capitalExpenditures": -49015, "totalCashflowsFromInvestingActivities": -49015, "changeInCash": 2558571}, {"maxAge": 1, "endDate": "2018-03-31", "netIncome": 1778596, "depreciation": 6060, "changeToNetincome": 1498700, "changeToLiabilities": 0, "changeToOperatingActivities": -1419601, "totalCashFromOperatingActivities": 1863755, "capitalExpenditures": -551051, "totalCashflowsFromInvestingActivities": -551051, "otherCashflowsFromFinancingActivities": -107, "totalCashFromFinancingActivities": -107, "changeInCash": 1312597}, {"maxAge": 1, "endDate": "2017-03-31", "netIncome": -17209886, "depreciation": 6060, "changeToNetincome": 1498700, "changeToLiabilities": 0, "changeToOperatingActivities": 14837319, "totalCashFromOperatingActivities": -2372567, "capitalExpenditures": -551051, "investments": 2715195, "totalCashflowsFromInvestingActivities": 2715195, "otherCashflowsFromFinancingActivities": -107, "totalCashFromFinancingActivities": -107, "changeInCash": 342628}], "maxAge": 86400}, "institutionOwnership": {"ownershipList": [], "maxAge": 1}, "balanceSheetHistoryQuarterly": {"balanceSheetStatements": [{"maxAge": 1, "endDate": "2020-06-30", "totalStockholderEquity": 102513185, "netTangibleAssets": 102513185}, {"maxAge": 1, "endDate": "2020-03-31", "cash": 721251, "shortTermInvestments": 5668565, "netReceivables": 100577555, "totalCurrentAssets": 106967371, "propertyPlantEquipment": 1945896, "totalAssets": 108913267, "accountsPayable": 2322811, "otherCurrentLiab": 3974272, "otherLiab": -1, "totalCurrentLiabilities": 6400083, "totalLiab": 6400082, "commonStock": 119509000, "retainedEarnings": -19120336, "treasuryStock": 2124521, "otherStockholderEquity": 2124521, "totalStockholderEquity": 102513185, "netTangibleAssets": 102513185}, {"maxAge": 1, "endDate": "2019-12-31", "totalStockholderEquity": 105813000, "netTangibleAssets": 105813000}, {"maxAge": 1, "endDate": "2019-09-30", "cash": 2093000, "netReceivables": 4970000, "otherCurrentAssets": 4811000, "totalCurrentAssets": 11874000, "longTermInvestments": 6269000, "propertyPlantEquipment": 2381000, "otherAssets": 93047000, "totalAssets": 113571000, "accountsPayable": 5994000, "otherCurrentLiab": 1764000, "totalCurrentLiabilities": 7758000, "totalLiab": 7758000, "commonStock": 119509000, "treasuryStock": -13696000, "otherStockholderEquity": -13696000, "totalStockholderEquity": 105813000, "netTangibleAssets": 105813000}], "maxAge": 86400}, "indexTrend": {"maxAge": 1, "symbol": "SP5", "peRatio": 19.7411, "pegRatio": 1.34172, "estimates": [{"period": "0q", "growth": 0.549}, {"period": "+1q", "growth": 0.431}, {"period": "0y", "growth": 0.305}, {"period": "+1y", "growth": 0.109}, {"period": "+5y", "growth": 0.120859005}, {"period": "-5y"}]}, "insiderTransactions": {"transactions": [{"maxAge": 1, "shares": 15040, "filerUrl": "", "transactionText": "", "filerName": "Jain (Vandana)", "filerRelation": "UNREPORTED", "moneyText": "", "startDate": "2012-02-03", "ownership": "D"}, {"maxAge": 1, "shares": 1675200, "filerUrl": "", "transactionText": "", "filerName": "Tatia (Jaijash)", "filerRelation": "Promoter", "moneyText": "", "startDate": "2012-01-31", "ownership": "D"}, {"maxAge": 1, "shares": 1675200, "filerUrl": "", "transactionText": "", "filerName": "Tatia (Pannalal Jain S)", "filerRelation": "Chairman of the Board", "moneyText": "", "startDate": "2012-01-31", "ownership": "D"}, {"maxAge": 1, "shares": 22971, "filerUrl": "", "transactionText": "", "filerName": "Jain (Vandana)", "filerRelation": "UNREPORTED", "moneyText": "", "startDate": "2012-01-30", "ownership": "D"}, {"maxAge": 1, "shares": 126733, "filerUrl": "", "transactionText": "", "filerName": "Jain (Vandana)", "filerRelation": "UNREPORTED", "moneyText": "", "startDate": "2012-01-20", "ownership": "D"}, {"maxAge": 1, "shares": 1025, "filerUrl": "", "transactionText": "", "filerName": "Jain (Chandana)", "filerRelation": "UNREPORTED", "moneyText": "", "startDate": "2012-01-11", "ownership": "D"}], "maxAge": 1}, "quoteType": {"exchange": "BSE", "quoteType": "EQUITY", "symbol": "ASHRAM.BO", "underlyingSymbol": "ASHRAM.BO", "shortName": "ASHRAM ONLINE.COM LTD.", "longName": "Ashram Online.com Limited", "firstTradeDateEpochUtc": "1998-12-30 09:15:00", "timeZoneFullName": "Asia/Kolkata", "timeZoneShortName": "IST", "uuid": "7f46781b-585f-30ce-a98f-c0002ad679d1", "gmtOffSetMilliseconds": 19800000, "maxAge": 1}, "incomeStatementHistory": {"incomeStatementHistory": [{"maxAge": 1, "endDate": "2020-03-31", "totalRevenue": 11607202, "costOfRevenue": 7011622, "grossProfit": 4595580, "researchDevelopment": {}, "sellingGeneralAdministrative": 18415, "nonRecurring": {}, "otherOperatingExpenses": 4468352, "totalOperatingExpenses": 12366063, "operatingIncome": -758861, "totalOtherIncomeExpenseNet": -6911, "ebit": -758861, "interestExpense": {}, "incomeBeforeTax": -765772, "incomeTaxExpense": 300000, "minorityInterest": {}, "netIncomeFromContinuingOps": -1065772, "discontinuedOperations": {}, "extraordinaryItems": {}, "effectOfAccountingCharges": {}, "otherItems": {}, "netIncome": -1065772, "netIncomeApplicableToCommonShares": -1065772}, {"maxAge": 1, "endDate": "2019-03-31", "totalRevenue": 12676941, "costOfRevenue": 8459365, "grossProfit": 4217576, "researchDevelopment": {}, "sellingGeneralAdministrative": 18710, "nonRecurring": {}, "otherOperatingExpenses": 2017243, "totalOperatingExpenses": 10675755, "operatingIncome": 2001186, "totalOtherIncomeExpenseNet": -6790, "ebit": 2001186, "interestExpense": {}, "incomeBeforeTax": 1994396, "incomeTaxExpense": 755722, "minorityInterest": {}, "netIncomeFromContinuingOps": 1238674, "discontinuedOperations": {}, "extraordinaryItems": {}, "effectOfAccountingCharges": {}, "otherItems": {}, "netIncome": 1238674, "netIncomeApplicableToCommonShares": 1238674}, {"maxAge": 1, "endDate": "2018-03-31", "totalRevenue": 12086607, "costOfRevenue": 6175577, "grossProfit": 5911030, "researchDevelopment": {}, "sellingGeneralAdministrative": 21449, "nonRecurring": {}, "otherOperatingExpenses": 1383699, "totalOperatingExpenses": 7586785, "operatingIncome": 4499822, "totalOtherIncomeExpenseNet": -1505373, "ebit": 4499822, "interestExpense": {}, "incomeBeforeTax": 2994449, "incomeTaxExpense": 1215853, "minorityInterest": {}, "netIncomeFromContinuingOps": 1778596, "discontinuedOperations": {}, "extraordinaryItems": {}, "effectOfAccountingCharges": {}, "otherItems": {}, "netIncome": 1778596, "netIncomeApplicableToCommonShares": 1778596}, {"maxAge": 1, "endDate": "2017-03-31", "totalRevenue": 5915674, "costOfRevenue": 1040000, "grossProfit": 4875674, "researchDevelopment": {}, "sellingGeneralAdministrative": 18249, "nonRecurring": {}, "otherOperatingExpenses": 18616163, "totalOperatingExpenses": 19674412, "operatingIncome": -13758738, "totalOtherIncomeExpenseNet": -2715806, "ebit": -13758738, "interestExpense": {}, "incomeBeforeTax": -16474544, "incomeTaxExpense": 735342, "minorityInterest": {}, "netIncomeFromContinuingOps": -17209886, "discontinuedOperations": {}, "extraordinaryItems": {}, "effectOfAccountingCharges": {}, "otherItems": {}, "netIncome": -17209886, "netIncomeApplicableToCommonShares": -17209886}], "maxAge": 86400}, "fundOwnership": {"ownershipList": [], "maxAge": 1}, "summaryDetail": {"maxAge": 1, "priceHint": 4, "previousClose": 3.58, "open": 3.58, "dayLow": 3.58, "dayHigh": 3.6, "regularMarketPreviousClose": 3.58, "regularMarketOpen": 3.58, "regularMarketDayLow": 3.58, "regularMarketDayHigh": 3.6, "volume": 30, "regularMarketVolume": 30, "averageVolume": 339, "averageVolume10days": 534, "averageDailyVolume10Day": 534, "bid": 0.0, "ask": 3.58, "marketCap": 42960000, "fiftyTwoWeekLow": 1.27, "fiftyTwoWeekHigh": 4.5, "fiftyDayAverage": 1.3872727, "twoHundredDayAverage": 2.0741606, "currency": "INR", "fromCurrency": null, "lastMarket": null, "algorithm": null, "tradeable": false}, "incomeStatementHistoryQuarterly": {"incomeStatementHistory": [{"maxAge": 1, "endDate": "2020-06-30", "totalRevenue": 1209000, "costOfRevenue": 139000, "grossProfit": 1070000, "researchDevelopment": {}, "sellingGeneralAdministrative": {}, "nonRecurring": {}, "otherOperatingExpenses": 468000, "totalOperatingExpenses": 757000, "operatingIncome": 452000, "totalOtherIncomeExpenseNet": 0, "ebit": 452000, "interestExpense": {}, "incomeBeforeTax": 452000, "incomeTaxExpense": 0, "minorityInterest": {}, "netIncomeFromContinuingOps": 452000, "discontinuedOperations": {}, "extraordinaryItems": {}, "effectOfAccountingCharges": {}, "otherItems": {}, "netIncome": 452000, "netIncomeApplicableToCommonShares": 452000}, {"maxAge": 1, "endDate": "2020-03-31", "totalRevenue": 1990202, "costOfRevenue": 1276622, "grossProfit": 713580, "researchDevelopment": {}, "sellingGeneralAdministrative": 18415, "nonRecurring": {}, "otherOperatingExpenses": 2898352, "totalOperatingExpenses": 1689063, "operatingIncome": 301139, "totalOtherIncomeExpenseNet": -6911, "ebit": 301139, "interestExpense": {}, "incomeBeforeTax": 294228, "incomeTaxExpense": 75000, "minorityInterest": {}, "netIncomeFromContinuingOps": 219228, "discontinuedOperations": {}, "extraordinaryItems": {}, "effectOfAccountingCharges": {}, "otherItems": {}, "netIncome": 219228, "netIncomeApplicableToCommonShares": 219228}, {"maxAge": 1, "endDate": "2019-12-31", "totalRevenue": 2380000, "costOfRevenue": 1869000, "grossProfit": 511000, "researchDevelopment": {}, "sellingGeneralAdministrative": 18415, "nonRecurring": {}, "otherOperatingExpenses": 416000, "totalOperatingExpenses": 5224000, "operatingIncome": -2844000, "totalOtherIncomeExpenseNet": 0, "ebit": -2844000, "interestExpense": {}, "incomeBeforeTax": -2844000, "incomeTaxExpense": 75000, "minorityInterest": {}, "netIncomeFromContinuingOps": -2919000, "discontinuedOperations": {}, "extraordinaryItems": {}, "effectOfAccountingCharges": {}, "otherItems": {}, "netIncome": -2919000, "netIncomeApplicableToCommonShares": -2919000}, {"maxAge": 1, "endDate": "2019-09-30", "totalRevenue": 4027000, "costOfRevenue": 1744000, "grossProfit": 2283000, "researchDevelopment": {}, "sellingGeneralAdministrative": 18415, "nonRecurring": {}, "otherOperatingExpenses": 530000, "totalOperatingExpenses": 2494000, "operatingIncome": 1533000, "totalOtherIncomeExpenseNet": 0, "ebit": 1533000, "interestExpense": {}, "incomeBeforeTax": 1533000, "incomeTaxExpense": 75000, "minorityInterest": {}, "netIncomeFromContinuingOps": 1458000, "discontinuedOperations": {}, "extraordinaryItems": {}, "effectOfAccountingCharges": {}, "otherItems": {}, "netIncome": 1458000, "netIncomeApplicableToCommonShares": 1458000}], "maxAge": 86400}, "cashflowStatementHistoryQuarterly": {"cashflowStatements": [{"maxAge": 1, "endDate": "2020-06-30", "netIncome": 452000, "changeToLiabilities": 0}, {"maxAge": 1, "endDate": "2020-03-31", "netIncome": 219228, "changeToLiabilities": 0}, {"maxAge": 1, "endDate": "2019-12-31", "netIncome": -2919000, "changeToLiabilities": 0}, {"maxAge": 1, "endDate": "2019-09-30", "netIncome": 1458000, "changeToLiabilities": 0}], "maxAge": 86400}, "insiderHolders": {"holders": [{"maxAge": 1, "name": "Jain (Chandana)", "relation": "UNREPORTED", "url": "", "transactionDescription": "Sale", "latestTransDate": "2012-01-11", "positionDirect": 119875, "positionDirectDate": "2012-01-11"}, {"maxAge": 1, "name": "Jain (Vandana)", "relation": "UNREPORTED", "url": "", "transactionDescription": "Sale", "latestTransDate": "2012-02-03", "positionDirect": 5756, "positionDirectDate": "2012-02-03"}, {"maxAge": 1, "name": "Tatia (Jaijash)", "relation": "Promoter", "url": "", "transactionDescription": "Acquisition", "latestTransDate": "2012-01-31", "positionDirect": 1675200, "positionDirectDate": "2012-01-31"}, {"maxAge": 1, "name": "Tatia (Pannalal Jain S)", "relation": "Chairman of the Board", "url": "", "transactionDescription": "Sale", "latestTransDate": "2012-01-31", "positionDirect": 0, "positionDirectDate": "2012-01-31"}], "maxAge": 1}, "calendarEvents": {"maxAge": 1, "earnings": {"earningsDate": []}}, "upgradeDowngradeHistory": {"history": [], "maxAge": 86400}, "price": {"maxAge": 1, "regularMarketChangePercent": 0.0, "regularMarketChange": 0.0, "regularMarketTime": "2021-04-30 14:43:29", "priceHint": 4, "regularMarketPrice": 3.58, "regularMarketDayHigh": 3.6, "regularMarketDayLow": 3.58, "regularMarketVolume": 30, "averageDailyVolume10Day": 534, "averageDailyVolume3Month": 339, "regularMarketPreviousClose": 3.58, "regularMarketSource": "FREE_REALTIME", "regularMarketOpen": 3.58, "exchange": "BSE", "exchangeName": "BSE", "exchangeDataDelayedBy": 0, "marketState": "CLOSED", "quoteType": "EQUITY", "symbol": "ASHRAM.BO", "underlyingSymbol": null, "shortName": "ASHRAM ONLINE.COM LTD.", "longName": "Ashram Online.com Limited", "currency": "INR", "quoteSourceName": "Delayed Quote", "currencySymbol": "\u20b9", "fromCurrency": null, "lastMarket": null, "marketCap": 42960000}, "balanceSheetHistory": {"balanceSheetStatements": [{"maxAge": 1, "endDate": "2020-03-31", "cash": 721251, "shortTermInvestments": 5668565, "netReceivables": 100577555, "totalCurrentAssets": 106967371, "propertyPlantEquipment": 1945896, "totalAssets": 108913267, "accountsPayable": 2322811, "otherCurrentLiab": 3974272, "otherLiab": -1, "totalCurrentLiabilities": 6400083, "totalLiab": 6400082, "commonStock": 119509000, "retainedEarnings": -19120336, "treasuryStock": 2124521, "otherStockholderEquity": 2124521, "totalStockholderEquity": 102513185, "netTangibleAssets": 102513185}, {"maxAge": 1, "endDate": "2019-03-31", "cash": 4746576, "shortTermInvestments": 6268766, "netReceivables": 101987450, "totalCurrentAssets": 113002792, "propertyPlantEquipment": 413570, "totalAssets": 113416362, "accountsPayable": 7390837, "otherCurrentLiab": 1702867, "totalCurrentLiabilities": 9237204, "totalLiab": 9237204, "commonStock": 119509000, "retainedEarnings": -18054564, "treasuryStock": 2724722, "otherStockholderEquity": 2724722, "totalStockholderEquity": 104179158, "netTangibleAssets": 104179158}, {"maxAge": 1, "endDate": "2018-03-31", "cash": 2188006, "netReceivables": 10567963, "otherCurrentAssets": 2115657, "totalCurrentAssets": 14871626, "longTermInvestments": 3544044, "propertyPlantEquipment": 544991, "otherAssets": 85928761, "totalAssets": 104889422, "accountsPayable": 2474960, "otherCurrentLiab": 2119700, "totalCurrentLiabilities": 4673660, "totalLiab": 4673660, "commonStock": 119509000, "retainedEarnings": -19293238, "totalStockholderEquity": 100215762, "netTangibleAssets": 100215762}, {"maxAge": 1, "endDate": "2017-03-31", "cash": 875409, "netReceivables": 14920000, "otherCurrentAssets": 2029199, "totalCurrentAssets": 17824608, "longTermInvestments": 5049310, "otherAssets": 78355386, "totalAssets": 101229304, "accountsPayable": 1513780, "longTermDebt": 1175685, "otherLiab": 6673, "totalCurrentLiabilities": 1609780, "totalLiab": 2792138, "commonStock": 119509000, "retainedEarnings": -21071834, "totalStockholderEquity": 98437166, "netTangibleAssets": 98437166}], "maxAge": 86400}, "financialData": {"maxAge": 86400, "currentPrice": 3.58, "recommendationKey": "none", "grossProfits": 4595580, "financialCurrency": "INR"}}}