{"ASHSI.BO": {"cashflowStatementHistory": {"cashflowStatements": [{"maxAge": 1, "endDate": "2020-03-31", "netIncome": -36728000, "depreciation": 3560000, "changeToNetincome": 13040000, "changeToAccountReceivables": -3856000, "changeToLiabilities": 1495000, "changeToInventory": 54377000, "changeToOperatingActivities": 4672000, "totalCashFromOperatingActivities": 36560000, "capitalExpenditures": -4717000, "investments": 10585000, "otherCashflowsFromInvestingActivities": -21206000, "totalCashflowsFromInvestingActivities": -168665000, "netBorrowings": 19940000, "otherCashflowsFromFinancingActivities": -982000, "totalCashFromFinancingActivities": 18958000, "changeInCash": -113147000}, {"maxAge": 1, "endDate": "2019-03-31", "netIncome": 75242000, "depreciation": 4586000, "changeToNetincome": -111343000, "changeToAccountReceivables": 13475000, "changeToLiabilities": 0, "changeToInventory": -38455000, "changeToOperatingActivities": -30726000, "totalCashFromOperatingActivities": -87221000, "capitalExpenditures": -21588000, "investments": -23985000, "otherCashflowsFromInvestingActivities": 18534000, "totalCashflowsFromInvestingActivities": 171477000, "netBorrowings": 19940000, "otherCashflowsFromFinancingActivities": -250000, "totalCashFromFinancingActivities": -250000, "changeInCash": 84006000}, {"maxAge": 1, "endDate": "2018-03-31", "netIncome": 5180000, "depreciation": 6216000, "changeToNetincome": -20798000, "changeToAccountReceivables": -18472000, "changeToLiabilities": 0, "changeToInventory": -32075000, "changeToOperatingActivities": 28005000, "totalCashFromOperatingActivities": -31944000, "capitalExpenditures": -104000, "investments": -10603000, "otherCashflowsFromInvestingActivities": 15561000, "totalCashflowsFromInvestingActivities": -10643000, "netBorrowings": 19940000, "otherCashflowsFromFinancingActivities": -1115000, "totalCashFromFinancingActivities": -1115000, "changeInCash": -43702000}, {"maxAge": 1, "endDate": "2017-03-31", "netIncome": 7596000, "depreciation": 6289000, "changeToNetincome": -21403000, "changeToAccountReceivables": -18472000, "changeToLiabilities": 0, "changeToInventory": 8709000, "changeToOperatingActivities": -15799000, "totalCashFromOperatingActivities": -14608000, "capitalExpenditures": -1013000, "investments": -47985000, "otherCashflowsFromInvestingActivities": 19340000, "totalCashflowsFromInvestingActivities": 20129000, "netBorrowings": 19940000, "otherCashflowsFromFinancingActivities": -237000, "totalCashFromFinancingActivities": -237000, "changeInCash": 5284000}], "maxAge": 86400}, "institutionOwnership": {"ownershipList": [], "maxAge": 1}, "balanceSheetHistoryQuarterly": {"balanceSheetStatements": [{"maxAge": 1, "endDate": "2020-06-30", "totalStockholderEquity": 557595000, "netTangibleAssets": 557595000}, {"maxAge": 1, "endDate": "2020-03-31", "cash": 2877000, "netReceivables": 209813000, "inventory": 38721000, "otherCurrentAssets": 7776000, "totalCurrentAssets": 259187000, "longTermInvestments": 153718000, "propertyPlantEquipment": 49924000, "otherAssets": 124905000, "totalAssets": 587734000, "accountsPayable": 1495000, "otherCurrentLiab": 269000, "otherLiab": 1268000, "totalCurrentLiabilities": 28871000, "totalLiab": 30139000, "commonStock": 125000000, "retainedEarnings": 140251000, "capitalSurplus": 292344000, "totalStockholderEquity": 557595000, "netTangibleAssets": 557595000}, {"maxAge": 1, "endDate": "2019-12-31", "totalStockholderEquity": 604177000, "netTangibleAssets": 604177000}, {"maxAge": 1, "endDate": "2019-09-30", "cash": 926000, "netReceivables": 105270000, "inventory": 96101000, "otherCurrentAssets": 7108000, "totalCurrentAssets": 209405000, "longTermInvestments": 347887000, "propertyPlantEquipment": 51709000, "otherAssets": 14226000, "totalAssets": 623227000, "otherCurrentLiab": 1602000, "otherLiab": 5213000, "totalCurrentLiabilities": 13837000, "totalLiab": 19050000, "commonStock": 125000000, "treasuryStock": 479177000, "otherStockholderEquity": 479177000, "totalStockholderEquity": 604177000, "netTangibleAssets": 604177000}], "maxAge": 86400}, "indexTrend": {"maxAge": 1, "symbol": "SP5", "peRatio": 19.7411, "pegRatio": 1.34172, "estimates": [{"period": "0q", "growth": 0.549}, {"period": "+1q", "growth": 0.431}, {"period": "0y", "growth": 0.305}, {"period": "+1y", "growth": 0.109}, {"period": "+5y", "growth": 0.120859005}, {"period": "-5y"}]}, "insiderTransactions": {"transactions": [{"maxAge": 1, "shares": 59000, "filerUrl": "", "transactionText": "", "filerName": "Chhibbar (Sushma)", "filerRelation": "Promoter", "moneyText": "", "startDate": "2019-11-26", "ownership": "D"}, {"maxAge": 1, "shares": 476390, "filerUrl": "", "transactionText": "", "filerName": "Sohini Suppliers Pvt.Ltd.", "filerRelation": "Promoter", "moneyText": "", "startDate": "2019-11-26", "ownership": "D"}, {"maxAge": 1, "shares": 260000, "filerUrl": "", "transactionText": "", "filerName": "Meghdoot Vyapaar Pvt Ltd", "filerRelation": "Promoter", "moneyText": "", "startDate": "2018-12-03", "ownership": "D"}, {"maxAge": 1, "shares": 615472, "filerUrl": "", "transactionText": "", "filerName": "Sohini Suppliers Pvt.Ltd.", "filerRelation": "Promoter", "moneyText": "", "startDate": "2017-02-16", "ownership": "D"}, {"maxAge": 1, "shares": 618500, "filerUrl": "", "transactionText": "", "filerName": "Sohini Suppliers Pvt.Ltd.", "filerRelation": "Institution- Corporation", "moneyText": "", "startDate": "2016-03-22", "ownership": "D"}, {"maxAge": 1, "shares": 109288, "filerUrl": "", "transactionText": "", "filerName": "Chhibbar Business & Fiscals Pvt Ltd", "filerRelation": "Promoter", "moneyText": "", "startDate": "2015-03-18", "ownership": "D"}, {"maxAge": 1, "shares": 257990, "filerUrl": "", "transactionText": "", "filerName": "Doyang Wood Products Ltd", "filerRelation": "Promoter", "moneyText": "", "startDate": "2015-02-12", "ownership": "D"}], "maxAge": 1}, "quoteType": {"exchange": "BSE", "quoteType": "EQUITY", "symbol": "ASHSI.BO", "underlyingSymbol": "ASHSI.BO", "shortName": "ASHIRWAD STEELS & INDUSTRIES L", "longName": "Ashirwad Steels & Industries Limited", "firstTradeDateEpochUtc": "2002-06-10 09:15:00", "timeZoneFullName": "Asia/Kolkata", "timeZoneShortName": "IST", "uuid": "dc76f042-cff4-3e5e-8823-e7f8a99ddd17", "gmtOffSetMilliseconds": 19800000, "maxAge": 1}, "incomeStatementHistory": {"incomeStatementHistory": [{"maxAge": 1, "endDate": "2020-03-31", "totalRevenue": 81811000, "costOfRevenue": 83511000, "grossProfit": -1700000, "researchDevelopment": {}, "sellingGeneralAdministrative": 6230000, "nonRecurring": {}, "otherOperatingExpenses": 52731000, "totalOperatingExpenses": 145982000, "operatingIncome": -64171000, "totalOtherIncomeExpenseNet": 28872000, "ebit": -64171000, "interestExpense": -982000, "incomeBeforeTax": -35299000, "incomeTaxExpense": 1429000, "minorityInterest": {}, "netIncomeFromContinuingOps": -36728000, "discontinuedOperations": {}, "extraordinaryItems": {}, "effectOfAccountingCharges": {}, "otherItems": {}, "netIncome": -36728000, "netIncomeApplicableToCommonShares": -36728000}, {"maxAge": 1, "endDate": "2019-03-31", "totalRevenue": 27647000, "costOfRevenue": 22514000, "grossProfit": 5133000, "researchDevelopment": {}, "sellingGeneralAdministrative": 6666000, "nonRecurring": {}, "otherOperatingExpenses": 44789000, "totalOperatingExpenses": 78505000, "operatingIncome": -50858000, "totalOtherIncomeExpenseNet": 147006000, "ebit": -50858000, "interestExpense": -250000, "incomeBeforeTax": 96148000, "incomeTaxExpense": 20906000, "minorityInterest": {}, "netIncomeFromContinuingOps": 75242000, "discontinuedOperations": {}, "extraordinaryItems": {}, "effectOfAccountingCharges": {}, "otherItems": {}, "netIncome": 75242000, "netIncomeApplicableToCommonShares": 75242000}, {"maxAge": 1, "endDate": "2018-03-31", "totalRevenue": 222671000, "costOfRevenue": 202945000, "grossProfit": 19726000, "researchDevelopment": {}, "sellingGeneralAdministrative": 7757953, "nonRecurring": {}, "otherOperatingExpenses": 18096000, "totalOperatingExpenses": 234965000, "operatingIncome": -12294000, "totalOtherIncomeExpenseNet": 16155000, "ebit": -12294000, "interestExpense": -1115000, "incomeBeforeTax": 3861000, "incomeTaxExpense": -1319000, "minorityInterest": {}, "netIncomeFromContinuingOps": 5180000, "discontinuedOperations": {}, "extraordinaryItems": {}, "effectOfAccountingCharges": {}, "otherItems": {}, "netIncome": 5180000, "netIncomeApplicableToCommonShares": 5180000}, {"maxAge": 1, "endDate": "2017-03-31", "totalRevenue": 18513000, "costOfRevenue": 11448000, "grossProfit": 7065000, "researchDevelopment": {}, "sellingGeneralAdministrative": 6167953, "nonRecurring": {}, "otherOperatingExpenses": 7765000, "totalOperatingExpenses": 31620000, "operatingIncome": -13107000, "totalOtherIncomeExpenseNet": 21289000, "ebit": -13107000, "interestExpense": -237000, "incomeBeforeTax": 8182000, "incomeTaxExpense": 586000, "minorityInterest": {}, "netIncomeFromContinuingOps": 7596000, "discontinuedOperations": {}, "extraordinaryItems": {}, "effectOfAccountingCharges": {}, "otherItems": {}, "netIncome": 7596000, "netIncomeApplicableToCommonShares": 7596000}], "maxAge": 86400}, "fundOwnership": {"ownershipList": [], "maxAge": 1}, "summaryDetail": {"maxAge": 1, "priceHint": 2, "previousClose": 14.34, "open": 14.34, "dayLow": 14.0, "dayHigh": 15.77, "regularMarketPreviousClose": 14.34, "regularMarketOpen": 14.34, "regularMarketDayLow": 14.0, "regularMarketDayHigh": 15.77, "volume": 4635, "regularMarketVolume": 4635, "averageVolume": 1423, "averageVolume10days": 1246, "averageDailyVolume10Day": 1246, "bid": 14.99, "ask": 15.0, "bidSize": 0, "askSize": 0, "marketCap": 187374992, "fiftyTwoWeekLow": 6.78, "fiftyTwoWeekHigh": 15.77, "fiftyDayAverage": 13.599697, "twoHundredDayAverage": 9.647353, "currency": "INR", "fromCurrency": null, "lastMarket": null, "algorithm": null, "tradeable": false}, "incomeStatementHistoryQuarterly": {"incomeStatementHistory": [{"maxAge": 1, "endDate": "2020-06-30", "totalRevenue": 8104000, "costOfRevenue": 5520000, "grossProfit": 2584000, "researchDevelopment": {}, "sellingGeneralAdministrative": 928000, "nonRecurring": {}, "otherOperatingExpenses": 6844000, "totalOperatingExpenses": 14194000, "operatingIncome": -6090000, "totalOtherIncomeExpenseNet": 12136000, "ebit": -6090000, "interestExpense": -75000, "incomeBeforeTax": 6046000, "incomeTaxExpense": 2336000, "minorityInterest": {}, "netIncomeFromContinuingOps": 3710000, "discontinuedOperations": {}, "extraordinaryItems": {}, "effectOfAccountingCharges": {}, "otherItems": {}, "netIncome": 3710000, "netIncomeApplicableToCommonShares": 3710000}, {"maxAge": 1, "endDate": "2020-03-31", "totalRevenue": 63255600, "costOfRevenue": 71675600, "grossProfit": -8420000, "researchDevelopment": {}, "sellingGeneralAdministrative": 2154500, "nonRecurring": {}, "otherOperatingExpenses": 43542900, "totalOperatingExpenses": 118182000, "operatingIncome": -54926400, "totalOtherIncomeExpenseNet": 11575400, "ebit": -54926400, "interestExpense": -435600, "incomeBeforeTax": -43351000, "incomeTaxExpense": -1429000, "minorityInterest": {}, "netIncomeFromContinuingOps": -41922000, "discontinuedOperations": {}, "extraordinaryItems": {}, "effectOfAccountingCharges": {}, "otherItems": {}, "netIncome": -41922000, "netIncomeApplicableToCommonShares": -41922000}, {"maxAge": 1, "endDate": "2019-12-31", "totalRevenue": 2422000, "costOfRevenue": 0, "grossProfit": 2422000, "researchDevelopment": {}, "sellingGeneralAdministrative": 1376000, "nonRecurring": {}, "otherOperatingExpenses": 1857000, "totalOperatingExpenses": 4172000, "operatingIncome": -1750000, "totalOtherIncomeExpenseNet": 6782000, "ebit": -1750000, "interestExpense": -500000, "incomeBeforeTax": 5032000, "incomeTaxExpense": 2176000, "minorityInterest": {}, "netIncomeFromContinuingOps": 2856000, "discontinuedOperations": {}, "extraordinaryItems": {}, "effectOfAccountingCharges": {}, "otherItems": {}, "netIncome": 2856000, "netIncomeApplicableToCommonShares": 2856000}, {"maxAge": 1, "endDate": "2019-09-30", "totalRevenue": 2670000, "costOfRevenue": 641000, "grossProfit": 2029000, "researchDevelopment": {}, "sellingGeneralAdministrative": 1363000, "nonRecurring": {}, "otherOperatingExpenses": 1656000, "totalOperatingExpenses": 4529000, "operatingIncome": -1859000, "totalOtherIncomeExpenseNet": 6829000, "ebit": -1859000, "interestExpense": -22000, "incomeBeforeTax": 4970000, "incomeTaxExpense": 1242000, "minorityInterest": {}, "netIncomeFromContinuingOps": 3728000, "discontinuedOperations": {}, "extraordinaryItems": {}, "effectOfAccountingCharges": {}, "otherItems": {}, "netIncome": 3728000, "netIncomeApplicableToCommonShares": 3728000}], "maxAge": 86400}, "cashflowStatementHistoryQuarterly": {"cashflowStatements": [{"maxAge": 1, "endDate": "2020-06-30", "netIncome": 3710000, "changeToLiabilities": 0}, {"maxAge": 1, "endDate": "2020-03-31", "netIncome": -41922000, "changeToLiabilities": 0}, {"maxAge": 1, "endDate": "2019-12-31", "netIncome": 2856000, "changeToLiabilities": 0}, {"maxAge": 1, "endDate": "2019-09-30", "netIncome": 3728000, "changeToLiabilities": 0}], "maxAge": 86400}, "insiderHolders": {"holders": [{"maxAge": 1, "name": "Chhibbar (Sushma)", "relation": "Promoter", "url": "", "transactionDescription": "Purchase", "latestTransDate": "2019-11-26", "positionDirect": 112000, "positionDirectDate": "2019-11-26"}, {"maxAge": 1, "name": "Chhibbar Business & Fiscals Pvt Ltd", "relation": "Promoter", "url": "", "transactionDescription": "Acquisition", "latestTransDate": "2015-03-18", "positionDirect": 2267633, "positionDirectDate": "2015-03-18"}, {"maxAge": 1, "name": "Doyang Wood Products Ltd", "relation": "Promoter", "url": "", "transactionDescription": "Acquisition", "latestTransDate": "2015-02-12", "positionDirect": 700556, "positionDirectDate": "2015-02-12"}, {"maxAge": 1, "name": "Meghdoot Vyapaar Pvt Ltd", "relation": "Promoter", "url": "", "transactionDescription": "Purchase", "latestTransDate": "2018-12-03", "positionDirect": 870000, "positionDirectDate": "2018-12-03"}, {"maxAge": 1, "name": "Sohini Suppliers Pvt.Ltd.", "relation": "Promoter", "url": "", "transactionDescription": "Purchase", "latestTransDate": "2019-11-26", "positionDirect": 1710362, "positionDirectDate": "2019-11-26"}], "maxAge": 1}, "calendarEvents": {"maxAge": 1, "earnings": {"earningsDate": ["2020-08-13 05:30:S"]}}, "upgradeDowngradeHistory": {"history": [], "maxAge": 86400}, "price": {"maxAge": 1, "regularMarketChangePercent": 0.045327727, "regularMarketChange": 0.6499996, "regularMarketTime": "2021-04-30 15:28:36", "priceHint": 2, "regularMarketPrice": 14.99, "regularMarketDayHigh": 15.77, "regularMarketDayLow": 14.0, "regularMarketVolume": 4635, "averageDailyVolume10Day": 1246, "averageDailyVolume3Month": 1423, "regularMarketPreviousClose": 14.34, "regularMarketSource": "FREE_REALTIME", "regularMarketOpen": 14.34, "exchange": "BSE", "exchangeName": "BSE", "exchangeDataDelayedBy": 0, "marketState": "CLOSED", "quoteType": "EQUITY", "symbol": "ASHSI.BO", "underlyingSymbol": null, "shortName": "ASHIRWAD STEELS & INDUSTRIES L", "longName": "Ashirwad Steels & Industries Limited", "currency": "INR", "quoteSourceName": "Delayed Quote", "currencySymbol": "\u20b9", "fromCurrency": null, "lastMarket": null, "marketCap": 187374992}, "balanceSheetHistory": {"balanceSheetStatements": [{"maxAge": 1, "endDate": "2020-03-31", "cash": 2877000, "netReceivables": 209813000, "inventory": 38721000, "otherCurrentAssets": 7776000, "totalCurrentAssets": 259187000, "longTermInvestments": 153718000, "propertyPlantEquipment": 49924000, "otherAssets": 124905000, "totalAssets": 587734000, "accountsPayable": 1495000, "otherCurrentLiab": 269000, "otherLiab": 1268000, "totalCurrentLiabilities": 28871000, "totalLiab": 30139000, "commonStock": 125000000, "retainedEarnings": 140251000, "capitalSurplus": 292344000, "totalStockholderEquity": 557595000, "netTangibleAssets": 557595000}, {"maxAge": 1, "endDate": "2019-03-31", "cash": 4121000, "netReceivables": 74983000, "inventory": 93098000, "otherCurrentAssets": 20234000, "totalCurrentAssets": 192436000, "longTermInvestments": 230629000, "propertyPlantEquipment": 48767000, "otherAssets": 144693000, "totalAssets": 616525000, "otherCurrentLiab": 1083000, "otherLiab": 6905000, "totalCurrentLiabilities": 3294000, "totalLiab": 10199000, "commonStock": 125000000, "retainedEarnings": 188982000, "treasuryStock": 481326000, "capitalSurplus": 292344000, "otherStockholderEquity": 481326000, "totalStockholderEquity": 606326000, "netTangibleAssets": 606326000}, {"maxAge": 1, "endDate": "2018-03-31", "cash": 34692000, "netReceivables": 68344000, "inventory": 54642000, "otherCurrentAssets": 5150000, "totalCurrentAssets": 162828000, "longTermInvestments": 215250000, "propertyPlantEquipment": 73996000, "otherAssets": 103893000, "totalAssets": 555967000, "otherCurrentLiab": 6859000, "otherLiab": 9348000, "totalCurrentLiabilities": 19805000, "totalLiab": 29153000, "commonStock": 125000000, "retainedEarnings": 109470000, "capitalSurplus": 292344000, "totalStockholderEquity": 526814000, "netTangibleAssets": 526814000}, {"maxAge": 1, "endDate": "2017-03-31", "cash": 42830000, "netReceivables": 50091000, "inventory": 22567000, "otherCurrentAssets": 26677000, "totalCurrentAssets": 142165000, "longTermInvestments": 110647000, "propertyPlantEquipment": 82372000, "otherAssets": 202441000, "totalAssets": 537625000, "otherCurrentLiab": 2616000, "otherLiab": 12894000, "totalCurrentLiabilities": 2616000, "totalLiab": 15510000, "commonStock": 125000000, "retainedEarnings": 104771000, "capitalSurplus": 292344000, "totalStockholderEquity": 522115000, "netTangibleAssets": 522115000}], "maxAge": 86400}, "financialData": {"maxAge": 86400, "currentPrice": 14.99, "recommendationKey": "none", "grossProfits": -1700000, "financialCurrency": "INR"}}}