{"ASIANHOTNR.BO": {"recommendationTrend": {"trend": [{"period": "0m", "strongBuy": 0, "buy": 0, "hold": 0, "sell": 0, "strongSell": 0}, {"period": "-1m", "strongBuy": 0, "buy": 0, "hold": 0, "sell": 0, "strongSell": 0}, {"period": "-2m", "strongBuy": 0, "buy": 0, "hold": 0, "sell": 0, "strongSell": 0}, {"period": "-3m", "strongBuy": 0, "buy": 0, "hold": 0, "sell": 0, "strongSell": 0}], "maxAge": 86400}, "cashflowStatementHistory": {"cashflowStatements": [{"maxAge": 1, "endDate": "2020-03-31", "netIncome": -590844000, "changeToLiabilities": 0}, {"maxAge": 1, "endDate": "2019-03-31", "netIncome": -356573000, "depreciation": 196842000, "changeToNetincome": 1067106000, "changeToAccountReceivables": -141546000, "changeToLiabilities": 280384000, "changeToInventory": 3450000, "totalCashFromOperatingActivities": 1049663000, "capitalExpenditures": -370327000, "investments": 32800000, "otherCashflowsFromInvestingActivities": 14277000, "totalCashflowsFromInvestingActivities": -256950000, "netBorrowings": 296661000, "otherCashflowsFromFinancingActivities": -1124532000, "totalCashFromFinancingActivities": -827871000, "changeInCash": -35156000}, {"maxAge": 1, "endDate": "2018-03-31", "netIncome": -37110000, "depreciation": 199607000, "changeToNetincome": 664708000, "changeToAccountReceivables": -109826000, "changeToLiabilities": 391786000, "changeToInventory": -21240000, "totalCashFromOperatingActivities": 1087925000, "capitalExpenditures": -483241000, "investments": -9249000, "otherCashflowsFromInvestingActivities": 51307000, "totalCashflowsFromInvestingActivities": 53566000, "netBorrowings": -160302000, "otherCashflowsFromFinancingActivities": -1009897000, "totalCashFromFinancingActivities": -1170199000, "changeInCash": -28710000}, {"maxAge": 1, "endDate": "2017-03-31", "netIncome": -158535000, "depreciation": 216504000, "changeToNetincome": 788169000, "changeToAccountReceivables": -2034000, "changeToLiabilities": 25917000, "changeToInventory": -15090000, "totalCashFromOperatingActivities": 854931000, "capitalExpenditures": -470372000, "investments": 43700000, "otherCashflowsFromInvestingActivities": 12292000, "totalCashflowsFromInvestingActivities": -139782000, "netBorrowings": 306673000, "otherCashflowsFromFinancingActivities": -1009388000, "totalCashFromFinancingActivities": -702715000, "changeInCash": 12435000}], "maxAge": 86400}, "institutionOwnership": {"maxAge": 1, "ownershipList": []}, "balanceSheetHistoryQuarterly": {"balanceSheetStatements": [{"maxAge": 1, "endDate": "2020-06-30", "totalStockholderEquity": 6303635000, "netTangibleAssets": 1289215000}, {"maxAge": 1, "endDate": "2020-03-31", "cash": 20269000, "shortTermInvestments": 367802000, "netReceivables": 128387000, "inventory": 103284000, "otherCurrentAssets": 48506000, "totalCurrentAssets": 668248000, "longTermInvestments": 64490000, "propertyPlantEquipment": 15040556000, "goodWill": 5014420000, "otherAssets": 542242000, "deferredLongTermAssetCharges": 385737000, "totalAssets": 21329956000, "accountsPayable": 833831000, "shortLongTermDebt": 2515955000, "otherCurrentLiab": 1322133000, "longTermDebt": 9602617000, "otherLiab": 445778000, "minorityInterest": 274739000, "totalCurrentLiabilities": 4703187000, "totalLiab": 14751582000, "commonStock": 194532000, "treasuryStock": 6109103000, "otherStockholderEquity": 6109103000, "totalStockholderEquity": 6303635000, "netTangibleAssets": 1289215000}, {"maxAge": 1, "endDate": "2019-12-31", "totalStockholderEquity": 6778031000, "netTangibleAssets": 1767282000}, {"maxAge": 1, "endDate": "2019-09-30", "cash": 10994000, "shortTermInvestments": 419520000, "netReceivables": 134417000, "inventory": 112627000, "otherCurrentAssets": 66511000, "totalCurrentAssets": 744069000, "longTermInvestments": 58338000, "propertyPlantEquipment": 15064089000, "goodWill": 5010749000, "otherAssets": 509274000, "deferredLongTermAssetCharges": 368984000, "totalAssets": 21386519000, "accountsPayable": 691260000, "shortLongTermDebt": 2165391000, "otherCurrentLiab": 1354702000, "longTermDebt": 9667077000, "otherLiab": 444565000, "minorityInterest": 258261000, "totalCurrentLiabilities": 4238585000, "totalLiab": 14350227000, "commonStock": 194532000, "treasuryStock": 6583499000, "otherStockholderEquity": 6583499000, "totalStockholderEquity": 6778031000, "netTangibleAssets": 1767282000}], "maxAge": 86400}, "earningsHistory": {"history": [{"maxAge": 1, "epsActual": {}, "epsEstimate": {}, "epsDifference": {}, "surprisePercent": {}, "quarter": {}, "period": "-4q"}, {"maxAge": 1, "epsActual": {}, "epsEstimate": {}, "epsDifference": {}, "surprisePercent": {}, "quarter": {}, "period": "-3q"}, {"maxAge": 1, "epsActual": {}, "epsEstimate": {}, "epsDifference": {}, "surprisePercent": {}, "quarter": {}, "period": "-2q"}, {"maxAge": 1, "epsActual": {}, "epsEstimate": {}, "epsDifference": {}, "surprisePercent": {}, "quarter": {}, "period": "-1q"}], "maxAge": 86400}, "indexTrend": {"maxAge": 1, "symbol": "SP5", "peRatio": 19.7411, "pegRatio": 1.34172, "estimates": [{"period": "0q", "growth": 0.549}, {"period": "+1q", "growth": 0.431}, {"period": "0y", "growth": 0.305}, {"period": "+1y", "growth": 0.109}, {"period": "+5y", "growth": 0.120865}, {"period": "-5y"}]}, "industryTrend": {"maxAge": 1, "symbol": null, "estimates": []}, "insiderTransactions": {"transactions": [{"maxAge": 1, "shares": 277500, "filerUrl": "", "transactionText": "", "filerName": "Asian Holdings Pvt. Ltd.", "filerRelation": "Promoter", "moneyText": "", "startDate": "2015-09-23", "ownership": "D"}, {"maxAge": 1, "shares": 740000, "filerUrl": "", "transactionText": "", "filerName": "Asian Holdings Pvt. Ltd.", "filerRelation": "Promoter", "moneyText": "", "startDate": "2015-07-15", "ownership": "D"}, {"maxAge": 1, "shares": 565000, "filerUrl": "", "transactionText": "", "filerName": "Jatia (Shiv Kumar)", "filerRelation": "Executive Chairman", "moneyText": "", "startDate": "2014-06-17", "ownership": "D"}, {"maxAge": 1, "shares": 360000, "filerUrl": "", "transactionText": "", "filerName": "Jatia (Shiv Kumar)", "filerRelation": "Executive Chairman", "moneyText": "", "startDate": "2014-06-04", "ownership": "D"}, {"maxAge": 1, "shares": 925000, "filerUrl": "", "transactionText": "", "filerName": "Jatia (Shiv Kumar)", "filerRelation": "Executive Chairman", "moneyText": "", "startDate": "2014-05-09", "ownership": "D"}, {"maxAge": 1, "shares": 17681, "filerUrl": "", "transactionText": "", "filerName": "Jatia (Shiv Kumar)", "filerRelation": "Executive Chairman", "moneyText": "", "startDate": "2011-03-18", "ownership": "D"}, {"maxAge": 1, "shares": 65741, "filerUrl": "", "transactionText": "", "filerName": "Whitepin Tie Up, Ltd.", "filerRelation": "Institution- Corporation", "moneyText": "", "startDate": "2010-12-29", "ownership": "D"}, {"maxAge": 1, "shares": 400000, "filerUrl": "", "transactionText": "", "filerName": "Whitepin Tie Up, Ltd.", "filerRelation": "Institution- Corporation", "moneyText": "", "startDate": "2010-12-28", "ownership": "D"}, {"maxAge": 1, "shares": 7360645, "filerUrl": "", "transactionText": "", "filerName": "Fine Line Holdings Ltd", "filerRelation": "Institution- Corporation", "moneyText": "", "startDate": "2010-12-26", "ownership": "D"}, {"maxAge": 1, "shares": 133800, "filerUrl": "", "transactionText": "", "filerName": "Gupta (Sushil Kumar)", "filerRelation": "Managing Director", "moneyText": "", "startDate": "2009-10-12", "ownership": "D"}, {"maxAge": 1, "shares": 139460, "filerUrl": "", "transactionText": "", "filerName": "Gupta (Sushil Kumar)", "filerRelation": "Managing Director", "moneyText": "", "startDate": "2009-10-07", "ownership": "D"}], "maxAge": 1}, "quoteType": {"exchange": "BSE", "quoteType": "EQUITY", "symbol": "ASIANHOTNR.BO", "underlyingSymbol": "ASIANHOTNR.BO", "shortName": "ASIAN HOTELS (NORTH) LIMITED", "longName": "Asian Hotels (North) Limited", "firstTradeDateEpochUtc": "2000-01-03 09:15:00", "timeZoneFullName": "Asia/Kolkata", "timeZoneShortName": "IST", "uuid": "dffa9101-49da-3800-afe8-c2a98dee8f09", "messageBoardId": null, "gmtOffSetMilliseconds": 19800000, "maxAge": 1}, "incomeStatementHistory": {"incomeStatementHistory": [{"maxAge": 1, "endDate": "2020-03-31", "totalRevenue": 2523939000, "costOfRevenue": 1059038000, "grossProfit": 1464901000, "researchDevelopment": {}, "sellingGeneralAdministrative": {}, "nonRecurring": {}, "otherOperatingExpenses": 920174000, "totalOperatingExpenses": 2158536000, "operatingIncome": 365403000, "totalOtherIncomeExpenseNet": -1120968000, "ebit": 365403000, "interestExpense": -1130661000, "incomeBeforeTax": -755565000, "incomeTaxExpense": -108200000, "minorityInterest": 274739000, "netIncomeFromContinuingOps": -647365000, "discontinuedOperations": {}, "extraordinaryItems": {}, "effectOfAccountingCharges": {}, "otherItems": {}, "netIncome": -590844000, "netIncomeApplicableToCommonShares": -590844000}, {"maxAge": 1, "endDate": "2019-03-31", "totalRevenue": 2735228000, "costOfRevenue": 1134512000, "grossProfit": 1600716000, "researchDevelopment": {}, "sellingGeneralAdministrative": 100699000, "nonRecurring": {}, "otherOperatingExpenses": 667915000, "totalOperatingExpenses": 2095728000, "operatingIncome": 639500000, "totalOtherIncomeExpenseNet": -1123198000, "ebit": 639500000, "interestExpense": -930528000, "incomeBeforeTax": -483698000, "incomeTaxExpense": -93015000, "minorityInterest": 254039000, "netIncomeFromContinuingOps": -390683000, "discontinuedOperations": {}, "extraordinaryItems": {}, "effectOfAccountingCharges": {}, "otherItems": {}, "netIncome": -356573000, "netIncomeApplicableToCommonShares": -356573000}, {"maxAge": 1, "endDate": "2018-03-31", "totalRevenue": 2743440000, "costOfRevenue": 1096603000, "grossProfit": 1646837000, "researchDevelopment": {}, "sellingGeneralAdministrative": 92083000, "nonRecurring": {}, "otherOperatingExpenses": 707300000, "totalOperatingExpenses": 2095593000, "operatingIncome": 647847000, "totalOtherIncomeExpenseNet": -691788000, "ebit": 647847000, "interestExpense": -880766000, "incomeBeforeTax": -43941000, "incomeTaxExpense": -3281000, "minorityInterest": 242002000, "netIncomeFromContinuingOps": -40660000, "discontinuedOperations": {}, "extraordinaryItems": {}, "effectOfAccountingCharges": {}, "otherItems": {}, "netIncome": -37110000, "netIncomeApplicableToCommonShares": -37110000}, {"maxAge": 1, "endDate": "2017-03-31", "totalRevenue": 2505345000, "costOfRevenue": 980611000, "grossProfit": 1524734000, "researchDevelopment": {}, "sellingGeneralAdministrative": 69425000, "nonRecurring": {}, "otherOperatingExpenses": 589930000, "totalOperatingExpenses": 1852129000, "operatingIncome": 653216000, "totalOtherIncomeExpenseNet": -932872000, "ebit": 653216000, "interestExpense": -923082000, "incomeBeforeTax": -279656000, "incomeTaxExpense": -117847000, "minorityInterest": 244380000, "netIncomeFromContinuingOps": -161809000, "discontinuedOperations": {}, "extraordinaryItems": {}, "effectOfAccountingCharges": {}, "otherItems": {}, "netIncome": -158535000, "netIncomeApplicableToCommonShares": -158535000}], "maxAge": 86400}, "fundOwnership": {"maxAge": 1, "ownershipList": []}, "summaryDetail": {"maxAge": 1, "priceHint": 2, "previousClose": 72.5, "open": 63.0, "dayLow": 63.0, "dayHigh": 69.9, "regularMarketPreviousClose": 72.5, "regularMarketOpen": 63.0, "regularMarketDayLow": 63.0, "regularMarketDayHigh": 69.9, "volume": 3831, "regularMarketVolume": 3831, "averageVolume": 2709, "averageVolume10days": 2538, "averageDailyVolume10Day": 2538, "bid": 65.1, "ask": 68.85, "bidSize": 0, "askSize": 0, "marketCap": 1317954304, "fiftyTwoWeekLow": 44.25, "fiftyTwoWeekHigh": 81.9, "fiftyDayAverage": 71.77286, "twoHundredDayAverage": 62.801826, "currency": "INR", "fromCurrency": null, "toCurrency": null, "lastMarket": null, "algorithm": null, "tradeable": false}, "sectorTrend": {"maxAge": 1, "symbol": null, "estimates": []}, "incomeStatementHistoryQuarterly": {"incomeStatementHistory": [{"maxAge": 1, "endDate": "2020-06-30", "totalRevenue": 80673000, "costOfRevenue": 106530000, "grossProfit": -25857000, "researchDevelopment": {}, "sellingGeneralAdministrative": {}, "nonRecurring": {}, "otherOperatingExpenses": 79894000, "totalOperatingExpenses": 228999000, "operatingIncome": -148326000, "totalOtherIncomeExpenseNet": -244839000, "ebit": -148326000, "interestExpense": -243202000, "incomeBeforeTax": -393165000, "incomeTaxExpense": -101750000, "minorityInterest": {}, "netIncomeFromContinuingOps": -291415000, "discontinuedOperations": {}, "extraordinaryItems": {}, "effectOfAccountingCharges": {}, "otherItems": {}, "netIncome": -265972000, "netIncomeApplicableToCommonShares": -265972000}, {"maxAge": 1, "endDate": "2020-03-31", "totalRevenue": 552361000, "costOfRevenue": 242478000, "grossProfit": 309883000, "researchDevelopment": {}, "sellingGeneralAdministrative": {}, "nonRecurring": {}, "otherOperatingExpenses": 235590000, "totalOperatingExpenses": 521524000, "operatingIncome": 30837000, "totalOtherIncomeExpenseNet": -322962000, "ebit": 30837000, "interestExpense": -313674000, "incomeBeforeTax": -292125000, "incomeTaxExpense": 10410000, "minorityInterest": 274739000, "netIncomeFromContinuingOps": -302535000, "discontinuedOperations": {}, "extraordinaryItems": {}, "effectOfAccountingCharges": {}, "otherItems": {}, "netIncome": -276121000, "netIncomeApplicableToCommonShares": -276121000}, {"maxAge": 1, "endDate": "2019-12-31", "totalRevenue": 751747000, "costOfRevenue": 300857000, "grossProfit": 450890000, "researchDevelopment": {}, "sellingGeneralAdministrative": {}, "nonRecurring": {}, "otherOperatingExpenses": 248678000, "totalOperatingExpenses": 594460000, "operatingIncome": 157287000, "totalOtherIncomeExpenseNet": -273957000, "ebit": 157287000, "interestExpense": -272624000, "incomeBeforeTax": -116670000, "incomeTaxExpense": -27163000, "minorityInterest": 274739000, "netIncomeFromContinuingOps": -89507000, "discontinuedOperations": {}, "extraordinaryItems": {}, "effectOfAccountingCharges": {}, "otherItems": {}, "netIncome": -88737000, "netIncomeApplicableToCommonShares": -88737000}, {"maxAge": 1, "endDate": "2019-09-30", "totalRevenue": 658598000, "costOfRevenue": 264805000, "grossProfit": 393793000, "researchDevelopment": {}, "sellingGeneralAdministrative": {}, "nonRecurring": {}, "otherOperatingExpenses": 227474000, "totalOperatingExpenses": 540008000, "operatingIncome": 118590000, "totalOtherIncomeExpenseNet": -291827000, "ebit": 118590000, "interestExpense": -273940000, "incomeBeforeTax": -173237000, "incomeTaxExpense": -71214000, "minorityInterest": 258261000, "netIncomeFromContinuingOps": -102023000, "discontinuedOperations": {}, "extraordinaryItems": {}, "effectOfAccountingCharges": {}, "otherItems": {}, "netIncome": -113834000, "netIncomeApplicableToCommonShares": -113834000}], "maxAge": 86400}, "cashflowStatementHistoryQuarterly": {"cashflowStatements": [{"maxAge": 1, "endDate": "2020-06-30", "netIncome": -265972000, "changeToLiabilities": 0}, {"maxAge": 1, "endDate": "2020-03-31", "netIncome": -276121000, "changeToLiabilities": 0}, {"maxAge": 1, "endDate": "2019-12-31", "netIncome": -88737000, "changeToLiabilities": 0}, {"maxAge": 1, "endDate": "2019-09-30", "netIncome": -113834000, "changeToLiabilities": 0}], "maxAge": 86400}, "insiderHolders": {"holders": [{"maxAge": 1, "name": "Asian Holdings Pvt. Ltd.", "relation": "Promoter", "url": "", "transactionDescription": "Purchase", "latestTransDate": "2015-09-23", "positionDirect": 1602664, "positionDirectDate": "2015-09-23"}, {"maxAge": 1, "name": "Fine Line Holdings Ltd", "relation": "Institution- Corporation", "url": "", "transactionDescription": "Acquisition", "latestTransDate": "2010-12-26", "positionDirect": 7360645, "positionDirectDate": "2010-12-26"}, {"maxAge": 1, "name": "Gupta (Sushil Kumar)", "relation": "Managing Director", "url": "", "transactionDescription": "Acquisition", "latestTransDate": "2009-10-12", "positionDirect": 455440, "positionDirectDate": "2009-10-12"}, {"maxAge": 1, "name": "Jatia (Shiv Kumar)", "relation": "Executive Chairman", "url": "", "transactionDescription": "Purchase", "latestTransDate": "2014-06-17", "positionDirect": 2668027, "positionDirectDate": "2014-06-17"}, {"maxAge": 1, "name": "Whitepin Tie Up, Ltd.", "relation": "Institution- Corporation", "url": "", "transactionDescription": "Sale", "latestTransDate": "2010-12-29", "positionDirect": 0, "positionDirectDate": "2010-12-29"}], "maxAge": 1}, "earnings": {"maxAge": 86400, "earningsChart": {"quarterly": [], "earningsDate": []}, "financialsChart": {"yearly": [{"date": 2017, "revenue": 2505345000, "earnings": -158535000}, {"date": 2018, "revenue": 2743440000, "earnings": -37110000}, {"date": 2019, "revenue": 2735228000, "earnings": -356573000}, {"date": 2020, "revenue": 2523939000, "earnings": -590844000}], "quarterly": [{"date": "3Q2019", "revenue": 658598000, "earnings": -113834000}, {"date": "4Q2019", "revenue": 751747000, "earnings": -88737000}, {"date": "1Q2020", "revenue": 552361000, "earnings": -276121000}, {"date": "2Q2020", "revenue": 80673000, "earnings": -265972000}]}, "financialCurrency": "INR"}, "calendarEvents": {"maxAge": 1, "earnings": {"earningsDate": []}}, "price": {"maxAge": 1, "regularMarketChangePercent": -0.06551724, "regularMarketChange": -4.75, "regularMarketTime": "2021-04-30 15:22:21", "priceHint": 2, "regularMarketPrice": 67.75, "regularMarketDayHigh": 69.9, "regularMarketDayLow": 63.0, "regularMarketVolume": 3831, "averageDailyVolume10Day": 2538, "averageDailyVolume3Month": 2709, "regularMarketPreviousClose": 72.5, "regularMarketSource": "FREE_REALTIME", "regularMarketOpen": 63.0, "exchange": "BSE", "exchangeName": "BSE", "exchangeDataDelayedBy": 0, "marketState": "CLOSED", "quoteType": "EQUITY", "symbol": "ASIANHOTNR.BO", "underlyingSymbol": null, "shortName": "ASIAN HOTELS (NORTH) LIMITED", "longName": "Asian Hotels (North) Limited", "currency": "INR", "quoteSourceName": "Delayed Quote", "currencySymbol": "\u20b9", "fromCurrency": null, "toCurrency": null, "lastMarket": null, "marketCap": 1317954304}, "balanceSheetHistory": {"balanceSheetStatements": [{"maxAge": 1, "endDate": "2020-03-31", "cash": 20269000, "shortTermInvestments": 367802000, "netReceivables": 128387000, "inventory": 103284000, "otherCurrentAssets": 48506000, "totalCurrentAssets": 668248000, "longTermInvestments": 64490000, "propertyPlantEquipment": 15040556000, "goodWill": 5014420000, "otherAssets": 542242000, "deferredLongTermAssetCharges": 385737000, "totalAssets": 21329956000, "accountsPayable": 833831000, "shortLongTermDebt": 2515955000, "otherCurrentLiab": 1322133000, "longTermDebt": 9602617000, "otherLiab": 445778000, "minorityInterest": 274739000, "totalCurrentLiabilities": 4703187000, "totalLiab": 14751582000, "commonStock": 194532000, "treasuryStock": 6109103000, "otherStockholderEquity": 6109103000, "totalStockholderEquity": 6303635000, "netTangibleAssets": 1289215000}, {"maxAge": 1, "endDate": "2019-03-31", "cash": 51986000, "shortTermInvestments": 15867000, "netReceivables": 167256000, "inventory": 112679000, "otherCurrentAssets": 382592000, "totalCurrentAssets": 763102000, "longTermInvestments": 16692000, "propertyPlantEquipment": 15141551000, "goodWill": 5009408000, "otherAssets": 489164000, "deferredLongTermAssetCharges": 277537000, "totalAssets": 21419917000, "accountsPayable": 633681000, "shortLongTermDebt": 342860000, "otherCurrentLiab": 880530000, "longTermDebt": 9862301000, "otherLiab": 441262000, "minorityInterest": 254039000, "totalCurrentLiabilities": 3823808000, "totalLiab": 14127371000, "commonStock": 194532000, "retainedEarnings": 2936517000, "treasuryStock": 607975000, "capitalSurplus": 3299483000, "otherStockholderEquity": 607975000, "totalStockholderEquity": 7038507000, "netTangibleAssets": 2029099000}, {"maxAge": 1, "endDate": "2018-03-31", "cash": 87142000, "shortTermInvestments": 15797000, "netReceivables": 120371000, "inventory": 116129000, "otherCurrentAssets": 320818000, "totalCurrentAssets": 691113000, "longTermInvestments": 16692000, "propertyPlantEquipment": 15072949000, "goodWill": 4952481000, "otherAssets": 343301000, "deferredLongTermAssetCharges": 187971000, "totalAssets": 21076536000, "accountsPayable": 485459000, "shortLongTermDebt": 234786000, "otherCurrentLiab": 794756000, "longTermDebt": 9888044000, "otherLiab": 439876000, "minorityInterest": 242002000, "totalCurrentLiabilities": 3119242000, "totalLiab": 13447162000, "commonStock": 194532000, "retainedEarnings": 3293091000, "treasuryStock": 600266000, "capitalSurplus": 3299483000, "otherStockholderEquity": 600266000, "totalStockholderEquity": 7387372000, "netTangibleAssets": 2434891000}, {"maxAge": 1, "endDate": "2017-03-31", "cash": 115852000, "netReceivables": 119720000, "inventory": 94889000, "otherCurrentAssets": 189113000, "totalCurrentAssets": 555510000, "longTermInvestments": 2438000, "propertyPlantEquipment": 15033303000, "goodWill": 4932256000, "otherAssets": 375764000, "deferredLongTermAssetCharges": 184690000, "totalAssets": 20899271000, "accountsPayable": 426815000, "shortLongTermDebt": 96127000, "otherCurrentLiab": 455315000, "longTermDebt": 10300228000, "otherLiab": 429008000, "minorityInterest": 244380000, "totalCurrentLiabilities": 2524233000, "totalLiab": 13253469000, "commonStock": 194532000, "retainedEarnings": 1422707000, "treasuryStock": 2484700000, "capitalSurplus": 3299483000, "otherStockholderEquity": 2484700000, "totalStockholderEquity": 7401422000, "netTangibleAssets": 2469166000}], "maxAge": 86400}, "earningsTrend": {"trend": [{"maxAge": 1, "period": "0q", "endDate": null, "growth": {}, "earningsEstimate": {"avg": 0.0, "low": 0.0, "high": 0.0, "yearAgoEps": {}, "numberOfAnalysts": 0, "growth": {}}, "revenueEstimate": {"avg": 0, "low": 0, "high": 0, "numberOfAnalysts": 0, "yearAgoRevenue": {}, "growth": {}}, "epsTrend": {"current": 0.0, "7daysAgo": 0.0, "30daysAgo": 0.0, "60daysAgo": 0.0, "90daysAgo": 0.0}, "epsRevisions": {"upLast7days": 0, "upLast30days": 0, "downLast30days": 0, "downLast90days": {}}}, {"maxAge": 1, "period": "+1q", "endDate": null, "growth": {}, "earningsEstimate": {"avg": 0.0, "low": 0.0, "high": 0.0, "yearAgoEps": {}, "numberOfAnalysts": 0, "growth": {}}, "revenueEstimate": {"avg": 0, "low": 0, "high": 0, "numberOfAnalysts": 0, "yearAgoRevenue": {}, "growth": {}}, "epsTrend": {"current": 0.0, "7daysAgo": 0.0, "30daysAgo": 0.0, "60daysAgo": 0.0, "90daysAgo": 0.0}, "epsRevisions": {"upLast7days": 0, "upLast30days": 0, "downLast30days": 0, "downLast90days": {}}}, {"maxAge": 1, "period": "0y", "endDate": null, "growth": {}, "earningsEstimate": {"avg": 0.0, "low": 0.0, "high": 0.0, "yearAgoEps": {}, "numberOfAnalysts": 0, "growth": {}}, "revenueEstimate": {"avg": 0, "low": 0, "high": 0, "numberOfAnalysts": 0, "yearAgoRevenue": {}, "growth": {}}, "epsTrend": {"current": 0.0, "7daysAgo": 0.0, "30daysAgo": 0.0, "60daysAgo": 0.0, "90daysAgo": 0.0}, "epsRevisions": {"upLast7days": 0, "upLast30days": 0, "downLast30days": 0, "downLast90days": {}}}, {"maxAge": 1, "period": "+1y", "endDate": null, "growth": {}, "earningsEstimate": {"avg": 0.0, "low": 0.0, "high": 0.0, "yearAgoEps": {}, "numberOfAnalysts": 0, "growth": {}}, "revenueEstimate": {"avg": 0, "low": 0, "high": 0, "numberOfAnalysts": 0, "yearAgoRevenue": {}, "growth": {}}, "epsTrend": {"current": 0.0, "7daysAgo": 0.0, "30daysAgo": 0.0, "60daysAgo": 0.0, "90daysAgo": 0.0}, "epsRevisions": {"upLast7days": 0, "upLast30days": 0, "downLast30days": 0, "downLast90days": {}}}, {"maxAge": 1, "period": "+5y", "endDate": null, "growth": {}, "earningsEstimate": {"avg": {}, "low": {}, "high": {}, "yearAgoEps": {}, "numberOfAnalysts": {}, "growth": {}}, "revenueEstimate": {"avg": {}, "low": {}, "high": {}, "numberOfAnalysts": {}, "yearAgoRevenue": {}, "growth": {}}, "epsTrend": {"current": {}, "7daysAgo": {}, "30daysAgo": {}, "60daysAgo": {}, "90daysAgo": {}}, "epsRevisions": {"upLast7days": {}, "upLast30days": {}, "downLast30days": {}, "downLast90days": {}}}, {"maxAge": 1, "period": "-5y", "endDate": null, "growth": 0.52779, "earningsEstimate": {"avg": {}, "low": {}, "high": {}, "yearAgoEps": {}, "numberOfAnalysts": {}, "growth": {}}, "revenueEstimate": {"avg": {}, "low": {}, "high": {}, "numberOfAnalysts": {}, "yearAgoRevenue": {}, "growth": {}}, "epsTrend": {"current": {}, "7daysAgo": {}, "30daysAgo": {}, "60daysAgo": {}, "90daysAgo": {}}, "epsRevisions": {"upLast7days": {}, "upLast30days": {}, "downLast30days": {}, "downLast90days": {}}}], "maxAge": 1}, "financialData": {"maxAge": 86400, "currentPrice": 67.75, "recommendationKey": "none", "grossProfits": 1464901000, "financialCurrency": "INR"}}}