{"ASIANHOTNR.NS": {"assetProfile": {"address1": "Bhikaiji Cama Place", "address2": "M. G. Marg", "city": "New Delhi", "zip": "110066", "country": "India", "phone": "91 11 6677 1225", "fax": "91 11 2679 1033", "website": "http://www.asianhotelsnorth.com", "industry": "Lodging", "sector": "Consumer Cyclical", "longBusinessSummary": "Asian Hotels (North) Limited engages in hospitality/hotel business in India. The company owns and operates Hyatt Regency Delhi, a five-star deluxe hotel, which includes 507 rooms and suites, spa, unisex salon, fitness center, restaurant, bar, and outdoor swimming pool in New Delhi. It also operates two wind turbine generators in Maharashtra. In addition, the company provides offshore project consultancy services; and develops villa hotel complex, including residential villas and golf course in Goa. Asian Hotels (North) Limited was incorporated in 1980 and is based in New Delhi, India.", "fullTimeEmployees": 744, "companyOfficers": [{"maxAge": 1, "name": "Mr. Shiv Kumar Jatia", "age": 66, "title": "Chairman & MD", "yearBorn": 1954, "fiscalYear": 2020, "totalPay": 23343731, "exercisedValue": 0, "unexercisedValue": 0}, {"maxAge": 1, "name": "Mr. Dinesh Kumar Jain", "age": 60, "title": "Compliance Officer, VP of Corp. Affairs & Company Sec.", "yearBorn": 1960, "exercisedValue": 0, "unexercisedValue": 0}, {"maxAge": 1, "name": "Ms. Nilanjana  Gupta", "age": 49, "title": "Director of Sales & Marketing", "yearBorn": 1971, "fiscalYear": 2018, "exercisedValue": 0, "unexercisedValue": 0}, {"maxAge": 1, "name": "Mr. Sanjeev  Sethi", "title": "VP of HR", "exercisedValue": 0, "unexercisedValue": 0}, {"maxAge": 1, "name": "Mr. Umesh M. Saraf", "age": 57, "title": "Managing Director of East", "yearBorn": 1963, "fiscalYear": 2010, "exercisedValue": 0, "unexercisedValue": 0}, {"maxAge": 1, "name": "Ajit  Thomas", "age": 52, "title": "Pres of Project", "yearBorn": 1968, "exercisedValue": 0, "unexercisedValue": 0}, {"maxAge": 1, "name": "Mr. Narottam  Sharma", "age": 62, "title": "Director of Materials", "yearBorn": 1958, "fiscalYear": 2016, "exercisedValue": 0, "unexercisedValue": 0}, {"maxAge": 1, "name": "Mr. Anil  Virmani", "age": 60, "title": "Director of Fin.", "yearBorn": 1960, "fiscalYear": 2019, "exercisedValue": 0, "unexercisedValue": 0}, {"maxAge": 1, "name": "Mr. Aseem  Kapoor", "age": 51, "title": "Gen. Mang. of Hyatt Regency - Delhi", "yearBorn": 1969, "fiscalYear": 2019, "exercisedValue": 0, "unexercisedValue": 0}, {"maxAge": 1, "name": "Mr. Alessandro  Sandrolini", "age": 50, "title": "Exec. Sous Chef - Hyatt Regency Delhi", "yearBorn": 1970, "fiscalYear": 2019, "exercisedValue": 0, "unexercisedValue": 0}], "compensationAsOfEpochDate": "2020-12-31 05:30:00", "maxAge": 86400}, "cashflowStatementHistory": {"cashflowStatements": [{"maxAge": 1, "endDate": "2020-03-31", "netIncome": -590844000, "depreciation": 182847000, "changeToNetincome": 1229107000, "changeToAccountReceivables": 39985000, "changeToLiabilities": 225963000, "changeToInventory": 9395000, "totalCashFromOperatingActivities": 1096453000, "capitalExpenditures": -250270000, "otherCashflowsFromInvestingActivities": 883000, "totalCashflowsFromInvestingActivities": -12845000, "netBorrowings": 100902000, "otherCashflowsFromFinancingActivities": -1216685000, "totalCashFromFinancingActivities": -1115783000, "changeInCash": -32176000}, {"maxAge": 1, "endDate": "2019-03-31", "netIncome": -356573000, "depreciation": 196842000, "changeToNetincome": 1067106000, "changeToAccountReceivables": -141546000, "changeToLiabilities": 280384000, "changeToInventory": 3450000, "totalCashFromOperatingActivities": 1049663000, "capitalExpenditures": -370327000, "investments": 32800000, "otherCashflowsFromInvestingActivities": 14277000, "totalCashflowsFromInvestingActivities": -256950000, "netBorrowings": 296661000, "otherCashflowsFromFinancingActivities": -1124532000, "totalCashFromFinancingActivities": -827871000, "changeInCash": -35157000}, {"maxAge": 1, "endDate": "2018-03-31", "netIncome": -37110000, "depreciation": 199607000, "changeToNetincome": 664708000, "changeToAccountReceivables": -109826000, "changeToLiabilities": 391786000, "changeToInventory": -21240000, "totalCashFromOperatingActivities": 1087925000, "capitalExpenditures": -483241000, "investments": -9249000, "otherCashflowsFromInvestingActivities": 51307000, "totalCashflowsFromInvestingActivities": 53566000, "netBorrowings": -160302000, "otherCashflowsFromFinancingActivities": -1009897000, "totalCashFromFinancingActivities": -1170199000, "changeInCash": -28710000}, {"maxAge": 1, "endDate": "2017-03-31", "netIncome": -158535000, "depreciation": 216504000, "changeToNetincome": 788169000, "changeToAccountReceivables": -2034000, "changeToLiabilities": 25917000, "changeToInventory": -15090000, "totalCashFromOperatingActivities": 854931000, "capitalExpenditures": -470372000, "investments": 43700000, "otherCashflowsFromInvestingActivities": 12292000, "totalCashflowsFromInvestingActivities": -139782000, "netBorrowings": 306673000, "otherCashflowsFromFinancingActivities": -1009388000, "totalCashFromFinancingActivities": -702715000, "changeInCash": 12435000}], "maxAge": 86400}, "institutionOwnership": {"maxAge": 1, "ownershipList": []}, "majorHoldersBreakdown": {"maxAge": 1, "insidersPercentHeld": 0.83489996, "institutionsPercentHeld": 0.0, "institutionsFloatPercentHeld": 0.0, "institutionsCount": 0}, "balanceSheetHistoryQuarterly": {"balanceSheetStatements": [{"maxAge": 1, "endDate": "2020-12-31", "totalStockholderEquity": 5661277000, "netTangibleAssets": 648153000}, {"maxAge": 1, "endDate": "2020-09-30", "cash": 4731000, "shortTermInvestments": 58644000, "netReceivables": 114111000, "inventory": 77112000, "otherCurrentAssets": 39813000, "totalCurrentAssets": 294411000, "longTermInvestments": 60305000, "propertyPlantEquipment": 15044591000, "goodWill": 5013124000, "otherAssets": 526365000, "deferredLongTermAssetCharges": 487486000, "totalAssets": 20938796000, "accountsPayable": 934905000, "shortLongTermDebt": 2393229000, "otherCurrentLiab": 1611160000, "longTermDebt": 9604369000, "otherLiab": 434347000, "minorityInterest": 268237000, "totalCurrentLiabilities": 4970566000, "totalLiab": 15009282000, "commonStock": 194532000, "treasuryStock": 5466745000, "otherStockholderEquity": 5466745000, "totalStockholderEquity": 5661277000, "netTangibleAssets": 648153000}, {"maxAge": 1, "endDate": "2020-06-30"}, {"maxAge": 1, "endDate": "2020-03-31", "cash": 19814000, "shortTermInvestments": 1244000, "netReceivables": 128662000, "inventory": 103284000, "otherCurrentAssets": 389862000, "totalCurrentAssets": 668248000, "longTermInvestments": 16692000, "propertyPlantEquipment": 15040556000, "goodWill": 5014420000, "otherAssets": 590040000, "deferredLongTermAssetCharges": 385737000, "totalAssets": 21329956000, "accountsPayable": 833831000, "shortLongTermDebt": 184694000, "otherCurrentLiab": 930735000, "longTermDebt": 9602617000, "otherLiab": 445778000, "minorityInterest": 274739000, "totalCurrentLiabilities": 4703187000, "totalLiab": 14751582000, "commonStock": 194532000, "retainedEarnings": 2345674000, "treasuryStock": 463946000, "capitalSurplus": 3299483000, "otherStockholderEquity": 463946000, "totalStockholderEquity": 6303635000, "netTangibleAssets": 1289215000}], "maxAge": 86400}, "indexTrend": {"maxAge": 1, "symbol": "SP5", "peRatio": 19.7411, "pegRatio": 1.34172, "estimates": [{"period": "0q", "growth": 0.549}, {"period": "+1q", "growth": 0.431}, {"period": "0y", "growth": 0.305}, {"period": "+1y", "growth": 0.109}, {"period": "+5y", "growth": 0.120865}, {"period": "-5y"}]}, "defaultKeyStatistics": {"maxAge": 1, "priceHint": 2, "enterpriseValue": 13363046400, "profitMargins": -0.99457, "floatShares": 3555228, "sharesOutstanding": 19453200, "heldPercentInsiders": 0.83489996, "heldPercentInstitutions": 0.0, "beta": 1.191868, "category": null, "bookValue": 318.883, "priceToBook": 0.20697246, "fundFamily": null, "legalType": null, "lastFiscalYearEnd": "2020-03-31 05:30:00", "nextFiscalYearEnd": "2022-03-31 05:30:00", "mostRecentQuarter": "2020-12-31 05:30:00", "netIncomeToCommon": -954035008, "trailingEps": -52.189, "lastSplitFactor": null, "enterpriseToRevenue": 13.931, "enterpriseToEbitda": -159.799, "52WeekChange": -0.0052750707, "SandP52WeekChange": 0.48148263, "lastDividendValue": 1.0, "lastDividendDate": 1411603200}, "summaryProfile": {"address1": "Bhikaiji Cama Place", "address2": "M. G. Marg", "city": "New Delhi", "zip": "110066", "country": "India", "phone": "91 11 6677 1225", "fax": "91 11 2679 1033", "website": "http://www.asianhotelsnorth.com", "industry": "Lodging", "sector": "Consumer Cyclical", "longBusinessSummary": "Asian Hotels (North) Limited engages in hospitality/hotel business in India. The company owns and operates Hyatt Regency Delhi, a five-star deluxe hotel, which includes 507 rooms and suites, spa, unisex salon, fitness center, restaurant, bar, and outdoor swimming pool in New Delhi. It also operates two wind turbine generators in Maharashtra. In addition, the company provides offshore project consultancy services; and develops villa hotel complex, including residential villas and golf course in Goa. Asian Hotels (North) Limited was incorporated in 1980 and is based in New Delhi, India.", "fullTimeEmployees": 744, "companyOfficers": [], "maxAge": 86400}, "netSharePurchaseActivity": {"maxAge": 1, "period": "6m", "buyInfoCount": 0, "buyInfoShares": 0, "sellInfoCount": 0, "netInfoCount": 0, "netInfoShares": 0, "netPercentInsiderShares": 0.0, "totalInsiderShares": 14816111}, "insiderTransactions": {"transactions": [{"maxAge": 1, "shares": 277500, "filerUrl": "", "transactionText": "", "filerName": "Asian Holdings Pvt. Ltd.", "filerRelation": "Promoter", "moneyText": "", "startDate": "2015-09-23", "ownership": "D"}, {"maxAge": 1, "shares": 740000, "filerUrl": "", "transactionText": "", "filerName": "Asian Holdings Pvt. Ltd.", "filerRelation": "Promoter", "moneyText": "", "startDate": "2015-07-15", "ownership": "D"}, {"maxAge": 1, "shares": 565000, "filerUrl": "", "transactionText": "", "filerName": "Jatia (Shiv Kumar)", "filerRelation": "Executive Chairman", "moneyText": "", "startDate": "2014-06-17", "ownership": "D"}, {"maxAge": 1, "shares": 360000, "filerUrl": "", "transactionText": "", "filerName": "Jatia (Shiv Kumar)", "filerRelation": "Executive Chairman", "moneyText": "", "startDate": "2014-06-04", "ownership": "D"}, {"maxAge": 1, "shares": 925000, "filerUrl": "", "transactionText": "", "filerName": "Jatia (Shiv Kumar)", "filerRelation": "Executive Chairman", "moneyText": "", "startDate": "2014-05-09", "ownership": "D"}, {"maxAge": 1, "shares": 17681, "filerUrl": "", "transactionText": "", "filerName": "Jatia (Shiv Kumar)", "filerRelation": "Executive Chairman", "moneyText": "", "startDate": "2011-03-18", "ownership": "D"}, {"maxAge": 1, "shares": 65741, "filerUrl": "", "transactionText": "", "filerName": "Whitepin Tie Up, Ltd.", "filerRelation": "Institution- Corporation", "moneyText": "", "startDate": "2010-12-29", "ownership": "D"}, {"maxAge": 1, "shares": 400000, "filerUrl": "", "transactionText": "", "filerName": "Whitepin Tie Up, Ltd.", "filerRelation": "Institution- Corporation", "moneyText": "", "startDate": "2010-12-28", "ownership": "D"}, {"maxAge": 1, "shares": 7360645, "filerUrl": "", "transactionText": "", "filerName": "Fine Line Holdings Ltd", "filerRelation": "Institution- Corporation", "moneyText": "", "startDate": "2010-12-26", "ownership": "D"}, {"maxAge": 1, "shares": 133800, "filerUrl": "", "transactionText": "", "filerName": "Gupta (Sushil Kumar)", "filerRelation": "Managing Director", "moneyText": "", "startDate": "2009-10-12", "ownership": "D"}, {"maxAge": 1, "shares": 139460, "filerUrl": "", "transactionText": "", "filerName": "Gupta (Sushil Kumar)", "filerRelation": "Managing Director", "moneyText": "", "startDate": "2009-10-07", "ownership": "D"}], "maxAge": 1}, "quoteType": {"exchange": "NSI", "quoteType": "EQUITY", "symbol": "ASIANHOTNR.NS", "underlyingSymbol": "ASIANHOTNR.NS", "shortName": "ASIAN HOTELS(NORTH", "longName": "Asian Hotels (North) Limited", "firstTradeDateEpochUtc": "2002-07-01 09:15:00", "timeZoneFullName": "Asia/Kolkata", "timeZoneShortName": "IST", "uuid": "4d44a2af-8c08-3be5-ac09-fe529bf86003", "messageBoardId": "finmb_881238", "gmtOffSetMilliseconds": 19800000, "maxAge": 1}, "incomeStatementHistory": {"incomeStatementHistory": [{"maxAge": 1, "endDate": "2020-03-31", "totalRevenue": 2523939000, "costOfRevenue": 1145469000, "grossProfit": 1378470000, "researchDevelopment": {}, "sellingGeneralAdministrative": 123717000, "nonRecurring": {}, "otherOperatingExpenses": 666347000, "totalOperatingExpenses": 2114857000, "operatingIncome": 409082000, "totalOtherIncomeExpenseNet": -1164647000, "ebit": 409082000, "interestExpense": -1014882000, "incomeBeforeTax": -755565000, "incomeTaxExpense": -108200000, "minorityInterest": 274739000, "netIncomeFromContinuingOps": -647365000, "discontinuedOperations": {}, "extraordinaryItems": {}, "effectOfAccountingCharges": {}, "otherItems": {}, "netIncome": -590844000, "netIncomeApplicableToCommonShares": -590844000}, {"maxAge": 1, "endDate": "2019-03-31", "totalRevenue": 2735228000, "costOfRevenue": 1134512000, "grossProfit": 1600716000, "researchDevelopment": {}, "sellingGeneralAdministrative": 100699000, "nonRecurring": {}, "otherOperatingExpenses": 667915000, "totalOperatingExpenses": 2095728000, "operatingIncome": 639500000, "totalOtherIncomeExpenseNet": -1123198000, "ebit": 639500000, "interestExpense": -930528000, "incomeBeforeTax": -483698000, "incomeTaxExpense": -93015000, "minorityInterest": 254039000, "netIncomeFromContinuingOps": -390683000, "discontinuedOperations": {}, "extraordinaryItems": {}, "effectOfAccountingCharges": {}, "otherItems": {}, "netIncome": -356573000, "netIncomeApplicableToCommonShares": -356573000}, {"maxAge": 1, "endDate": "2018-03-31", "totalRevenue": 2743440000, "costOfRevenue": 1096603000, "grossProfit": 1646837000, "researchDevelopment": {}, "sellingGeneralAdministrative": 92083000, "nonRecurring": {}, "otherOperatingExpenses": 707300000, "totalOperatingExpenses": 2095593000, "operatingIncome": 647847000, "totalOtherIncomeExpenseNet": -691788000, "ebit": 647847000, "interestExpense": -880766000, "incomeBeforeTax": -43941000, "incomeTaxExpense": -3281000, "minorityInterest": 242002000, "netIncomeFromContinuingOps": -40660000, "discontinuedOperations": {}, "extraordinaryItems": {}, "effectOfAccountingCharges": {}, "otherItems": {}, "netIncome": -37110000, "netIncomeApplicableToCommonShares": -37110000}, {"maxAge": 1, "endDate": "2017-03-31", "totalRevenue": 2505345000, "costOfRevenue": 980611000, "grossProfit": 1524734000, "researchDevelopment": {}, "sellingGeneralAdministrative": 69425000, "nonRecurring": {}, "otherOperatingExpenses": 589930000, "totalOperatingExpenses": 1852129000, "operatingIncome": 653216000, "totalOtherIncomeExpenseNet": -932872000, "ebit": 653216000, "interestExpense": -923082000, "incomeBeforeTax": -279656000, "incomeTaxExpense": -117847000, "minorityInterest": 244380000, "netIncomeFromContinuingOps": -161809000, "discontinuedOperations": {}, "extraordinaryItems": {}, "effectOfAccountingCharges": {}, "otherItems": {}, "netIncome": -158535000, "netIncomeApplicableToCommonShares": -158535000}], "maxAge": 86400}, "fundOwnership": {"maxAge": 1, "ownershipList": []}, "summaryDetail": {"maxAge": 1, "priceHint": 2, "previousClose": 65.4, "open": 64.2, "dayLow": 62.8, "dayHigh": 67.5, "regularMarketPreviousClose": 65.4, "regularMarketOpen": 64.2, "regularMarketDayLow": 62.8, "regularMarketDayHigh": 67.5, "exDividendDate": "2014-09-25 05:30:00", "payoutRatio": 0.0, "beta": 1.191868, "volume": 3908, "regularMarketVolume": 3908, "averageVolume": 10454, "averageVolume10days": 5643, "averageDailyVolume10Day": 5643, "bid": 0.0, "ask": 0.0, "bidSize": 0, "askSize": 0, "marketCap": 1423296640, "fiftyTwoWeekLow": 44.2, "fiftyTwoWeekHigh": 86.7, "priceToSalesTrailing12Months": 1.4837645, "fiftyDayAverage": 64.6197, "twoHundredDayAverage": 65.40567, "currency": "INR", "fromCurrency": null, "toCurrency": null, "lastMarket": null, "algorithm": null, "tradeable": false}, "incomeStatementHistoryQuarterly": {"incomeStatementHistory": [{"maxAge": 1, "endDate": "2020-12-31", "totalRevenue": 216077000, "costOfRevenue": 117086000, "grossProfit": 98991000, "researchDevelopment": {}, "sellingGeneralAdministrative": {}, "nonRecurring": {}, "otherOperatingExpenses": 116815000, "totalOperatingExpenses": 275775000, "operatingIncome": -59698000, "totalOtherIncomeExpenseNet": -63380000, "ebit": -59698000, "interestExpense": -90460000, "incomeBeforeTax": -123078000, "incomeTaxExpense": 0, "minorityInterest": {}, "netIncomeFromContinuingOps": -123078000, "discontinuedOperations": {}, "extraordinaryItems": {}, "effectOfAccountingCharges": {}, "otherItems": {}, "netIncome": -112332000, "netIncomeApplicableToCommonShares": -112332000}, {"maxAge": 1, "endDate": "2020-09-30", "totalRevenue": 110136000, "costOfRevenue": 94238000, "grossProfit": 15898000, "researchDevelopment": {}, "sellingGeneralAdministrative": {}, "nonRecurring": {}, "otherOperatingExpenses": 95718000, "totalOperatingExpenses": 232603000, "operatingIncome": -122467000, "totalOtherIncomeExpenseNet": -236155000, "ebit": -122467000, "interestExpense": -301106000, "incomeBeforeTax": -358622000, "incomeTaxExpense": 70000, "minorityInterest": 268237000, "netIncomeFromContinuingOps": -358692000, "discontinuedOperations": {}, "extraordinaryItems": {}, "effectOfAccountingCharges": {}, "otherItems": {}, "netIncome": -327374000, "netIncomeApplicableToCommonShares": -327374000}, {"maxAge": 1, "endDate": "2020-06-30", "totalRevenue": 80673000, "costOfRevenue": 106530000, "grossProfit": -25857000, "researchDevelopment": {}, "sellingGeneralAdministrative": {}, "nonRecurring": {}, "otherOperatingExpenses": 79894000, "totalOperatingExpenses": 228999000, "operatingIncome": -148326000, "totalOtherIncomeExpenseNet": -244839000, "ebit": -148326000, "interestExpense": -243202000, "incomeBeforeTax": -393165000, "incomeTaxExpense": -101750000, "minorityInterest": 268237000, "netIncomeFromContinuingOps": -291415000, "discontinuedOperations": {}, "extraordinaryItems": {}, "effectOfAccountingCharges": {}, "otherItems": {}, "netIncome": -265972000, "netIncomeApplicableToCommonShares": -265972000}, {"maxAge": 1, "endDate": "2020-03-31", "totalRevenue": 552361000, "costOfRevenue": 328909000, "grossProfit": 223452000, "researchDevelopment": {}, "sellingGeneralAdministrative": 123717000, "nonRecurring": {}, "otherOperatingExpenses": -18237000, "totalOperatingExpenses": 477845000, "operatingIncome": 74516000, "totalOtherIncomeExpenseNet": -366641000, "ebit": 74516000, "interestExpense": -197895000, "incomeBeforeTax": -292125000, "incomeTaxExpense": 10410000, "minorityInterest": 274739000, "netIncomeFromContinuingOps": -302535000, "discontinuedOperations": {}, "extraordinaryItems": {}, "effectOfAccountingCharges": {}, "otherItems": {}, "netIncome": -248357000, "netIncomeApplicableToCommonShares": -248357000}], "maxAge": 86400}, "cashflowStatementHistoryQuarterly": {"cashflowStatements": [{"maxAge": 1, "endDate": "2020-12-31", "netIncome": -112332000, "changeToLiabilities": 0}, {"maxAge": 1, "endDate": "2020-09-30", "netIncome": -327374000, "changeToLiabilities": 0}, {"maxAge": 1, "endDate": "2020-06-30", "netIncome": -265972000, "changeToLiabilities": 0}, {"maxAge": 1, "endDate": "2020-03-31", "netIncome": -248357000, "changeToLiabilities": 0}], "maxAge": 86400}, "insiderHolders": {"holders": [{"maxAge": 1, "name": "Asian Holdings Pvt. Ltd.", "relation": "Promoter", "url": "", "transactionDescription": "Purchase", "latestTransDate": "2015-09-23", "positionDirect": 1602664, "positionDirectDate": "2015-09-23"}, {"maxAge": 1, "name": "Fine Line Holdings Ltd", "relation": "Institution- Corporation", "url": "", "transactionDescription": "Acquisition", "latestTransDate": "2010-12-26", "positionDirect": 7360645, "positionDirectDate": "2010-12-26"}, {"maxAge": 1, "name": "Gupta (Sushil Kumar)", "relation": "Managing Director", "url": "", "transactionDescription": "Acquisition", "latestTransDate": "2009-10-12", "positionDirect": 455440, "positionDirectDate": "2009-10-12"}, {"maxAge": 1, "name": "Jatia (Shiv Kumar)", "relation": "Executive Chairman", "url": "", "transactionDescription": "Purchase", "latestTransDate": "2014-06-17", "positionDirect": 2668027, "positionDirectDate": "2014-06-17"}, {"maxAge": 1, "name": "Whitepin Tie Up, Ltd.", "relation": "Institution- Corporation", "url": "", "transactionDescription": "Sale", "latestTransDate": "2010-12-29", "positionDirect": 0, "positionDirectDate": "2010-12-29"}], "maxAge": 1}, "calendarEvents": {"maxAge": 1, "earnings": {"earningsDate": []}, "exDividendDate": "2014-09-25 05:30:00"}, "price": {"maxAge": 1, "regularMarketChangePercent": 0.009174288, "regularMarketChange": 0.5999985, "regularMarketTime": "2021-04-30 15:28:28", "priceHint": 2, "regularMarketPrice": 66.0, "regularMarketDayHigh": 67.5, "regularMarketDayLow": 62.8, "regularMarketVolume": 3908, "averageDailyVolume10Day": 5643, "averageDailyVolume3Month": 10454, "regularMarketPreviousClose": 65.4, "regularMarketSource": "FREE_REALTIME", "regularMarketOpen": 64.2, "exchange": "NSI", "exchangeName": "NSE", "exchangeDataDelayedBy": 15, "marketState": "CLOSED", "quoteType": "EQUITY", "symbol": "ASIANHOTNR.NS", "underlyingSymbol": null, "shortName": "ASIAN HOTELS(NORTH", "longName": "Asian Hotels (North) Limited", "currency": "INR", "quoteSourceName": "Delayed Quote", "currencySymbol": "\u20b9", "fromCurrency": null, "toCurrency": null, "lastMarket": null, "marketCap": 1423296640}, "balanceSheetHistory": {"balanceSheetStatements": [{"maxAge": 1, "endDate": "2020-03-31", "cash": 19814000, "shortTermInvestments": 1244000, "netReceivables": 128662000, "inventory": 103284000, "otherCurrentAssets": 389862000, "totalCurrentAssets": 668248000, "longTermInvestments": 16692000, "propertyPlantEquipment": 15040556000, "goodWill": 5014420000, "otherAssets": 590040000, "deferredLongTermAssetCharges": 385737000, "totalAssets": 21329956000, "accountsPayable": 833831000, "shortLongTermDebt": 184694000, "otherCurrentLiab": 930735000, "longTermDebt": 9602617000, "otherLiab": 445778000, "minorityInterest": 274739000, "totalCurrentLiabilities": 4703187000, "totalLiab": 14751582000, "commonStock": 194532000, "retainedEarnings": 2345674000, "treasuryStock": 463946000, "capitalSurplus": 3299483000, "otherStockholderEquity": 463946000, "totalStockholderEquity": 6303635000, "netTangibleAssets": 1289215000}, {"maxAge": 1, "endDate": "2019-03-31", "cash": 51986000, "shortTermInvestments": 15867000, "netReceivables": 167256000, "inventory": 112679000, "otherCurrentAssets": 382592000, "totalCurrentAssets": 763102000, "longTermInvestments": 16692000, "propertyPlantEquipment": 15141551000, "goodWill": 5009408000, "otherAssets": 489164000, "deferredLongTermAssetCharges": 277537000, "totalAssets": 21419917000, "accountsPayable": 633681000, "shortLongTermDebt": 342859000, "otherCurrentLiab": 880530000, "longTermDebt": 9862301000, "otherLiab": 441262000, "minorityInterest": 254039000, "totalCurrentLiabilities": 3823807000, "totalLiab": 14127370000, "commonStock": 194532000, "retainedEarnings": 2936518000, "treasuryStock": 607975000, "capitalSurplus": 3299483000, "otherStockholderEquity": 607975000, "totalStockholderEquity": 7038508000, "netTangibleAssets": 2029100000}, {"maxAge": 1, "endDate": "2018-03-31", "cash": 87142000, "shortTermInvestments": 15797000, "netReceivables": 120371000, "inventory": 116129000, "otherCurrentAssets": 320818000, "totalCurrentAssets": 691113000, "longTermInvestments": 16692000, "propertyPlantEquipment": 15072949000, "goodWill": 4952481000, "otherAssets": 343301000, "deferredLongTermAssetCharges": 187971000, "totalAssets": 21076536000, "accountsPayable": 485459000, "shortLongTermDebt": 234786000, "otherCurrentLiab": 794756000, "longTermDebt": 9888044000, "otherLiab": 439876000, "minorityInterest": 242002000, "totalCurrentLiabilities": 3119242000, "totalLiab": 13447162000, "commonStock": 194532000, "retainedEarnings": 3293091000, "treasuryStock": 600266000, "capitalSurplus": 3299483000, "otherStockholderEquity": 600266000, "totalStockholderEquity": 7387372000, "netTangibleAssets": 2434891000}, {"maxAge": 1, "endDate": "2017-03-31", "cash": 115852000, "netReceivables": 119720000, "inventory": 94889000, "otherCurrentAssets": 189113000, "totalCurrentAssets": 555510000, "longTermInvestments": 2438000, "propertyPlantEquipment": 15033303000, "goodWill": 4932256000, "otherAssets": 375764000, "deferredLongTermAssetCharges": 184690000, "totalAssets": 20899271000, "accountsPayable": 426815000, "shortLongTermDebt": 96127000, "otherCurrentLiab": 455315000, "longTermDebt": 10300228000, "otherLiab": 429008000, "minorityInterest": 244380000, "totalCurrentLiabilities": 2524233000, "totalLiab": 13253469000, "commonStock": 194532000, "retainedEarnings": 1422707000, "treasuryStock": 2484700000, "capitalSurplus": 3299483000, "otherStockholderEquity": 2484700000, "totalStockholderEquity": 7401422000, "netTangibleAssets": 2469166000}], "maxAge": 86400}, "financialData": {"maxAge": 86400, "currentPrice": 66.0, "recommendationKey": "none", "totalCash": 63375000, "totalCashPerShare": 3.571, "ebitda": -83624248, "totalDebt": 11997597696, "totalRevenue": 959246976, "debtToEquity": 202.337, "revenuePerShare": 52.474, "grossProfits": 1378470000, "revenueGrowth": -0.713, "grossMargins": 0.32576, "ebitdaMargins": -0.08718, "operatingMargins": -0.26685, "profitMargins": -0.99457, "financialCurrency": "INR"}}}