{"ASPINWALL.NS": {"assetProfile": {"address1": "Kulshekar", "city": "Mangalore", "zip": "575005", "country": "India", "website": "http://www.aspinwall.in", "industry": "Farm Products", "sector": "Consumer Defensive", "longBusinessSummary": "Aspinwall and Company Limited, a multi-line business organization, engages in coffee processing and trading, rubber plantation, natural fiber, and shipping and logistics businesses worldwide. Its Coffee segment is involved in the plantation, processing, trading, and export of coffee. The company's Plantation segment owns and manages approximately 2,000 acres of rubber plantations, as well as produces centrifuged latex and technically specified natural rubber. Its Natural Fibre segment produces entrance and corridor mats, carpets, mattings, rugs, runners, and mesh mattings; PVC and rubber-backed natural fiber products, and jute floor-coverings and furnishings, as well as supplies natural fiber geotextiles, which are used in environment engineering to prevent soil erosion; and coir pith, which is used in horticulture to grow plants. The company's Logistics segment provides liner, custom house agency, freight forwarding, air and bulk cargo, ship agency, stevedoring, warehousing, and project and over-dimensional cargo handling services. Aspinwall and Company Limited was founded in 1867 and is headquartered in Mangalore, India.", "fullTimeEmployees": 747, "companyOfficers": [{"maxAge": 1, "name": "Mr. Rajesh  Sundarraj", "age": 49, "title": "CEO & Exec. Director", "yearBorn": 1971, "fiscalYear": 2020, "totalPay": 8894600, "exercisedValue": 0, "unexercisedValue": 0}, {"maxAge": 1, "name": "Mr. Thalasseril Raghavankutty Radhakrishnan", "age": 57, "title": "Chief Financial Officer", "yearBorn": 1963, "exercisedValue": 0, "unexercisedValue": 0}, {"maxAge": 1, "name": "Mr. Neeraj R. Varma", "title": "Company Sec. & Compliance Officer", "exercisedValue": 0, "unexercisedValue": 0}, {"maxAge": 1, "name": "Mr. Rama  Varma B.Sc.", "age": 71, "title": "MD & Whole Time Director", "yearBorn": 1949, "fiscalYear": 2020, "totalPay": 7505000, "exercisedValue": 0, "unexercisedValue": 0}, {"maxAge": 1, "name": "Mr. Ronald  Nauts", "age": 47, "title": "Sales Mang.", "yearBorn": 1973, "fiscalYear": 2016, "exercisedValue": 0, "unexercisedValue": 0}, {"maxAge": 1, "name": "K. V. Gopalakrishnan", "age": 48, "title": "Head of HR", "yearBorn": 1972, "fiscalYear": 2017, "exercisedValue": 0, "unexercisedValue": 0}], "compensationAsOfEpochDate": "2020-12-31 05:30:00", "maxAge": 86400}, "cashflowStatementHistory": {"cashflowStatements": [{"maxAge": 1, "endDate": "2020-03-31", "netIncome": -4200000, "depreciation": 33300000, "changeToNetincome": 7400000, "changeToAccountReceivables": -97900000, "changeToLiabilities": 55600000, "changeToInventory": 298900000, "changeToOperatingActivities": 19100000, "totalCashFromOperatingActivities": 312200000, "capitalExpenditures": -23400000, "investments": 15900000, "otherCashflowsFromInvestingActivities": 1000000, "totalCashflowsFromInvestingActivities": 1700000, "dividendsPaid": -41300000, "netBorrowings": -209000000, "otherCashflowsFromFinancingActivities": -58300000, "totalCashFromFinancingActivities": -308600000, "effectOfExchangeRate": 100000, "changeInCash": 5400000}, {"maxAge": 1, "endDate": "2019-03-31", "netIncome": 72600000, "depreciation": 25400000, "changeToNetincome": -18900000, "changeToAccountReceivables": -7400000, "changeToLiabilities": -2200000, "changeToInventory": 91900000, "changeToOperatingActivities": 7000000, "totalCashFromOperatingActivities": 168400000, "capitalExpenditures": -59200000, "investments": 6300000, "otherCashflowsFromInvestingActivities": 1600000, "totalCashflowsFromInvestingActivities": -30200000, "dividendsPaid": -26600000, "netBorrowings": -16400000, "otherCashflowsFromFinancingActivities": -85400000, "totalCashFromFinancingActivities": -128400000, "effectOfExchangeRate": -100000, "changeInCash": 9700000}, {"maxAge": 1, "endDate": "2018-03-31", "netIncome": 129100000, "depreciation": 25100000, "changeToNetincome": 58300000, "changeToAccountReceivables": -78400000, "changeToLiabilities": 45800000, "changeToInventory": -464300000, "changeToOperatingActivities": -16900000, "totalCashFromOperatingActivities": -301300000, "capitalExpenditures": -78600000, "investments": 2300000, "otherCashflowsFromInvestingActivities": 5100000, "totalCashflowsFromInvestingActivities": -59800000, "dividendsPaid": -21600000, "netBorrowings": 430800000, "otherCashflowsFromFinancingActivities": -60400000, "totalCashFromFinancingActivities": 348800000, "effectOfExchangeRate": -100000, "changeInCash": -12400000}, {"maxAge": 1, "endDate": "2017-03-31", "netIncome": 99100000, "depreciation": 23400000, "changeToNetincome": 48100000, "changeToAccountReceivables": 29400000, "changeToLiabilities": 30500000, "changeToInventory": -34500000, "changeToOperatingActivities": 39900000, "totalCashFromOperatingActivities": 235900000, "capitalExpenditures": -75000000, "investments": -7300000, "otherCashflowsFromInvestingActivities": -4400000, "totalCashflowsFromInvestingActivities": -73300000, "dividendsPaid": -200000, "netBorrowings": -130200000, "otherCashflowsFromFinancingActivities": -44500000, "totalCashFromFinancingActivities": -174900000, "effectOfExchangeRate": -100000, "changeInCash": -12300000}], "maxAge": 86400}, "institutionOwnership": {"maxAge": 1, "ownershipList": []}, "majorHoldersBreakdown": {"maxAge": 1}, "balanceSheetHistoryQuarterly": {"balanceSheetStatements": [{"maxAge": 1, "endDate": "2020-12-31"}, {"maxAge": 1, "endDate": "2020-06-30", "totalStockholderEquity": 1348300000, "netTangibleAssets": 1348300000}, {"maxAge": 1, "endDate": "2020-03-31", "cash": 49200000, "shortTermInvestments": 18600000, "netReceivables": 589500000, "inventory": 688500000, "otherCurrentAssets": 61600000, "totalCurrentAssets": 1423500000, "longTermInvestments": 300000, "propertyPlantEquipment": 633100000, "otherAssets": 309400000, "deferredLongTermAssetCharges": 42500000, "totalAssets": 2366300000, "accountsPayable": 141700000, "shortLongTermDebt": 39200000, "otherCurrentLiab": 320500000, "longTermDebt": 26400000, "otherLiab": 48100000, "totalCurrentLiabilities": 943500000, "totalLiab": 1018000000, "commonStock": 78200000, "retainedEarnings": 1263700000, "treasuryStock": 6400000, "otherStockholderEquity": 6400000, "totalStockholderEquity": 1348300000, "netTangibleAssets": 1348300000}, {"maxAge": 1, "endDate": "2019-12-31", "totalStockholderEquity": 1328100000, "netTangibleAssets": 1328100000}], "maxAge": 86400}, "indexTrend": {"maxAge": 1, "symbol": "SP5", "peRatio": 19.7411, "pegRatio": 1.34172, "estimates": [{"period": "0q", "growth": 0.549}, {"period": "+1q", "growth": 0.431}, {"period": "0y", "growth": 0.305}, {"period": "+1y", "growth": 0.109}, {"period": "+5y", "growth": 0.120865}, {"period": "-5y"}]}, "defaultKeyStatistics": {"maxAge": 1, "priceHint": 2, "enterpriseValue": 1346600704, "profitMargins": 0.02191, "floatShares": 2132287, "sharesOutstanding": 7818290, "beta": 1.270066, "category": null, "bookValue": 172.461, "priceToBook": 0.9990665, "fundFamily": null, "legalType": null, "lastFiscalYearEnd": "2020-03-31 05:30:00", "nextFiscalYearEnd": "2022-03-31 05:30:00", "mostRecentQuarter": "2020-12-31 05:30:00", "earningsQuarterlyGrowth": 0.869, "netIncomeToCommon": 54100000, "trailingEps": 6.91, "lastSplitFactor": null, "enterpriseToRevenue": 0.545, "enterpriseToEbitda": 15.474, "52WeekChange": 0.64095235, "SandP52WeekChange": 0.48148263, "lastDividendValue": 2.5, "lastDividendDate": 1584489600}, "summaryProfile": {"address1": "Kulshekar", "city": "Mangalore", "zip": "575005", "country": "India", "website": "http://www.aspinwall.in", "industry": "Farm Products", "sector": "Consumer Defensive", "longBusinessSummary": "Aspinwall and Company Limited, a multi-line business organization, engages in coffee processing and trading, rubber plantation, natural fiber, and shipping and logistics businesses worldwide. Its Coffee segment is involved in the plantation, processing, trading, and export of coffee. The company's Plantation segment owns and manages approximately 2,000 acres of rubber plantations, as well as produces centrifuged latex and technically specified natural rubber. Its Natural Fibre segment produces entrance and corridor mats, carpets, mattings, rugs, runners, and mesh mattings; PVC and rubber-backed natural fiber products, and jute floor-coverings and furnishings, as well as supplies natural fiber geotextiles, which are used in environment engineering to prevent soil erosion; and coir pith, which is used in horticulture to grow plants. The company's Logistics segment provides liner, custom house agency, freight forwarding, air and bulk cargo, ship agency, stevedoring, warehousing, and project and over-dimensional cargo handling services. Aspinwall and Company Limited was founded in 1867 and is headquartered in Mangalore, India.", "fullTimeEmployees": 747, "companyOfficers": [], "maxAge": 86400}, "netSharePurchaseActivity": {"maxAge": 1, "period": "6m", "buyInfoCount": 0, "buyInfoShares": 0, "sellInfoCount": 0, "netInfoCount": 0, "netInfoShares": 0, "totalInsiderShares": 0}, "quoteType": {"exchange": "NSI", "quoteType": "EQUITY", "symbol": "ASPINWALL.NS", "underlyingSymbol": "ASPINWALL.NS", "shortName": "ASPINWALL AND COMP", "longName": "Aspinwall and Company Limited", "firstTradeDateEpochUtc": "2016-06-14 09:15:00", "timeZoneFullName": "Asia/Kolkata", "timeZoneShortName": "IST", "uuid": "d1d1b667-9a5f-316f-8d5b-486b717040c4", "messageBoardId": "finmb_20443544", "gmtOffSetMilliseconds": 19800000, "maxAge": 1}, "incomeStatementHistory": {"incomeStatementHistory": [{"maxAge": 1, "endDate": "2020-03-31", "totalRevenue": 2562600000, "costOfRevenue": 1070000000, "grossProfit": 1492600000, "researchDevelopment": {}, "sellingGeneralAdministrative": 374200000, "nonRecurring": {}, "otherOperatingExpenses": 1097400000, "totalOperatingExpenses": 2575800000, "operatingIncome": -13200000, "totalOtherIncomeExpenseNet": 7200000, "ebit": -13200000, "interestExpense": -46300000, "incomeBeforeTax": -6000000, "incomeTaxExpense": -1800000, "minorityInterest": {}, "netIncomeFromContinuingOps": -4200000, "discontinuedOperations": {}, "extraordinaryItems": {}, "effectOfAccountingCharges": {}, "otherItems": {}, "netIncome": -4200000, "netIncomeApplicableToCommonShares": -4200000}, {"maxAge": 1, "endDate": "2019-03-31", "totalRevenue": 2758400000, "costOfRevenue": 1254300000, "grossProfit": 1504100000, "researchDevelopment": {}, "sellingGeneralAdministrative": 366700000, "nonRecurring": {}, "otherOperatingExpenses": 998800000, "totalOperatingExpenses": 2645800000, "operatingIncome": 112600000, "totalOtherIncomeExpenseNet": -25800000, "ebit": 112600000, "interestExpense": -63200000, "incomeBeforeTax": 86800000, "incomeTaxExpense": 14200000, "minorityInterest": {}, "netIncomeFromContinuingOps": 72600000, "discontinuedOperations": {}, "extraordinaryItems": {}, "effectOfAccountingCharges": {}, "otherItems": {}, "netIncome": 72600000, "netIncomeApplicableToCommonShares": 72600000}, {"maxAge": 1, "endDate": "2018-03-31", "totalRevenue": 2827600000, "costOfRevenue": 969800000, "grossProfit": 1857800000, "researchDevelopment": {}, "sellingGeneralAdministrative": 363300000, "nonRecurring": {}, "otherOperatingExpenses": 1217800000, "totalOperatingExpenses": 2579200000, "operatingIncome": 248400000, "totalOtherIncomeExpenseNet": -42100000, "ebit": 248400000, "interestExpense": -42600000, "incomeBeforeTax": 206300000, "incomeTaxExpense": 77200000, "minorityInterest": {}, "netIncomeFromContinuingOps": 129100000, "discontinuedOperations": {}, "extraordinaryItems": {}, "effectOfAccountingCharges": {}, "otherItems": {}, "netIncome": 129100000, "netIncomeApplicableToCommonShares": 129100000}, {"maxAge": 1, "endDate": "2017-03-31", "totalRevenue": 2454000000, "costOfRevenue": 867200000, "grossProfit": 1586800000, "researchDevelopment": {}, "sellingGeneralAdministrative": 355000000, "nonRecurring": {}, "otherOperatingExpenses": 1024200000, "totalOperatingExpenses": 2272400000, "operatingIncome": 181600000, "totalOtherIncomeExpenseNet": -16600000, "ebit": 181600000, "interestExpense": -53200000, "incomeBeforeTax": 165000000, "incomeTaxExpense": 65900000, "minorityInterest": {}, "netIncomeFromContinuingOps": 99100000, "discontinuedOperations": {}, "extraordinaryItems": {}, "effectOfAccountingCharges": {}, "otherItems": {}, "netIncome": 99100000, "netIncomeApplicableToCommonShares": 99100000}], "maxAge": 86400}, "fundOwnership": {"maxAge": 1, "ownershipList": []}, "summaryDetail": {"maxAge": 1, "priceHint": 2, "previousClose": 176.5, "open": 184.6, "dayLow": 171.8, "dayHigh": 184.95, "regularMarketPreviousClose": 176.5, "regularMarketOpen": 184.6, "regularMarketDayLow": 171.8, "regularMarketDayHigh": 184.95, "exDividendDate": "2020-03-18 05:30:00", "payoutRatio": 0.36130002, "beta": 1.270066, "trailingPE": 24.934877, "volume": 2160, "regularMarketVolume": 2160, "averageVolume": 5744, "averageVolume10days": 1508, "averageDailyVolume10Day": 1508, "bid": 0.0, "ask": 0.0, "bidSize": 0, "askSize": 0, "marketCap": 1347091328, "fiftyTwoWeekLow": 93.75, "fiftyTwoWeekHigh": 233.7, "priceToSalesTrailing12Months": 0.5456241, "fiftyDayAverage": 179.05757, "twoHundredDayAverage": 154.49362, "trailingAnnualDividendRate": 0.0, "trailingAnnualDividendYield": 0.0, "currency": "INR", "fromCurrency": null, "toCurrency": null, "lastMarket": null, "algorithm": null, "tradeable": false}, "incomeStatementHistoryQuarterly": {"incomeStatementHistory": [{"maxAge": 1, "endDate": "2020-12-31", "totalRevenue": 781100000, "costOfRevenue": 283200000, "grossProfit": 497900000, "researchDevelopment": {}, "sellingGeneralAdministrative": 101600000, "nonRecurring": {}, "otherOperatingExpenses": 334000000, "totalOperatingExpenses": 726600000, "operatingIncome": 54500000, "totalOtherIncomeExpenseNet": 3400000, "ebit": 54500000, "interestExpense": -9000000, "incomeBeforeTax": 57900000, "incomeTaxExpense": 16400000, "minorityInterest": {}, "netIncomeFromContinuingOps": 41500000, "discontinuedOperations": {}, "extraordinaryItems": {}, "effectOfAccountingCharges": {}, "otherItems": {}, "netIncome": 41500000, "netIncomeApplicableToCommonShares": 41500000}, {"maxAge": 1, "endDate": "2020-06-30", "totalRevenue": 391100000, "costOfRevenue": 94400000, "grossProfit": 296700000, "researchDevelopment": {}, "sellingGeneralAdministrative": 89800000, "nonRecurring": {}, "otherOperatingExpenses": 228300000, "totalOperatingExpenses": 420700000, "operatingIncome": -29600000, "totalOtherIncomeExpenseNet": -500000, "ebit": -29600000, "interestExpense": -12700000, "incomeBeforeTax": -30100000, "incomeTaxExpense": -6400000, "minorityInterest": {}, "netIncomeFromContinuingOps": -23700000, "discontinuedOperations": {}, "extraordinaryItems": {}, "effectOfAccountingCharges": {}, "otherItems": {}, "netIncome": -23700000, "netIncomeApplicableToCommonShares": -23700000}, {"maxAge": 1, "endDate": "2020-03-31", "totalRevenue": 718900000, "costOfRevenue": 334000000, "grossProfit": 384900000, "researchDevelopment": {}, "sellingGeneralAdministrative": 96700000, "nonRecurring": {}, "otherOperatingExpenses": 276500000, "totalOperatingExpenses": 716400000, "operatingIncome": 2500000, "totalOtherIncomeExpenseNet": 15800000, "ebit": 2500000, "interestExpense": -8800000, "incomeBeforeTax": 18300000, "incomeTaxExpense": 2200000, "minorityInterest": {}, "netIncomeFromContinuingOps": 16100000, "discontinuedOperations": {}, "extraordinaryItems": {}, "effectOfAccountingCharges": {}, "otherItems": {}, "netIncome": 16100000, "netIncomeApplicableToCommonShares": 16100000}, {"maxAge": 1, "endDate": "2019-12-31", "totalRevenue": 702400000, "costOfRevenue": 252300000, "grossProfit": 450100000, "researchDevelopment": {}, "sellingGeneralAdministrative": 88100000, "nonRecurring": {}, "otherOperatingExpenses": 319100000, "totalOperatingExpenses": 668000000, "operatingIncome": 34400000, "totalOtherIncomeExpenseNet": -5700000, "ebit": 34400000, "interestExpense": -13200000, "incomeBeforeTax": 28700000, "incomeTaxExpense": 6500000, "minorityInterest": {}, "netIncomeFromContinuingOps": 22200000, "discontinuedOperations": {}, "extraordinaryItems": {}, "effectOfAccountingCharges": {}, "otherItems": {}, "netIncome": 22200000, "netIncomeApplicableToCommonShares": 22200000}], "maxAge": 86400}, "cashflowStatementHistoryQuarterly": {"cashflowStatements": [{"maxAge": 1, "endDate": "2020-12-31", "netIncome": 41500000, "changeToLiabilities": 0}, {"maxAge": 1, "endDate": "2020-06-30", "netIncome": -23700000, "changeToLiabilities": 0}, {"maxAge": 1, "endDate": "2020-03-31", "netIncome": 16100000, "changeToLiabilities": 0}, {"maxAge": 1, "endDate": "2019-12-31", "netIncome": 22200000, "changeToLiabilities": 0}], "maxAge": 86400}, "insiderHolders": {"holders": [], "maxAge": 1}, "calendarEvents": {"maxAge": 1, "earnings": {"earningsDate": []}, "exDividendDate": "2020-03-18 05:30:00"}, "price": {"maxAge": 1, "regularMarketChangePercent": -0.023796016, "regularMarketChange": -4.199997, "regularMarketTime": "2021-04-30 15:29:43", "priceHint": 2, "regularMarketPrice": 172.3, "regularMarketDayHigh": 184.95, "regularMarketDayLow": 171.8, "regularMarketVolume": 2160, "averageDailyVolume10Day": 1508, "averageDailyVolume3Month": 5744, "regularMarketPreviousClose": 176.5, "regularMarketSource": "FREE_REALTIME", "regularMarketOpen": 184.6, "exchange": "NSI", "exchangeName": "NSE", "exchangeDataDelayedBy": 15, "marketState": "CLOSED", "quoteType": "EQUITY", "symbol": "ASPINWALL.NS", "underlyingSymbol": null, "shortName": "ASPINWALL AND COMP", "longName": "Aspinwall and Company Limited", "currency": "INR", "quoteSourceName": "Delayed Quote", "currencySymbol": "\u20b9", "fromCurrency": null, "toCurrency": null, "lastMarket": null, "marketCap": 1347091328}, "balanceSheetHistory": {"balanceSheetStatements": [{"maxAge": 1, "endDate": "2020-03-31", "cash": 49200000, "shortTermInvestments": 18600000, "netReceivables": 589500000, "inventory": 688500000, "otherCurrentAssets": 61600000, "totalCurrentAssets": 1423500000, "longTermInvestments": 300000, "propertyPlantEquipment": 633100000, "otherAssets": 309400000, "deferredLongTermAssetCharges": 42500000, "totalAssets": 2366300000, "accountsPayable": 141700000, "shortLongTermDebt": 39200000, "otherCurrentLiab": 320500000, "longTermDebt": 26400000, "otherLiab": 48100000, "totalCurrentLiabilities": 943500000, "totalLiab": 1018000000, "commonStock": 78200000, "retainedEarnings": 1263700000, "treasuryStock": 6400000, "otherStockholderEquity": 6400000, "totalStockholderEquity": 1348300000, "netTangibleAssets": 1348300000}, {"maxAge": 1, "endDate": "2019-03-31", "cash": 43800000, "shortTermInvestments": 20200000, "netReceivables": 506500000, "inventory": 987400000, "otherCurrentAssets": 69800000, "totalCurrentAssets": 1658400000, "longTermInvestments": 300000, "propertyPlantEquipment": 638700000, "otherAssets": 264500000, "deferredLongTermAssetCharges": 39500000, "totalAssets": 2561900000, "accountsPayable": 87800000, "shortLongTermDebt": 39200000, "otherCurrentLiab": 291700000, "longTermDebt": 65600000, "otherLiab": 38300000, "totalCurrentLiabilities": 1059100000, "totalLiab": 1163000000, "commonStock": 78200000, "retainedEarnings": 1314300000, "treasuryStock": 6400000, "otherStockholderEquity": 6400000, "totalStockholderEquity": 1398900000, "netTangibleAssets": 1398900000}, {"maxAge": 1, "endDate": "2018-03-31", "cash": 34100000, "shortTermInvestments": 25100000, "netReceivables": 524100000, "inventory": 1079300000, "otherCurrentAssets": 96000000, "totalCurrentAssets": 1794700000, "longTermInvestments": 300000, "propertyPlantEquipment": 708600000, "otherAssets": 125900000, "deferredLongTermAssetCharges": 32500000, "totalAssets": 2629500000, "accountsPayable": 91700000, "shortLongTermDebt": 42800000, "otherCurrentLiab": 265800000, "longTermDebt": 104800000, "otherLiab": 23900000, "totalCurrentLiabilities": 1135200000, "totalLiab": 1263900000, "commonStock": 78200000, "retainedEarnings": 1281000000, "treasuryStock": 6400000, "otherStockholderEquity": 6400000, "totalStockholderEquity": 1365600000, "netTangibleAssets": 1365600000}, {"maxAge": 1, "endDate": "2017-03-31", "cash": 46500000, "shortTermInvestments": 19000000, "netReceivables": 482600000, "inventory": 615000000, "otherCurrentAssets": 154600000, "totalCurrentAssets": 1355700000, "longTermInvestments": 300000, "propertyPlantEquipment": 640200000, "otherAssets": 115200000, "deferredLongTermAssetCharges": 29400000, "totalAssets": 2111400000, "accountsPayable": 47400000, "shortLongTermDebt": 30200000, "otherCurrentLiab": 203500000, "longTermDebt": 111500000, "otherLiab": 73400000, "totalCurrentLiabilities": 661400000, "totalLiab": 846300000, "commonStock": 78200000, "retainedEarnings": 1184700000, "treasuryStock": 2200000, "otherStockholderEquity": 2200000, "totalStockholderEquity": 1265100000, "netTangibleAssets": 1265100000}], "maxAge": 86400}, "financialData": {"maxAge": 86400, "currentPrice": 172.3, "recommendationKey": "none", "ebitda": 87025000, "totalRevenue": 2468900096, "revenuePerShare": 315.457, "grossProfits": 1492600000, "earningsGrowth": 0.87, "revenueGrowth": 0.112, "grossMargins": 0.64231, "ebitdaMargins": 0.03525, "operatingMargins": 0.01936, "profitMargins": 0.02191, "financialCurrency": "INR"}}}