{"ASTRAMICRO.BO": {"recommendationTrend": {"trend": [{"period": "0m", "strongBuy": 0, "buy": 0, "hold": 0, "sell": 0, "strongSell": 0}, {"period": "-1m", "strongBuy": 0, "buy": 0, "hold": 0, "sell": 0, "strongSell": 0}, {"period": "-2m", "strongBuy": 0, "buy": 0, "hold": 0, "sell": 0, "strongSell": 0}, {"period": "-3m", "strongBuy": 0, "buy": 0, "hold": 0, "sell": 0, "strongSell": 0}], "maxAge": 86400}, "cashflowStatementHistory": {"cashflowStatements": [{"maxAge": 1, "endDate": "2020-03-31", "netIncome": 440415000, "depreciation": 257591000, "changeToNetincome": 9592000, "changeToAccountReceivables": -563002000, "changeToLiabilities": 1882293000, "changeToInventory": -1437774000, "changeToOperatingActivities": -904172000, "totalCashFromOperatingActivities": -315057000, "capitalExpenditures": -194227000, "investments": 105114000, "otherCashflowsFromInvestingActivities": 15364000, "totalCashflowsFromInvestingActivities": -59937000, "dividendsPaid": -21653000, "netBorrowings": 427136000, "otherCashflowsFromFinancingActivities": -37770000, "totalCashFromFinancingActivities": 367713000, "changeInCash": -7281000}, {"maxAge": 1, "endDate": "2019-03-31", "netIncome": 97620000, "depreciation": 289013000, "changeToNetincome": -93037000, "changeToAccountReceivables": -11915000, "changeToLiabilities": 325645000, "changeToInventory": -325950000, "changeToOperatingActivities": -266668000, "totalCashFromOperatingActivities": 14708000, "capitalExpenditures": -162174000, "investments": 971487000, "otherCashflowsFromInvestingActivities": 14725000, "totalCashflowsFromInvestingActivities": 854220000, "dividendsPaid": -103934000, "netBorrowings": -786958000, "otherCashflowsFromFinancingActivities": -93348000, "totalCashFromFinancingActivities": -984240000, "changeInCash": -115312000}, {"maxAge": 1, "endDate": "2018-03-31", "netIncome": 610900000, "depreciation": 274085000, "changeToNetincome": 84922000, "changeToAccountReceivables": 295391000, "changeToLiabilities": 206524000, "changeToInventory": 223877000, "changeToOperatingActivities": 92564000, "totalCashFromOperatingActivities": 1788263000, "capitalExpenditures": -338982000, "investments": -627674000, "otherCashflowsFromInvestingActivities": 22176000, "totalCashflowsFromInvestingActivities": -943460000, "dividendsPaid": -86612000, "netBorrowings": -417745000, "otherCashflowsFromFinancingActivities": -143145000, "totalCashFromFinancingActivities": -647502000, "changeInCash": 197301000}, {"maxAge": 1, "endDate": "2017-03-31", "netIncome": 575760436, "depreciation": 244936891, "changeToNetincome": 14452289, "changeToAccountReceivables": -571177179, "changeToLiabilities": 24460594, "changeToInventory": -28459086, "changeToOperatingActivities": -116044973, "totalCashFromOperatingActivities": 143928972, "capitalExpenditures": -723654831, "investments": -549887211, "otherCashflowsFromInvestingActivities": 38982620, "totalCashflowsFromInvestingActivities": -1234132421, "dividendsPaid": -103934010, "netBorrowings": 696681001, "otherCashflowsFromFinancingActivities": -133691327, "totalCashFromFinancingActivities": 459055664, "changeInCash": -631147785}], "maxAge": 86400}, "institutionOwnership": {"maxAge": 1, "ownershipList": []}, "balanceSheetHistoryQuarterly": {"balanceSheetStatements": [{"maxAge": 1, "endDate": "2020-06-30", "totalStockholderEquity": 5401508000, "netTangibleAssets": 5401508000}, {"maxAge": 1, "endDate": "2020-03-31", "cash": 90838000, "netReceivables": 2493584000, "inventory": 2835481000, "otherCurrentAssets": 1287592000, "totalCurrentAssets": 6885828000, "longTermInvestments": 131860000, "propertyPlantEquipment": 1727709000, "otherAssets": 208313000, "deferredLongTermAssetCharges": 13396000, "totalAssets": 8953710000, "accountsPayable": 611296000, "shortLongTermDebt": 47544000, "otherCurrentLiab": 2138678000, "otherLiab": 35133000, "minorityInterest": 16000, "totalCurrentLiabilities": 3517053000, "totalLiab": 3552186000, "commonStock": 173223000, "retainedEarnings": 4541384000, "treasuryStock": 1281000, "capitalSurplus": 685620000, "otherStockholderEquity": 1281000, "totalStockholderEquity": 5401508000, "netTangibleAssets": 5401508000}, {"maxAge": 1, "endDate": "2019-12-31", "totalStockholderEquity": 5082454000, "netTangibleAssets": 5082454000}, {"maxAge": 1, "endDate": "2019-09-30", "cash": 502403000, "shortTermInvestments": 735360000, "netReceivables": 2033536000, "inventory": 1824369000, "otherCurrentAssets": 567164000, "totalCurrentAssets": 5662832000, "longTermInvestments": 129875000, "propertyPlantEquipment": 1794800000, "otherAssets": 164906000, "deferredLongTermAssetCharges": 8710000, "totalAssets": 7752413000, "accountsPayable": 187777000, "shortLongTermDebt": 124309000, "otherCurrentLiab": 2188722000, "otherLiab": 54562000, "minorityInterest": 17000, "totalCurrentLiabilities": 2615380000, "totalLiab": 2669942000, "commonStock": 173223000, "treasuryStock": 4909231000, "otherStockholderEquity": 4909231000, "totalStockholderEquity": 5082454000, "netTangibleAssets": 5082454000}], "maxAge": 86400}, "earningsHistory": {"history": [{"maxAge": 1, "epsActual": {}, "epsEstimate": {}, "epsDifference": {}, "surprisePercent": {}, "quarter": {}, "period": "-4q"}, {"maxAge": 1, "epsActual": {}, "epsEstimate": {}, "epsDifference": {}, "surprisePercent": {}, "quarter": {}, "period": "-3q"}, {"maxAge": 1, "epsActual": {}, "epsEstimate": {}, "epsDifference": {}, "surprisePercent": {}, "quarter": {}, "period": "-2q"}, {"maxAge": 1, "epsActual": {}, "epsEstimate": {}, "epsDifference": {}, "surprisePercent": {}, "quarter": {}, "period": "-1q"}], "maxAge": 86400}, "indexTrend": {"maxAge": 1, "symbol": "SP5", "peRatio": 19.7411, "pegRatio": 1.34172, "estimates": [{"period": "0q", "growth": 0.549}, {"period": "+1q", "growth": 0.431}, {"period": "0y", "growth": 0.305}, {"period": "+1y", "growth": 0.109}, {"period": "+5y", "growth": 0.120865}, {"period": "-5y"}]}, "industryTrend": {"maxAge": 1, "symbol": null, "estimates": []}, "insiderTransactions": {"transactions": [{"maxAge": 1, "shares": 19676, "value": 31253, "filerUrl": "", "transactionText": "Sale at price 1.59 per share.", "filerName": "Prameelamma (C.)", "filerRelation": "Promoter", "moneyText": "", "startDate": "2020-09-30", "ownership": "D"}, {"maxAge": 1, "shares": 5400, "filerUrl": "", "transactionText": "", "filerName": "Thallapalli (Anjaneyulu)", "filerRelation": "UNREPORTED", "moneyText": "", "startDate": "2020-03-31", "ownership": "D"}, {"maxAge": 1, "shares": 6000, "filerUrl": "", "transactionText": "", "filerName": "Ashwini (P)", "filerRelation": "UNREPORTED", "moneyText": "", "startDate": "2020-03-25", "ownership": "D"}, {"maxAge": 1, "shares": 6000, "filerUrl": "", "transactionText": "", "filerName": "Kabra (Atim)", "filerRelation": "Director (Non-Executive)", "moneyText": "", "startDate": "2020-03-24", "ownership": "D"}, {"maxAge": 1, "shares": 4527, "filerUrl": "", "transactionText": "", "filerName": "Reddy (Gurunatha S)", "filerRelation": "Wholetime Director", "moneyText": "", "startDate": "2020-03-23", "ownership": "D"}, {"maxAge": 1, "shares": 61751, "filerUrl": "", "transactionText": "", "filerName": "Chitrakar (P A)", "filerRelation": "Promoter", "moneyText": "", "startDate": "2020-03-19", "ownership": "D"}, {"maxAge": 1, "shares": 44903, "filerUrl": "", "transactionText": "", "filerName": "Chitrakar (Renuka)", "filerRelation": "Promoter", "moneyText": "", "startDate": "2020-03-19", "ownership": "D"}, {"maxAge": 1, "shares": 18863, "filerUrl": "", "transactionText": "", "filerName": "Kabra (Atim)", "filerRelation": "Director (Non-Executive)", "moneyText": "", "startDate": "2020-03-16", "ownership": "D"}, {"maxAge": 1, "shares": 25000, "filerUrl": "", "transactionText": "", "filerName": "Reddy (Gurunatha S)", "filerRelation": "UNREPORTED", "moneyText": "", "startDate": "2020-03-16", "ownership": "D"}, {"maxAge": 1, "shares": 5500, "filerUrl": "", "transactionText": "", "filerName": "Amaravathi (S)", "filerRelation": "UNREPORTED", "moneyText": "", "startDate": "2020-03-13", "ownership": "D"}, {"maxAge": 1, "shares": 71809, "filerUrl": "", "transactionText": "", "filerName": "Chitrakar (P A)", "filerRelation": "Promoter", "moneyText": "", "startDate": "2020-03-13", "ownership": "D"}, {"maxAge": 1, "shares": 25600, "filerUrl": "", "transactionText": "", "filerName": "Chitrakar (Renuka)", "filerRelation": "Promoter", "moneyText": "", "startDate": "2020-03-13", "ownership": "D"}, {"maxAge": 1, "shares": 7500, "filerUrl": "", "transactionText": "", "filerName": "Reddy (M Venkateshwar)", "filerRelation": "Joint Managing director", "moneyText": "", "startDate": "2020-03-13", "ownership": "D"}, {"maxAge": 1, "shares": 5000, "filerUrl": "", "transactionText": "", "filerName": "Putchlapalli (Ramakrishna Reddy)", "filerRelation": "Promoter", "moneyText": "", "startDate": "2019-09-11", "ownership": "D"}, {"maxAge": 1, "shares": 4870, "filerUrl": "", "transactionText": "", "filerName": "Prameelamma (C.)", "filerRelation": "Director", "moneyText": "", "startDate": "2019-06-14", "ownership": "D"}, {"maxAge": 1, "shares": 22422, "filerUrl": "", "transactionText": "", "filerName": "Prameelamma (C.)", "filerRelation": "Director", "moneyText": "", "startDate": "2019-06-12", "ownership": "D"}, {"maxAge": 1, "shares": 4010, "filerUrl": "", "transactionText": "", "filerName": "Putchlapalli (Ramakrishna Reddy)", "filerRelation": "Promoter", "moneyText": "", "startDate": "2019-06-03", "ownership": "D"}, {"maxAge": 1, "shares": 9527, "filerUrl": "", "transactionText": "", "filerName": "Reddy (Prathap C)", "filerRelation": "Promoter", "moneyText": "", "startDate": "2019-03-01", "ownership": "D"}, {"maxAge": 1, "shares": 9128, "filerUrl": "", "transactionText": "", "filerName": "Reddy (Prathap C)", "filerRelation": "Promoter", "moneyText": "", "startDate": "2019-01-15", "ownership": "D"}, {"maxAge": 1, "shares": 51000, "filerUrl": "", "transactionText": "", "filerName": "Prameelamma (C.)", "filerRelation": "Director (Executive)", "moneyText": "", "startDate": "2019-01-07", "ownership": "D"}, {"maxAge": 1, "shares": 52095, "filerUrl": "", "transactionText": "", "filerName": "Reddy (Prathap C)", "filerRelation": "Promoter", "moneyText": "", "startDate": "2019-01-07", "ownership": "D"}, {"maxAge": 1, "shares": 10000, "filerUrl": "", "transactionText": "", "filerName": "Chittepu (Lakshmi Reddy)", "filerRelation": "Promoter", "moneyText": "", "startDate": "2018-12-19", "ownership": "D"}, {"maxAge": 1, "shares": 99542, "filerUrl": "", "transactionText": "", "filerName": "Prameelamma (C.)", "filerRelation": "Director (Executive)", "moneyText": "", "startDate": "2018-11-28", "ownership": "D"}], "maxAge": 1}, "quoteType": {"exchange": "BSE", "quoteType": "EQUITY", "symbol": "ASTRAMICRO.BO", "underlyingSymbol": "ASTRAMICRO.BO", "shortName": "ASTRA MICROWAVE PRODUCTS LTD.", "longName": "Astra Microwave Products Limited", "firstTradeDateEpochUtc": "2003-04-08 09:15:00", "timeZoneFullName": "Asia/Kolkata", "timeZoneShortName": "IST", "uuid": "fce774e0-67dc-31ac-9c72-4faf3b26a919", "messageBoardId": null, "gmtOffSetMilliseconds": 19800000, "maxAge": 1}, "incomeStatementHistory": {"incomeStatementHistory": [{"maxAge": 1, "endDate": "2020-03-31", "totalRevenue": 4675099000, "costOfRevenue": 2766087000, "grossProfit": 1909012000, "researchDevelopment": {}, "sellingGeneralAdministrative": 732304000, "nonRecurring": {}, "otherOperatingExpenses": 341396000, "totalOperatingExpenses": 4097378000, "operatingIncome": 577721000, "totalOtherIncomeExpenseNet": 13670000, "ebit": 577721000, "interestExpense": -84620000, "incomeBeforeTax": 591391000, "incomeTaxExpense": 150976000, "minorityInterest": 16000, "netIncomeFromContinuingOps": 440415000, "discontinuedOperations": {}, "extraordinaryItems": {}, "effectOfAccountingCharges": {}, "otherItems": {}, "netIncome": 440415000, "netIncomeApplicableToCommonShares": 440415000}, {"maxAge": 1, "endDate": "2019-03-31", "totalRevenue": 3042839000, "costOfRevenue": 1726352000, "grossProfit": 1316487000, "researchDevelopment": {}, "sellingGeneralAdministrative": 677103000, "nonRecurring": {}, "otherOperatingExpenses": 239274000, "totalOperatingExpenses": 2931742000, "operatingIncome": 111097000, "totalOtherIncomeExpenseNet": 22483000, "ebit": 111097000, "interestExpense": -92631000, "incomeBeforeTax": 133580000, "incomeTaxExpense": 35960000, "minorityInterest": 16000, "netIncomeFromContinuingOps": 97620000, "discontinuedOperations": {}, "extraordinaryItems": {}, "effectOfAccountingCharges": {}, "otherItems": {}, "netIncome": 97620000, "netIncomeApplicableToCommonShares": 97620000}, {"maxAge": 1, "endDate": "2018-03-31", "totalRevenue": 3627940000, "costOfRevenue": 1571209000, "grossProfit": 2056731000, "researchDevelopment": {}, "sellingGeneralAdministrative": 720438000, "nonRecurring": {}, "otherOperatingExpenses": 213394000, "totalOperatingExpenses": 2779126000, "operatingIncome": 848814000, "totalOtherIncomeExpenseNet": -51377000, "ebit": 848814000, "interestExpense": -121957000, "incomeBeforeTax": 797437000, "incomeTaxExpense": 186521000, "minorityInterest": 16000, "netIncomeFromContinuingOps": 610916000, "discontinuedOperations": {}, "extraordinaryItems": {}, "effectOfAccountingCharges": {}, "otherItems": {}, "netIncome": 610900000, "netIncomeApplicableToCommonShares": 610900000}, {"maxAge": 1, "endDate": "2017-03-31", "totalRevenue": 3897994618, "costOfRevenue": 2011318381, "grossProfit": 1886676237, "researchDevelopment": {}, "sellingGeneralAdministrative": 637434309, "nonRecurring": {}, "otherOperatingExpenses": 241900610, "totalOperatingExpenses": 3135590191, "operatingIncome": 762404427, "totalOtherIncomeExpenseNet": -65164708, "ebit": 762404427, "interestExpense": -112331589, "incomeBeforeTax": 697239719, "incomeTaxExpense": 121479428, "minorityInterest": 439, "netIncomeFromContinuingOps": 575760291, "discontinuedOperations": {}, "extraordinaryItems": {}, "effectOfAccountingCharges": {}, "otherItems": {}, "netIncome": 575760436, "netIncomeApplicableToCommonShares": 575760436}], "maxAge": 86400}, "fundOwnership": {"maxAge": 1, "ownershipList": [{"maxAge": 1, "reportDate": "2020-07-31", "organization": "DFA Emerging Markets Core Equity Portfolio", "pctHeld": 0.0005, "position": 45479, "value": 4841239}]}, "summaryDetail": {"maxAge": 1, "priceHint": 2, "previousClose": 116.0, "open": 115.0, "dayLow": 114.5, "dayHigh": 118.7, "regularMarketPreviousClose": 116.0, "regularMarketOpen": 115.0, "regularMarketDayLow": 114.5, "regularMarketDayHigh": 118.7, "trailingPE": 19.51199, "volume": 19749, "regularMarketVolume": 19749, "averageVolume": 33998, "averageVolume10days": 17034, "averageDailyVolume10Day": 17034, "bid": 115.0, "ask": 116.25, "bidSize": 0, "askSize": 0, "marketCap": 10007982080, "fiftyTwoWeekLow": 45.85, "fiftyTwoWeekHigh": 134.9, "fiftyDayAverage": 120.98572, "twoHundredDayAverage": 118.00292, "trailingAnnualDividendRate": 1.2, "trailingAnnualDividendYield": 0.010344828, "currency": "INR", "fromCurrency": null, "toCurrency": null, "lastMarket": null, "algorithm": null, "tradeable": false}, "sectorTrend": {"maxAge": 1, "symbol": null, "estimates": []}, "incomeStatementHistoryQuarterly": {"incomeStatementHistory": [{"maxAge": 1, "endDate": "2020-06-30", "totalRevenue": 990260000, "costOfRevenue": 695804000, "grossProfit": 294456000, "researchDevelopment": {}, "sellingGeneralAdministrative": 147841000, "nonRecurring": {}, "otherOperatingExpenses": 104054000, "totalOperatingExpenses": 1005413000, "operatingIncome": -15153000, "totalOtherIncomeExpenseNet": -7168000, "ebit": -15153000, "interestExpense": -32967000, "incomeBeforeTax": -22321000, "incomeTaxExpense": -6722000, "minorityInterest": {}, "netIncomeFromContinuingOps": -15599000, "discontinuedOperations": {}, "extraordinaryItems": {}, "effectOfAccountingCharges": {}, "otherItems": {}, "netIncome": -15599000, "netIncomeApplicableToCommonShares": -15599000}, {"maxAge": 1, "endDate": "2020-03-31", "totalRevenue": 1748194000, "costOfRevenue": 1313585000, "grossProfit": 434609000, "researchDevelopment": {}, "sellingGeneralAdministrative": 238805000, "nonRecurring": {}, "otherOperatingExpenses": 38300000, "totalOperatingExpenses": 1656627000, "operatingIncome": 91567000, "totalOtherIncomeExpenseNet": 29881000, "ebit": 91567000, "interestExpense": -30811000, "incomeBeforeTax": 121448000, "incomeTaxExpense": 18826000, "minorityInterest": 16000, "netIncomeFromContinuingOps": 102622000, "discontinuedOperations": {}, "extraordinaryItems": {}, "effectOfAccountingCharges": {}, "otherItems": {}, "netIncome": 102622000, "netIncomeApplicableToCommonShares": 102622000}, {"maxAge": 1, "endDate": "2019-12-31", "totalRevenue": 1506667000, "costOfRevenue": 862867000, "grossProfit": 643800000, "researchDevelopment": {}, "sellingGeneralAdministrative": 181361000, "nonRecurring": {}, "otherOperatingExpenses": 73655000, "totalOperatingExpenses": 1183595000, "operatingIncome": 323072000, "totalOtherIncomeExpenseNet": -1490000, "ebit": 323072000, "interestExpense": -17329000, "incomeBeforeTax": 321582000, "incomeTaxExpense": 95511000, "minorityInterest": 16000, "netIncomeFromContinuingOps": 226071000, "discontinuedOperations": {}, "extraordinaryItems": {}, "effectOfAccountingCharges": {}, "otherItems": {}, "netIncome": 226071000, "netIncomeApplicableToCommonShares": 226071000}, {"maxAge": 1, "endDate": "2019-09-30", "totalRevenue": 1103763000, "costOfRevenue": 506452000, "grossProfit": 597311000, "researchDevelopment": {}, "sellingGeneralAdministrative": 161444000, "nonRecurring": {}, "otherOperatingExpenses": 100823000, "totalOperatingExpenses": 832815000, "operatingIncome": 270948000, "totalOtherIncomeExpenseNet": -301999, "ebit": 270948000, "interestExpense": -16940000, "incomeBeforeTax": 270646000, "incomeTaxExpense": 70459000, "minorityInterest": 17000, "netIncomeFromContinuingOps": 200187000, "discontinuedOperations": {}, "extraordinaryItems": {}, "effectOfAccountingCharges": {}, "otherItems": {}, "netIncome": 200187000, "netIncomeApplicableToCommonShares": 200187000}], "maxAge": 86400}, "cashflowStatementHistoryQuarterly": {"cashflowStatements": [{"maxAge": 1, "endDate": "2020-06-30", "netIncome": -15599000, "changeToLiabilities": 0}, {"maxAge": 1, "endDate": "2020-03-31", "netIncome": 102622000, "changeToLiabilities": 0}, {"maxAge": 1, "endDate": "2019-12-31", "netIncome": 226071000, "changeToLiabilities": 0}, {"maxAge": 1, "endDate": "2019-09-30", "netIncome": 200187000, "changeToLiabilities": 0}], "maxAge": 86400}, "insiderHolders": {"holders": [{"maxAge": 1, "name": "Amaravathi (S)", "relation": "UNREPORTED", "url": "", "transactionDescription": "Acquisition", "latestTransDate": "2020-03-13", "positionDirect": 5500, "positionDirectDate": "2020-03-13"}, {"maxAge": 1, "name": "Ashwini (P)", "relation": "UNREPORTED", "url": "", "transactionDescription": "Acquisition", "latestTransDate": "2020-03-25", "positionDirect": 70941, "positionDirectDate": "2020-03-25"}, {"maxAge": 1, "name": "Chitrakar (P A)", "relation": "Promoter", "url": "", "transactionDescription": "Acquisition", "latestTransDate": "2020-03-19", "positionDirect": 3290830, "positionDirectDate": "2020-03-19"}, {"maxAge": 1, "name": "Chitrakar (Renuka)", "relation": "Promoter", "url": "", "transactionDescription": "Acquisition", "latestTransDate": "2020-03-19", "positionDirect": 3014997, "positionDirectDate": "2020-03-19"}, {"maxAge": 1, "name": "Kabra (Atim)", "relation": "Director (Non-Executive)", "url": "", "transactionDescription": "Acquisition", "latestTransDate": "2020-03-24", "positionDirect": 3356074, "positionDirectDate": "2020-03-24"}, {"maxAge": 1, "name": "Prameelamma (C.)", "relation": "Promoter", "url": "", "transactionDescription": "Sale", "latestTransDate": "2020-09-30", "positionDirect": 1465561, "positionDirectDate": "2020-09-30"}, {"maxAge": 1, "name": "Putchlapalli (Ramakrishna Reddy)", "relation": "Promoter", "url": "", "transactionDescription": "Sale", "latestTransDate": "2019-09-11", "positionDirect": 43165, "positionDirectDate": "2019-09-11"}, {"maxAge": 1, "name": "Reddy (Gurunatha S)", "relation": "Wholetime Director", "url": "", "transactionDescription": "Acquisition", "latestTransDate": "2020-03-23", "positionDirect": 88465, "positionDirectDate": "2020-03-23"}, {"maxAge": 1, "name": "Reddy (M Venkateshwar)", "relation": "Joint Managing director", "url": "", "transactionDescription": "Acquisition", "latestTransDate": "2020-03-13", "positionDirect": 61350, "positionDirectDate": "2020-03-13"}, {"maxAge": 1, "name": "Thallapalli (Anjaneyulu)", "relation": "UNREPORTED", "url": "", "transactionDescription": "Acquisition", "latestTransDate": "2020-03-31", "positionDirect": 10400, "positionDirectDate": "2020-03-31"}], "maxAge": 1}, "earnings": {"maxAge": 86400, "earningsChart": {"quarterly": [], "earningsDate": []}, "financialsChart": {"yearly": [{"date": 2017, "revenue": 3897994618, "earnings": 575760436}, {"date": 2018, "revenue": 3627940000, "earnings": 610900000}, {"date": 2019, "revenue": 3042839000, "earnings": 97620000}, {"date": 2020, "revenue": 4675099000, "earnings": 440415000}], "quarterly": [{"date": "3Q2019", "revenue": 1103763000, "earnings": 200187000}, {"date": "4Q2019", "revenue": 1506667000, "earnings": 226071000}, {"date": "1Q2020", "revenue": 1748194000, "earnings": 102622000}, {"date": "2Q2020", "revenue": 990260000, "earnings": -15599000}]}, "financialCurrency": "INR"}, "calendarEvents": {"maxAge": 1, "earnings": {"earningsDate": []}}, "price": {"maxAge": 1, "regularMarketChangePercent": -0.003879284, "regularMarketChange": -0.44999695, "regularMarketTime": "2021-04-30 15:29:51", "priceHint": 2, "regularMarketPrice": 115.55, "regularMarketDayHigh": 118.7, "regularMarketDayLow": 114.5, "regularMarketVolume": 19749, "averageDailyVolume10Day": 17034, "averageDailyVolume3Month": 33998, "regularMarketPreviousClose": 116.0, "regularMarketSource": "FREE_REALTIME", "regularMarketOpen": 115.0, "exchange": "BSE", "exchangeName": "BSE", "exchangeDataDelayedBy": 0, "marketState": "CLOSED", "quoteType": "EQUITY", "symbol": "ASTRAMICRO.BO", "underlyingSymbol": null, "shortName": "ASTRA MICROWAVE PRODUCTS LTD.", "longName": "Astra Microwave Products Limited", "currency": "INR", "quoteSourceName": "Delayed Quote", "currencySymbol": "\u20b9", "fromCurrency": null, "toCurrency": null, "lastMarket": null, "marketCap": 10007982080}, "balanceSheetHistory": {"balanceSheetStatements": [{"maxAge": 1, "endDate": "2020-03-31", "cash": 90838000, "netReceivables": 2493584000, "inventory": 2835481000, "otherCurrentAssets": 1287592000, "totalCurrentAssets": 6885828000, "longTermInvestments": 131860000, "propertyPlantEquipment": 1727709000, "otherAssets": 208313000, "deferredLongTermAssetCharges": 13396000, "totalAssets": 8953710000, "accountsPayable": 611296000, "shortLongTermDebt": 47544000, "otherCurrentLiab": 2138678000, "otherLiab": 35133000, "minorityInterest": 16000, "totalCurrentLiabilities": 3517053000, "totalLiab": 3552186000, "commonStock": 173223000, "retainedEarnings": 4541384000, "treasuryStock": 1281000, "capitalSurplus": 685620000, "otherStockholderEquity": 1281000, "totalStockholderEquity": 5401508000, "netTangibleAssets": 5401508000}, {"maxAge": 1, "endDate": "2019-03-31", "cash": 98119000, "netReceivables": 1921406000, "inventory": 1397706000, "otherCurrentAssets": 360267000, "totalCurrentAssets": 4006245000, "longTermInvestments": 144749000, "propertyPlantEquipment": 1806081000, "otherAssets": 203952000, "deferredLongTermAssetCharges": 8710000, "totalAssets": 6161027000, "accountsPayable": 245911000, "shortLongTermDebt": 95066000, "otherCurrentLiab": 536694000, "longTermDebt": 47544000, "otherLiab": 49553000, "minorityInterest": 16000, "totalCurrentLiabilities": 1068281000, "totalLiab": 1165378000, "commonStock": 173223000, "retainedEarnings": 4136836000, "treasuryStock": -46000, "capitalSurplus": 685620000, "otherStockholderEquity": -46000, "totalStockholderEquity": 4995633000, "netTangibleAssets": 4995633000}, {"maxAge": 1, "endDate": "2018-03-31", "cash": 213431000, "shortTermInvestments": 75000000, "netReceivables": 1904059000, "inventory": 1071755000, "otherCurrentAssets": 86951000, "totalCurrentAssets": 4630955000, "longTermInvestments": 20000, "propertyPlantEquipment": 1952034000, "otherAssets": 180004000, "deferredLongTermAssetCharges": 2697000, "totalAssets": 6763013000, "accountsPayable": 146853000, "shortLongTermDebt": 594022000, "otherCurrentLiab": 288835000, "longTermDebt": 142610000, "otherLiab": 56896000, "minorityInterest": 16000, "totalCurrentLiabilities": 1553133000, "totalLiab": 1752639000, "commonStock": 173223000, "retainedEarnings": 4026602000, "treasuryStock": 124913000, "capitalSurplus": 685620000, "otherStockholderEquity": 124913000, "totalStockholderEquity": 5010358000, "netTangibleAssets": 5010358000}, {"maxAge": 1, "endDate": "2017-03-31", "cash": 16129957, "netReceivables": 2195626727, "inventory": 1295632579, "otherCurrentAssets": 246890722, "totalCurrentAssets": 4345831243, "longTermInvestments": 20000, "propertyPlantEquipment": 1869342503, "otherAssets": 276456700, "totalAssets": 6491650446, "accountsPayable": 175883631, "shortLongTermDebt": 65559304, "otherCurrentLiab": 212964253, "longTermDebt": 673236995, "otherLiab": 37388561, "minorityInterest": 439, "totalCurrentLiabilities": 1281545215, "totalLiab": 1992170771, "commonStock": 173223350, "retainedEarnings": 3556592431, "treasuryStock": 84043419, "capitalSurplus": 685620036, "otherStockholderEquity": 84043419, "totalStockholderEquity": 4499479236, "netTangibleAssets": 4499479236}], "maxAge": 86400}, "earningsTrend": {"trend": [{"maxAge": 1, "period": "0q", "endDate": null, "growth": {}, "earningsEstimate": {"avg": 0.0, "low": 0.0, "high": 0.0, "yearAgoEps": {}, "numberOfAnalysts": 0, "growth": {}}, "revenueEstimate": {"avg": 0, "low": 0, "high": 0, "numberOfAnalysts": 0, "yearAgoRevenue": {}, "growth": {}}, "epsTrend": {"current": 0.0, "7daysAgo": 0.0, "30daysAgo": 0.0, "60daysAgo": 0.0, "90daysAgo": 0.0}, "epsRevisions": {"upLast7days": 0, "upLast30days": 0, "downLast30days": 0, "downLast90days": {}}}, {"maxAge": 1, "period": "+1q", "endDate": null, "growth": {}, "earningsEstimate": {"avg": 0.0, "low": 0.0, "high": 0.0, "yearAgoEps": {}, "numberOfAnalysts": 0, "growth": {}}, "revenueEstimate": {"avg": 0, "low": 0, "high": 0, "numberOfAnalysts": 0, "yearAgoRevenue": {}, "growth": {}}, "epsTrend": {"current": 0.0, "7daysAgo": 0.0, "30daysAgo": 0.0, "60daysAgo": 0.0, "90daysAgo": 0.0}, "epsRevisions": {"upLast7days": 0, "upLast30days": 0, "downLast30days": 0, "downLast90days": {}}}, {"maxAge": 1, "period": "0y", "endDate": null, "growth": {}, "earningsEstimate": {"avg": 0.0, "low": 0.0, "high": 0.0, "yearAgoEps": {}, "numberOfAnalysts": 0, "growth": {}}, "revenueEstimate": {"avg": 0, "low": 0, "high": 0, "numberOfAnalysts": 0, "yearAgoRevenue": {}, "growth": {}}, "epsTrend": {"current": 0.0, "7daysAgo": 0.0, "30daysAgo": 0.0, "60daysAgo": 0.0, "90daysAgo": 0.0}, "epsRevisions": {"upLast7days": 0, "upLast30days": 0, "downLast30days": 0, "downLast90days": {}}}, {"maxAge": 1, "period": "+1y", "endDate": null, "growth": {}, "earningsEstimate": {"avg": 0.0, "low": 0.0, "high": 0.0, "yearAgoEps": {}, "numberOfAnalysts": 0, "growth": {}}, "revenueEstimate": {"avg": 0, "low": 0, "high": 0, "numberOfAnalysts": 0, "yearAgoRevenue": {}, "growth": {}}, "epsTrend": {"current": 0.0, "7daysAgo": 0.0, "30daysAgo": 0.0, "60daysAgo": 0.0, "90daysAgo": 0.0}, "epsRevisions": {"upLast7days": 0, "upLast30days": 0, "downLast30days": 0, "downLast90days": {}}}, {"maxAge": 1, "period": "+5y", "endDate": null, "growth": 0.087, "earningsEstimate": {"avg": {}, "low": {}, "high": {}, "yearAgoEps": {}, "numberOfAnalysts": {}, "growth": {}}, "revenueEstimate": {"avg": {}, "low": {}, "high": {}, "numberOfAnalysts": {}, "yearAgoRevenue": {}, "growth": {}}, "epsTrend": {"current": {}, "7daysAgo": {}, "30daysAgo": {}, "60daysAgo": {}, "90daysAgo": {}}, "epsRevisions": {"upLast7days": {}, "upLast30days": {}, "downLast30days": {}, "downLast90days": {}}}, {"maxAge": 1, "period": "-5y", "endDate": null, "growth": {}, "earningsEstimate": {"avg": {}, "low": {}, "high": {}, "yearAgoEps": {}, "numberOfAnalysts": {}, "growth": {}}, "revenueEstimate": {"avg": {}, "low": {}, "high": {}, "numberOfAnalysts": {}, "yearAgoRevenue": {}, "growth": {}}, "epsTrend": {"current": {}, "7daysAgo": {}, "30daysAgo": {}, "60daysAgo": {}, "90daysAgo": {}}, "epsRevisions": {"upLast7days": {}, "upLast30days": {}, "downLast30days": {}, "downLast90days": {}}}], "maxAge": 1}, "financialData": {"maxAge": 86400, "currentPrice": 115.55, "targetHighPrice": 140.0, "targetLowPrice": 121.0, "targetMeanPrice": 130.5, "targetMedianPrice": 130.5, "recommendationKey": "none", "numberOfAnalystOpinions": 2, "grossProfits": 1909012000, "financialCurrency": "INR"}}}