{"ASTRAZEN.BO": {"recommendationTrend": {"trend": [{"period": "0m", "strongBuy": 0, "buy": 0, "hold": 0, "sell": 0, "strongSell": 0}, {"period": "-1m", "strongBuy": 0, "buy": 0, "hold": 0, "sell": 0, "strongSell": 0}, {"period": "-2m", "strongBuy": 0, "buy": 0, "hold": 0, "sell": 0, "strongSell": 0}, {"period": "-3m", "strongBuy": 0, "buy": 0, "hold": 0, "sell": 0, "strongSell": 0}], "maxAge": 86400}, "cashflowStatementHistory": {"cashflowStatements": [{"maxAge": 1, "endDate": "2020-03-31", "netIncome": 722100000, "depreciation": 185800000, "changeToNetincome": -7100000, "changeToAccountReceivables": -48300000, "changeToLiabilities": 414500000, "changeToInventory": -470300000, "changeToOperatingActivities": 77500000, "totalCashFromOperatingActivities": 874200000, "capitalExpenditures": -142200000, "investments": -1690000000, "otherCashflowsFromInvestingActivities": 119300000, "totalCashflowsFromInvestingActivities": -1708000000, "dividendsPaid": -25000000, "netBorrowings": -22100000, "otherCashflowsFromFinancingActivities": -16500000, "totalCashFromFinancingActivities": -63600000, "changeInCash": -897400000}, {"maxAge": 1, "endDate": "2019-03-31", "netIncome": 544500000, "depreciation": 149200000, "changeToNetincome": -242000000, "changeToAccountReceivables": -283500000, "changeToLiabilities": 410400000, "changeToInventory": -49600000, "changeToOperatingActivities": 20800000, "totalCashFromOperatingActivities": 549800000, "capitalExpenditures": -186900000, "investments": 116800000, "otherCashflowsFromInvestingActivities": 110200000, "totalCashflowsFromInvestingActivities": 42800000, "dividendsPaid": -25000000, "netBorrowings": -22100000, "otherCashflowsFromFinancingActivities": -16500000, "totalCashFromFinancingActivities": -63600000, "changeInCash": 592600000}, {"maxAge": 1, "endDate": "2018-03-31", "netIncome": 259100000, "depreciation": 147400000, "changeToNetincome": 23900000, "changeToAccountReceivables": -122900000, "changeToLiabilities": 395400000, "changeToInventory": -554400000, "changeToOperatingActivities": -60600000, "totalCashFromOperatingActivities": 87900000, "capitalExpenditures": -62800000, "investments": -110800000, "otherCashflowsFromInvestingActivities": 79700000, "totalCashflowsFromInvestingActivities": -93600000, "dividendsPaid": -25000000, "netBorrowings": -22100000, "otherCashflowsFromFinancingActivities": -16500000, "totalCashFromFinancingActivities": -63600000, "changeInCash": -5700000}, {"maxAge": 1, "endDate": "2017-03-31", "netIncome": 200500000, "depreciation": 158300000, "changeToNetincome": 24600000, "changeToAccountReceivables": 384100000, "changeToLiabilities": -449300000, "changeToInventory": 190200000, "changeToOperatingActivities": -127400000, "totalCashFromOperatingActivities": 381000000, "capitalExpenditures": -56500000, "investments": 100000, "otherCashflowsFromInvestingActivities": 56600000, "totalCashflowsFromInvestingActivities": 2500000, "dividendsPaid": -25000000, "netBorrowings": -22100000, "otherCashflowsFromFinancingActivities": -16500000, "totalCashFromFinancingActivities": -63600000, "changeInCash": 383500000}], "maxAge": 86400}, "institutionOwnership": {"maxAge": 1, "ownershipList": []}, "balanceSheetHistoryQuarterly": {"balanceSheetStatements": [{"maxAge": 1, "endDate": "2020-06-30", "totalStockholderEquity": 3644400000, "netTangibleAssets": 3644400000}, {"maxAge": 1, "endDate": "2020-03-31", "cash": 835000000, "shortTermInvestments": 1690000000, "netReceivables": 955800000, "inventory": 1651500000, "otherCurrentAssets": 208100000, "totalCurrentAssets": 5423200000, "propertyPlantEquipment": 957700000, "otherAssets": 682700000, "deferredLongTermAssetCharges": 146400000, "totalAssets": 7063600000, "accountsPayable": 2097200000, "otherCurrentLiab": 196200000, "otherLiab": 53800000, "totalCurrentLiabilities": 3272400000, "totalLiab": 3419200000, "commonStock": 50000000, "retainedEarnings": 2855000000, "treasuryStock": 739400000, "otherStockholderEquity": 739400000, "totalStockholderEquity": 3644400000, "netTangibleAssets": 3644400000}, {"maxAge": 1, "endDate": "2019-12-31", "totalStockholderEquity": 3295827000, "netTangibleAssets": 3295827000}, {"maxAge": 1, "endDate": "2019-09-30", "cash": 2311849000, "netReceivables": 1041526000, "inventory": 1256000000, "otherCurrentAssets": 236014000, "totalCurrentAssets": 4845389000, "propertyPlantEquipment": 965038000, "otherAssets": 650592000, "deferredLongTermAssetCharges": 127317000, "totalAssets": 6461019000, "accountsPayable": 2012085000, "otherCurrentLiab": 982428000, "otherLiab": 170679000, "totalCurrentLiabilities": 2994513000, "totalLiab": 3165192000, "commonStock": 50000000, "treasuryStock": 3245827000, "otherStockholderEquity": 3245827000, "totalStockholderEquity": 3295827000, "netTangibleAssets": 3295827000}], "maxAge": 86400}, "earningsHistory": {"history": [{"maxAge": 1, "epsActual": {}, "epsEstimate": {}, "epsDifference": {}, "surprisePercent": {}, "quarter": {}, "period": "-4q"}, {"maxAge": 1, "epsActual": {}, "epsEstimate": {}, "epsDifference": {}, "surprisePercent": {}, "quarter": {}, "period": "-3q"}, {"maxAge": 1, "epsActual": {}, "epsEstimate": {}, "epsDifference": {}, "surprisePercent": {}, "quarter": {}, "period": "-2q"}, {"maxAge": 1, "epsActual": {}, "epsEstimate": {}, "epsDifference": {}, "surprisePercent": {}, "quarter": {}, "period": "-1q"}], "maxAge": 86400}, "indexTrend": {"maxAge": 1, "symbol": "SP5", "peRatio": 19.7411, "pegRatio": 1.34172, "estimates": [{"period": "0q", "growth": 0.549}, {"period": "+1q", "growth": 0.431}, {"period": "0y", "growth": 0.305}, {"period": "+1y", "growth": 0.109}, {"period": "+5y", "growth": 0.120865}, {"period": "-5y"}]}, "industryTrend": {"maxAge": 1, "symbol": null, "estimates": []}, "insiderTransactions": {"transactions": [{"maxAge": 1, "shares": 3749950, "filerUrl": "", "transactionText": "", "filerName": "AstraZeneca Pharmaceuticals AB Sweden", "filerRelation": "Promoter", "moneyText": "", "startDate": "2013-05-28", "ownership": "D"}], "maxAge": 1}, "quoteType": {"exchange": "BSE", "quoteType": "EQUITY", "symbol": "ASTRAZEN.BO", "underlyingSymbol": "ASTRAZEN.BO", "shortName": "ASTRAZENECA PHARMA INDIA LTD.", "longName": "AstraZeneca Pharma India Limited", "firstTradeDateEpochUtc": "2002-07-01 09:15:00", "timeZoneFullName": "Asia/Kolkata", "timeZoneShortName": "IST", "uuid": "854da25a-ad56-3022-b4ab-4fb18b79b99d", "messageBoardId": null, "gmtOffSetMilliseconds": 19800000, "maxAge": 1}, "incomeStatementHistory": {"incomeStatementHistory": [{"maxAge": 1, "endDate": "2020-03-31", "totalRevenue": 8318100000, "costOfRevenue": 3116400000, "grossProfit": 5201700000, "researchDevelopment": {}, "sellingGeneralAdministrative": 2179900000, "nonRecurring": {}, "otherOperatingExpenses": 1794600000, "totalOperatingExpenses": 7292500000, "operatingIncome": 1025600000, "totalOtherIncomeExpenseNet": 114100000, "ebit": 1025600000, "interestExpense": -11400000, "incomeBeforeTax": 1139700000, "incomeTaxExpense": 417600000, "minorityInterest": {}, "netIncomeFromContinuingOps": 722100000, "discontinuedOperations": {}, "extraordinaryItems": {}, "effectOfAccountingCharges": {}, "otherItems": {}, "netIncome": 722100000, "netIncomeApplicableToCommonShares": 722100000}, {"maxAge": 1, "endDate": "2019-03-31", "totalRevenue": 7282900000, "costOfRevenue": 2378100000, "grossProfit": 4904800000, "researchDevelopment": {}, "sellingGeneralAdministrative": 2026700000, "nonRecurring": {}, "otherOperatingExpenses": 2128700000, "totalOperatingExpenses": 6717200000, "operatingIncome": 565700000, "totalOtherIncomeExpenseNet": 161000000, "ebit": 565700000, "interestExpense": -11400000, "incomeBeforeTax": 726700000, "incomeTaxExpense": 182200000, "minorityInterest": {}, "netIncomeFromContinuingOps": 544500000, "discontinuedOperations": {}, "extraordinaryItems": {}, "effectOfAccountingCharges": {}, "otherItems": {}, "netIncome": 544500000, "netIncomeApplicableToCommonShares": 544500000}, {"maxAge": 1, "endDate": "2018-03-31", "totalRevenue": 5710000000, "costOfRevenue": 1858500000, "grossProfit": 3851500000, "researchDevelopment": {}, "sellingGeneralAdministrative": 1556800000, "nonRecurring": {}, "otherOperatingExpenses": 1801900000, "totalOperatingExpenses": 5364600000, "operatingIncome": 345400000, "totalOtherIncomeExpenseNet": 92600000, "ebit": 345400000, "interestExpense": -11400000, "incomeBeforeTax": 438000000, "incomeTaxExpense": 178900000, "minorityInterest": {}, "netIncomeFromContinuingOps": 259100000, "discontinuedOperations": {}, "extraordinaryItems": {}, "effectOfAccountingCharges": {}, "otherItems": {}, "netIncome": 259100000, "netIncomeApplicableToCommonShares": 259100000}, {"maxAge": 1, "endDate": "2017-03-31", "totalRevenue": 5437100000, "costOfRevenue": 1794000000, "grossProfit": 3643100000, "researchDevelopment": {}, "sellingGeneralAdministrative": 1587100000, "nonRecurring": {}, "otherOperatingExpenses": 1589600000, "totalOperatingExpenses": 5129000000, "operatingIncome": 308100000, "totalOtherIncomeExpenseNet": 46900000, "ebit": 308100000, "interestExpense": -11400000, "incomeBeforeTax": 355000000, "incomeTaxExpense": 154500000, "minorityInterest": {}, "netIncomeFromContinuingOps": 200500000, "discontinuedOperations": {}, "extraordinaryItems": {}, "effectOfAccountingCharges": {}, "otherItems": {}, "netIncome": 200500000, "netIncomeApplicableToCommonShares": 200500000}], "maxAge": 86400}, "fundOwnership": {"maxAge": 1, "ownershipList": [{"maxAge": 1, "reportDate": "2020-08-31", "organization": "SPDR Portfolio Emerging Markets ETF", "pctHeld": 0.002, "position": 49283, "value": 175282381}, {"maxAge": 1, "reportDate": "2020-07-31", "organization": "iShares Core MSCI Emerging Markets ETF", "pctHeld": 0.0017, "position": 42978, "value": 143355267}, {"maxAge": 1, "reportDate": "2020-07-31", "organization": "DFA Emerging Markets Small Cap Series", "pctHeld": 0.0008, "position": 19541, "value": 65179982}, {"maxAge": 1, "reportDate": "2020-08-31", "organization": "iShares MSCI India Small Cap ETF", "pctHeld": 0.0004, "position": 11088, "value": 39436135}, {"maxAge": 1, "reportDate": "2020-09-30", "organization": "SPDR (R) Idx Shares-SPDR (R) S&P (R) Emerging Asia Pacific ETF", "pctHeld": 0.0004, "position": 9560, "value": 41108478}, {"maxAge": 1, "reportDate": "2020-08-31", "organization": "SPDR (R) Idx Shares-SPDR (R) Emerging Markets Small Cap ETF", "pctHeld": 0.0002, "position": 5912, "value": 21026914}, {"maxAge": 1, "reportDate": "2020-07-31", "organization": "DFA Emerging Markets Core Equity Portfolio", "pctHeld": 0.0002, "position": 4481, "value": 14946599}, {"maxAge": 1, "reportDate": "2020-06-30", "organization": "State Street Inst Inv Tr-State St All Cap Glb Equity ex-US Index Port", "pctHeld": 0.0001, "position": 1288, "value": 4569437}]}, "summaryDetail": {"maxAge": 1, "priceHint": 2, "previousClose": 3879.5, "open": 3870.0, "dayLow": 3800.0, "dayHigh": 4029.3, "regularMarketPreviousClose": 3879.5, "regularMarketOpen": 3870.0, "regularMarketDayLow": 3800.0, "regularMarketDayHigh": 4029.3, "trailingPE": 140.86925, "volume": 13985, "regularMarketVolume": 13985, "averageVolume": 8441, "averageVolume10days": 9897, "averageDailyVolume10Day": 9897, "bid": 3905.6, "ask": 3915.95, "bidSize": 0, "askSize": 0, "marketCap": 97640005632, "fiftyTwoWeekLow": 1888.0, "fiftyTwoWeekHigh": 4970.0, "fiftyDayAverage": 3931.5657, "twoHundredDayAverage": 4111.1743, "trailingAnnualDividendRate": 2.0, "trailingAnnualDividendYield": 0.00051553035, "currency": "INR", "fromCurrency": null, "toCurrency": null, "lastMarket": null, "algorithm": null, "tradeable": false}, "sectorTrend": {"maxAge": 1, "symbol": null, "estimates": []}, "incomeStatementHistoryQuarterly": {"incomeStatementHistory": [{"maxAge": 1, "endDate": "2020-06-30", "totalRevenue": 1935776000, "costOfRevenue": 725578000, "grossProfit": 1210198000, "researchDevelopment": {}, "sellingGeneralAdministrative": 655861000, "nonRecurring": {}, "otherOperatingExpenses": 270410000, "totalOperatingExpenses": 1695673000, "operatingIncome": 240103000, "totalOtherIncomeExpenseNet": 23741000, "ebit": 240103000, "interestExpense": -2739000, "incomeBeforeTax": 263844000, "incomeTaxExpense": 77497000, "minorityInterest": {}, "netIncomeFromContinuingOps": 186347000, "discontinuedOperations": {}, "extraordinaryItems": {}, "effectOfAccountingCharges": {}, "otherItems": {}, "netIncome": 186347000, "netIncomeApplicableToCommonShares": 186347000}, {"maxAge": 1, "endDate": "2020-03-31", "totalRevenue": 1949028000, "costOfRevenue": 861282000, "grossProfit": 1087746000, "researchDevelopment": {}, "sellingGeneralAdministrative": 198461000, "nonRecurring": {}, "otherOperatingExpenses": 720942000, "totalOperatingExpenses": 1841894000, "operatingIncome": 107134000, "totalOtherIncomeExpenseNet": 26488000, "ebit": 107134000, "interestExpense": -2897000, "incomeBeforeTax": 133622000, "incomeTaxExpense": 37845000, "minorityInterest": {}, "netIncomeFromContinuingOps": 95777000, "discontinuedOperations": {}, "extraordinaryItems": {}, "effectOfAccountingCharges": {}, "otherItems": {}, "netIncome": 95777000, "netIncomeApplicableToCommonShares": 95777000}, {"maxAge": 1, "endDate": "2019-12-31", "totalRevenue": 2238628000, "costOfRevenue": 813176000, "grossProfit": 1425452000, "researchDevelopment": {}, "sellingGeneralAdministrative": 642514000, "nonRecurring": {}, "otherOperatingExpenses": 415302000, "totalOperatingExpenses": 1918704000, "operatingIncome": 319924000, "totalOtherIncomeExpenseNet": 31902000, "ebit": 319924000, "interestExpense": -2713000, "incomeBeforeTax": 351826000, "incomeTaxExpense": 84809000, "minorityInterest": {}, "netIncomeFromContinuingOps": 267017000, "discontinuedOperations": {}, "extraordinaryItems": {}, "effectOfAccountingCharges": {}, "otherItems": {}, "netIncome": 267017000, "netIncomeApplicableToCommonShares": 267017000}, {"maxAge": 1, "endDate": "2019-09-30", "totalRevenue": 2084831000, "costOfRevenue": 741548000, "grossProfit": 1343283000, "researchDevelopment": {}, "sellingGeneralAdministrative": 661752000, "nonRecurring": {}, "otherOperatingExpenses": 345935000, "totalOperatingExpenses": 1795641000, "operatingIncome": 289190000, "totalOtherIncomeExpenseNet": 28772000, "ebit": 289190000, "interestExpense": -2836000, "incomeBeforeTax": 317962000, "incomeTaxExpense": 173809000, "minorityInterest": {}, "netIncomeFromContinuingOps": 144153000, "discontinuedOperations": {}, "extraordinaryItems": {}, "effectOfAccountingCharges": {}, "otherItems": {}, "netIncome": 144153000, "netIncomeApplicableToCommonShares": 144153000}], "maxAge": 86400}, "cashflowStatementHistoryQuarterly": {"cashflowStatements": [{"maxAge": 1, "endDate": "2020-06-30", "netIncome": 186347000, "changeToLiabilities": 0}, {"maxAge": 1, "endDate": "2020-03-31", "netIncome": 95777000, "changeToLiabilities": 0}, {"maxAge": 1, "endDate": "2019-12-31", "netIncome": 267017000, "changeToLiabilities": 0}, {"maxAge": 1, "endDate": "2019-09-30", "netIncome": 144153000, "changeToLiabilities": 0}], "maxAge": 86400}, "insiderHolders": {"holders": [{"maxAge": 1, "name": "AstraZeneca Pharmaceuticals AB Sweden", "relation": "Promoter", "url": "", "transactionDescription": "Sale", "latestTransDate": "2013-05-28", "positionDirect": 18750000, "positionDirectDate": "2013-05-28"}], "maxAge": 1}, "earnings": {"maxAge": 86400, "earningsChart": {"quarterly": [], "earningsDate": []}, "financialsChart": {"yearly": [{"date": 2017, "revenue": 5437100000, "earnings": 200500000}, {"date": 2018, "revenue": 5710000000, "earnings": 259100000}, {"date": 2019, "revenue": 7282900000, "earnings": 544500000}, {"date": 2020, "revenue": 8318100000, "earnings": 722100000}], "quarterly": [{"date": "3Q2019", "revenue": 2084831000, "earnings": 144153000}, {"date": "4Q2019", "revenue": 2238628000, "earnings": 267017000}, {"date": "1Q2020", "revenue": 1949028000, "earnings": 95777000}, {"date": "2Q2020", "revenue": 1935776000, "earnings": 186347000}]}, "financialCurrency": "INR"}, "calendarEvents": {"maxAge": 1, "earnings": {"earningsDate": []}}, "price": {"maxAge": 1, "regularMarketChangePercent": 0.006727697, "regularMarketChange": 26.100098, "regularMarketTime": "2021-04-30 15:44:17", "priceHint": 2, "regularMarketPrice": 3905.6, "regularMarketDayHigh": 4029.3, "regularMarketDayLow": 3800.0, "regularMarketVolume": 13985, "averageDailyVolume10Day": 9897, "averageDailyVolume3Month": 8441, "regularMarketPreviousClose": 3879.5, "regularMarketSource": "FREE_REALTIME", "regularMarketOpen": 3870.0, "exchange": "BSE", "exchangeName": "BSE", "exchangeDataDelayedBy": 0, "marketState": "CLOSED", "quoteType": "EQUITY", "symbol": "ASTRAZEN.BO", "underlyingSymbol": null, "shortName": "ASTRAZENECA PHARMA INDIA LTD.", "longName": "AstraZeneca Pharma India Limited", "currency": "INR", "quoteSourceName": "Delayed Quote", "currencySymbol": "\u20b9", "fromCurrency": null, "toCurrency": null, "lastMarket": null, "marketCap": 97640005632}, "balanceSheetHistory": {"balanceSheetStatements": [{"maxAge": 1, "endDate": "2020-03-31", "cash": 835000000, "shortTermInvestments": 1690000000, "netReceivables": 955800000, "inventory": 1651500000, "otherCurrentAssets": 208100000, "totalCurrentAssets": 5423200000, "propertyPlantEquipment": 957700000, "otherAssets": 682700000, "deferredLongTermAssetCharges": 146400000, "totalAssets": 7063600000, "accountsPayable": 2097200000, "otherCurrentLiab": 196200000, "otherLiab": 53800000, "totalCurrentLiabilities": 3272400000, "totalLiab": 3419200000, "commonStock": 50000000, "retainedEarnings": 2855000000, "treasuryStock": 739400000, "otherStockholderEquity": 739400000, "totalStockholderEquity": 3644400000, "netTangibleAssets": 3644400000}, {"maxAge": 1, "endDate": "2019-03-31", "cash": 1732400000, "netReceivables": 861200000, "inventory": 1181000000, "otherCurrentAssets": 198800000, "totalCurrentAssets": 4047200000, "propertyPlantEquipment": 817300000, "otherAssets": 753500000, "deferredLongTermAssetCharges": 233600000, "totalAssets": 5618000000, "accountsPayable": 1682000000, "otherCurrentLiab": 219200000, "otherLiab": 20200000, "totalCurrentLiabilities": 2589800000, "totalLiab": 2610000000, "commonStock": 50000000, "retainedEarnings": 2213500000, "treasuryStock": 744500000, "otherStockholderEquity": 744500000, "totalStockholderEquity": 3008000000, "netTangibleAssets": 3008000000}, {"maxAge": 1, "endDate": "2018-03-31", "cash": 1139800000, "shortTermInvestments": 116800000, "netReceivables": 594100000, "inventory": 1131500000, "otherCurrentAssets": 157500000, "totalCurrentAssets": 3209200000, "propertyPlantEquipment": 790300000, "otherAssets": 605900000, "deferredLongTermAssetCharges": 325500000, "totalAssets": 4605400000, "accountsPayable": 1272000000, "otherCurrentLiab": 229500000, "otherLiab": 66600000, "totalCurrentLiabilities": 2069500000, "totalLiab": 2136100000, "commonStock": 50000000, "retainedEarnings": 1675000000, "treasuryStock": 744300000, "otherStockholderEquity": 744300000, "totalStockholderEquity": 2469300000, "netTangibleAssets": 2469300000}, {"maxAge": 1, "endDate": "2017-03-31", "cash": 1145500000, "shortTermInvestments": 6100000, "netReceivables": 609500000, "inventory": 577100000, "otherCurrentAssets": 109200000, "totalCurrentAssets": 2515500000, "propertyPlantEquipment": 916500000, "otherAssets": 722900000, "deferredLongTermAssetCharges": 402200000, "totalAssets": 4154900000, "accountsPayable": 876600000, "otherCurrentLiab": 300900000, "otherLiab": 22800000, "totalCurrentLiabilities": 1903400000, "totalLiab": 1926200000, "commonStock": 50000000, "retainedEarnings": 1438700000, "treasuryStock": 740000000, "otherStockholderEquity": 740000000, "totalStockholderEquity": 2228700000, "netTangibleAssets": 2228700000}], "maxAge": 86400}, "earningsTrend": {"trend": [{"maxAge": 1, "period": "0q", "endDate": null, "growth": {}, "earningsEstimate": {"avg": 0.0, "low": 0.0, "high": 0.0, "yearAgoEps": {}, "numberOfAnalysts": 0, "growth": {}}, "revenueEstimate": {"avg": 0, "low": 0, "high": 0, "numberOfAnalysts": 0, "yearAgoRevenue": {}, "growth": {}}, "epsTrend": {"current": 0.0, "7daysAgo": 0.0, "30daysAgo": 0.0, "60daysAgo": 0.0, "90daysAgo": 0.0}, "epsRevisions": {"upLast7days": 0, "upLast30days": 0, "downLast30days": 0, "downLast90days": {}}}, {"maxAge": 1, "period": "+1q", "endDate": null, "growth": {}, "earningsEstimate": {"avg": 0.0, "low": 0.0, "high": 0.0, "yearAgoEps": {}, "numberOfAnalysts": 0, "growth": {}}, "revenueEstimate": {"avg": 0, "low": 0, "high": 0, "numberOfAnalysts": 0, "yearAgoRevenue": {}, "growth": {}}, "epsTrend": {"current": 0.0, "7daysAgo": 0.0, "30daysAgo": 0.0, "60daysAgo": 0.0, "90daysAgo": 0.0}, "epsRevisions": {"upLast7days": 0, "upLast30days": 0, "downLast30days": 0, "downLast90days": {}}}, {"maxAge": 1, "period": "0y", "endDate": null, "growth": {}, "earningsEstimate": {"avg": 0.0, "low": 0.0, "high": 0.0, "yearAgoEps": {}, "numberOfAnalysts": 0, "growth": {}}, "revenueEstimate": {"avg": 0, "low": 0, "high": 0, "numberOfAnalysts": 0, "yearAgoRevenue": {}, "growth": {}}, "epsTrend": {"current": 0.0, "7daysAgo": 0.0, "30daysAgo": 0.0, "60daysAgo": 0.0, "90daysAgo": 0.0}, "epsRevisions": {"upLast7days": 0, "upLast30days": 0, "downLast30days": 0, "downLast90days": {}}}, {"maxAge": 1, "period": "+1y", "endDate": null, "growth": {}, "earningsEstimate": {"avg": 0.0, "low": 0.0, "high": 0.0, "yearAgoEps": {}, "numberOfAnalysts": 0, "growth": {}}, "revenueEstimate": {"avg": 0, "low": 0, "high": 0, "numberOfAnalysts": 0, "yearAgoRevenue": {}, "growth": {}}, "epsTrend": {"current": 0.0, "7daysAgo": 0.0, "30daysAgo": 0.0, "60daysAgo": 0.0, "90daysAgo": 0.0}, "epsRevisions": {"upLast7days": 0, "upLast30days": 0, "downLast30days": 0, "downLast90days": {}}}, {"maxAge": 1, "period": "+5y", "endDate": null, "growth": {}, "earningsEstimate": {"avg": {}, "low": {}, "high": {}, "yearAgoEps": {}, "numberOfAnalysts": {}, "growth": {}}, "revenueEstimate": {"avg": {}, "low": {}, "high": {}, "numberOfAnalysts": {}, "yearAgoRevenue": {}, "growth": {}}, "epsTrend": {"current": {}, "7daysAgo": {}, "30daysAgo": {}, "60daysAgo": {}, "90daysAgo": {}}, "epsRevisions": {"upLast7days": {}, "upLast30days": {}, "downLast30days": {}, "downLast90days": {}}}, {"maxAge": 1, "period": "-5y", "endDate": null, "growth": {}, "earningsEstimate": {"avg": {}, "low": {}, "high": {}, "yearAgoEps": {}, "numberOfAnalysts": {}, "growth": {}}, "revenueEstimate": {"avg": {}, "low": {}, "high": {}, "numberOfAnalysts": {}, "yearAgoRevenue": {}, "growth": {}}, "epsTrend": {"current": {}, "7daysAgo": {}, "30daysAgo": {}, "60daysAgo": {}, "90daysAgo": {}}, "epsRevisions": {"upLast7days": {}, "upLast30days": {}, "downLast30days": {}, "downLast90days": {}}}], "maxAge": 1}, "financialData": {"maxAge": 86400, "currentPrice": 3905.6, "targetHighPrice": 1342.0, "targetLowPrice": 1342.0, "targetMeanPrice": 1342.0, "targetMedianPrice": 1342.0, "recommendationKey": "none", "numberOfAnalystOpinions": 1, "grossProfits": 5201700000, "financialCurrency": "INR"}}}