{"ASTRAL.BO": {"recommendationTrend": {"trend": [{"period": "0m", "strongBuy": 0, "buy": 0, "hold": 0, "sell": 0, "strongSell": 0}, {"period": "-1m", "strongBuy": 0, "buy": 0, "hold": 0, "sell": 0, "strongSell": 0}, {"period": "-2m", "strongBuy": 0, "buy": 0, "hold": 0, "sell": 0, "strongSell": 0}, {"period": "-3m", "strongBuy": 0, "buy": 0, "hold": 0, "sell": 0, "strongSell": 0}], "maxAge": 86400}, "cashflowStatementHistory": {"cashflowStatements": [{"maxAge": 1, "endDate": "2020-03-31", "netIncome": 2479000000, "depreciation": 1069000000, "changeToNetincome": 308000000, "changeToAccountReceivables": 996000000, "changeToLiabilities": 626000000, "changeToInventory": -1434000000, "totalCashFromOperatingActivities": 4054000000, "capitalExpenditures": -2182000000, "investments": -1055000000, "otherCashflowsFromInvestingActivities": 11000000, "totalCashflowsFromInvestingActivities": -3177000000, "dividendsPaid": -240000000, "netBorrowings": -981000000, "otherCashflowsFromFinancingActivities": -409000000, "totalCashFromFinancingActivities": -1630000000, "changeInCash": -753000000}, {"maxAge": 1, "endDate": "2019-03-31", "netIncome": 1958000000, "depreciation": 805000000, "changeToNetincome": 340000000, "changeToAccountReceivables": 144000000, "changeToLiabilities": 273000000, "changeToInventory": -109000000, "totalCashFromOperatingActivities": 3420000000, "capitalExpenditures": -2249000000, "investments": -40000000, "otherCashflowsFromInvestingActivities": 54000000, "totalCashflowsFromInvestingActivities": -2934000000, "dividendsPaid": -94000000, "netBorrowings": 354000000, "otherCashflowsFromFinancingActivities": -312000000, "totalCashFromFinancingActivities": -50000000, "changeInCash": 457000000, "issuanceOfStock": 2000000}, {"maxAge": 1, "endDate": "2018-03-31", "netIncome": 1750852000, "depreciation": 563347000, "changeToNetincome": 335620000, "changeToAccountReceivables": 379966000, "changeToLiabilities": 632060000, "changeToInventory": -851390000, "totalCashFromOperatingActivities": 2818450000, "capitalExpenditures": -1890987000, "investments": -21419000, "otherCashflowsFromInvestingActivities": 7420000, "totalCashflowsFromInvestingActivities": -1852721000, "dividendsPaid": -79301000, "netBorrowings": -421072000, "otherCashflowsFromFinancingActivities": -210720000, "totalCashFromFinancingActivities": -711093000, "effectOfExchangeRate": -15000, "changeInCash": 254621000, "issuanceOfStock": 2000000}, {"maxAge": 1, "endDate": "2017-03-31", "netIncome": 1446788000, "depreciation": 495926000, "changeToNetincome": 260625000, "changeToAccountReceivables": -970479000, "changeToLiabilities": -149230000, "changeToInventory": 52173000, "totalCashFromOperatingActivities": 1141894000, "capitalExpenditures": -1602436000, "investments": 9035000, "otherCashflowsFromInvestingActivities": 7929000, "totalCashflowsFromInvestingActivities": -1579771000, "dividendsPaid": -28966000, "netBorrowings": 336644000, "otherCashflowsFromFinancingActivities": -187966000, "totalCashFromFinancingActivities": 120526000, "effectOfExchangeRate": 11000, "changeInCash": -317340000, "issuanceOfStock": 814000}], "maxAge": 86400}, "institutionOwnership": {"maxAge": 1, "ownershipList": []}, "balanceSheetHistoryQuarterly": {"balanceSheetStatements": [{"maxAge": 1, "endDate": "2020-06-30", "totalStockholderEquity": 15029000000, "netTangibleAssets": 12121000000}, {"maxAge": 1, "endDate": "2020-03-31", "cash": 139000000, "shortTermInvestments": 1163000000, "netReceivables": 2465000000, "inventory": 5404000000, "otherCurrentAssets": 368000000, "totalCurrentAssets": 9630000000, "longTermInvestments": 2000000, "propertyPlantEquipment": 10085000000, "goodWill": 2553000000, "intangibleAssets": 355000000, "otherAssets": 267000000, "deferredLongTermAssetCharges": 1000000, "totalAssets": 22892000000, "accountsPayable": 4754000000, "shortLongTermDebt": 572000000, "otherCurrentLiab": 375000000, "longTermDebt": 1055000000, "otherLiab": 457000000, "minorityInterest": 168000000, "totalCurrentLiabilities": 6148000000, "totalLiab": 7695000000, "commonStock": 151000000, "retainedEarnings": 10811000000, "treasuryStock": 14000000, "capitalSurplus": 4053000000, "otherStockholderEquity": 14000000, "totalStockholderEquity": 15029000000, "netTangibleAssets": 12121000000}, {"maxAge": 1, "endDate": "2019-12-31", "totalStockholderEquity": 13999000000, "netTangibleAssets": 11083000000}, {"maxAge": 1, "endDate": "2019-09-30", "cash": 595000000, "shortTermInvestments": 40000000, "netReceivables": 2861000000, "inventory": 4851000000, "otherCurrentAssets": 405000000, "totalCurrentAssets": 8752000000, "longTermInvestments": 2000000, "propertyPlantEquipment": 9710000000, "goodWill": 2530000000, "intangibleAssets": 386000000, "otherAssets": 312000000, "deferredLongTermAssetCharges": 1000000, "totalAssets": 21692000000, "accountsPayable": 4068000000, "otherCurrentLiab": 1166000000, "longTermDebt": 1580000000, "otherLiab": 454000000, "minorityInterest": 156000000, "totalCurrentLiabilities": 5503000000, "totalLiab": 7537000000, "commonStock": 151000000, "treasuryStock": 13848000000, "otherStockholderEquity": 13848000000, "totalStockholderEquity": 13999000000, "netTangibleAssets": 11083000000}], "maxAge": 86400}, "earningsHistory": {"history": [{"maxAge": 1, "epsActual": 2.62, "epsEstimate": 2.69, "epsDifference": -0.07, "surprisePercent": -0.025999999, "quarter": "2017-12-31", "period": "-4q"}, {"maxAge": 1, "epsActual": 3.91, "epsEstimate": 3.61, "epsDifference": 0.3, "surprisePercent": 0.083000004, "quarter": "2018-03-31", "period": "-3q"}, {"maxAge": 1, "epsActual": 2.06, "epsEstimate": 2.83, "epsDifference": -0.77, "surprisePercent": -0.272, "quarter": "2018-06-30", "period": "-2q"}, {"maxAge": 1, "epsActual": 2.75, "epsEstimate": 3.69, "epsDifference": -0.94, "surprisePercent": -0.255, "quarter": "2018-09-30", "period": "-1q"}], "maxAge": 86400}, "indexTrend": {"maxAge": 1, "symbol": "SP5", "peRatio": 19.7411, "pegRatio": 1.34172, "estimates": [{"period": "0q", "growth": 0.549}, {"period": "+1q", "growth": 0.431}, {"period": "0y", "growth": 0.305}, {"period": "+1y", "growth": 0.109}, {"period": "+5y", "growth": 0.120865}, {"period": "-5y"}]}, "industryTrend": {"maxAge": 1, "symbol": null, "estimates": []}, "insiderTransactions": {"transactions": [{"maxAge": 1, "shares": 1000, "value": 17568, "filerUrl": "", "transactionText": "Sale at price 17.57 per share.", "filerName": "Navaz (Abdul Majeed)", "filerRelation": "UNREPORTED", "moneyText": "", "startDate": "2020-09-08", "ownership": "D"}, {"maxAge": 1, "shares": 500, "value": 8628, "filerUrl": "", "transactionText": "Sale at price 17.26 per share.", "filerName": "Navaz (Abdul Majeed)", "filerRelation": "UNREPORTED", "moneyText": "", "startDate": "2020-09-03", "ownership": "D"}, {"maxAge": 1, "shares": 89893, "value": 1303367, "filerUrl": "", "transactionText": "Sale at price 14.50 per share.", "filerName": "Dandekar (Chandrashekhar)", "filerRelation": "UNREPORTED", "moneyText": "", "startDate": "2020-08-11", "ownership": "D"}, {"maxAge": 1, "shares": 10107, "value": 141790, "filerUrl": "", "transactionText": "Sale at price 14.03 per share.", "filerName": "Dandekar (Chandrashekhar)", "filerRelation": "UNREPORTED", "moneyText": "", "startDate": "2020-08-07", "ownership": "D"}, {"maxAge": 1, "shares": 30896, "value": 16359, "filerUrl": "", "transactionText": "Other at price 0.53 per share.", "filerName": "Savlani (Hiranand A)", "filerRelation": "Chief Financial Officer", "moneyText": "", "startDate": "2020-06-30", "ownership": "D"}, {"maxAge": 1, "shares": 76586, "filerUrl": "", "transactionText": "", "filerName": "Dandekar (Chandrashekhar)", "filerRelation": "UNREPORTED", "moneyText": "", "startDate": "2020-06-25", "ownership": "D"}, {"maxAge": 1, "shares": 0, "filerUrl": "", "transactionText": "", "filerName": "Dandekar (Chandrashekhar)", "filerRelation": "UNREPORTED", "moneyText": "", "startDate": "2020-06-25", "ownership": "I"}, {"maxAge": 1, "shares": 1700, "filerUrl": "", "transactionText": "", "filerName": "Yugandhar (S)", "filerRelation": "UNREPORTED", "moneyText": "", "startDate": "2020-03-03", "ownership": "D"}, {"maxAge": 1, "shares": 8008, "filerUrl": "", "transactionText": "", "filerName": "Shroff (Sujal Rajendrabhai)", "filerRelation": "UNREPORTED", "moneyText": "", "startDate": "2020-02-20", "ownership": "D"}, {"maxAge": 1, "shares": 1375, "filerUrl": "", "transactionText": "", "filerName": "Shroff (Aditya Sujal)", "filerRelation": "UNREPORTED", "moneyText": "", "startDate": "2020-02-19", "ownership": "D"}, {"maxAge": 1, "shares": 2000, "filerUrl": "", "transactionText": "", "filerName": "Shroff (Sanjana Sujal)", "filerRelation": "UNREPORTED", "moneyText": "", "startDate": "2020-02-19", "ownership": "D"}, {"maxAge": 1, "shares": 9214907, "filerUrl": "", "transactionText": "", "filerName": "Kairav Chemicals Ltd", "filerRelation": "Promoter", "moneyText": "", "startDate": "2019-11-08", "ownership": "D"}, {"maxAge": 1, "shares": 7444712, "filerUrl": "", "transactionText": "", "filerName": "Specialty Process L.L.C.", "filerRelation": "Promoter", "moneyText": "", "startDate": "2019-11-08", "ownership": "D"}, {"maxAge": 1, "shares": 9988, "filerUrl": "", "transactionText": "", "filerName": "Bhatt (Krunal)", "filerRelation": "Compliance Officer", "moneyText": "", "startDate": "2019-10-01", "ownership": "D"}, {"maxAge": 1, "shares": 89542, "filerUrl": "", "transactionText": "", "filerName": "Saumya Polymers LLP", "filerRelation": "Promoter", "moneyText": "", "startDate": "2019-09-20", "ownership": "D"}, {"maxAge": 1, "shares": 138407, "filerUrl": "", "transactionText": "", "filerName": "Dandekar (Chandrashekhar)", "filerRelation": "UNREPORTED", "moneyText": "", "startDate": "2019-09-11", "ownership": "D"}, {"maxAge": 1, "shares": 1000, "filerUrl": "", "transactionText": "", "filerName": "Kanuga (Monica)", "filerRelation": "UNREPORTED", "moneyText": "", "startDate": "2019-06-25", "ownership": "D"}, {"maxAge": 1, "shares": 131776, "filerUrl": "", "transactionText": "", "filerName": "Parikh (Vijay)", "filerRelation": "UNREPORTED", "moneyText": "", "startDate": "2019-05-29", "ownership": "D"}, {"maxAge": 1, "shares": 155000, "filerUrl": "", "transactionText": "", "filerName": "Parikh (Vijay)", "filerRelation": "UNREPORTED", "moneyText": "", "startDate": "2019-05-28", "ownership": "D"}, {"maxAge": 1, "shares": 1369975, "filerUrl": "", "transactionText": "", "filerName": "Parikh (Vijay)", "filerRelation": "UNREPORTED", "moneyText": "", "startDate": "2019-05-23", "ownership": "D"}, {"maxAge": 1, "shares": 656752, "filerUrl": "", "transactionText": "", "filerName": "Dandekar (Chandrashekhar)", "filerRelation": "UNREPORTED", "moneyText": "", "startDate": "2019-05-20", "ownership": "D"}, {"maxAge": 1, "shares": 300, "filerUrl": "", "transactionText": "", "filerName": "Vijayan (T P)", "filerRelation": "UNREPORTED", "moneyText": "", "startDate": "2018-12-10", "ownership": "D"}, {"maxAge": 1, "shares": 8340, "filerUrl": "", "transactionText": "", "filerName": "Savlani (Hiranand A)", "filerRelation": "Chief Financial Officer", "moneyText": "", "startDate": "2018-12-07", "ownership": "D"}, {"maxAge": 1, "shares": 101215, "filerUrl": "", "transactionText": "", "filerName": "Savlani (Hiranand A)", "filerRelation": "Chief Financial Officer", "moneyText": "", "startDate": "2018-11-23", "ownership": "D"}, {"maxAge": 1, "shares": 900, "filerUrl": "", "transactionText": "", "filerName": "Somani (Rajeev)", "filerRelation": "UNREPORTED", "moneyText": "", "startDate": "2018-11-23", "ownership": "D"}, {"maxAge": 1, "shares": 700, "filerUrl": "", "transactionText": "", "filerName": "Vijayan (T P)", "filerRelation": "UNREPORTED", "moneyText": "", "startDate": "2018-11-23", "ownership": "D"}, {"maxAge": 1, "shares": 350, "filerUrl": "", "transactionText": "", "filerName": "Somani (Rajeev)", "filerRelation": "UNREPORTED", "moneyText": "", "startDate": "2018-11-21", "ownership": "D"}, {"maxAge": 1, "shares": 60, "filerUrl": "", "transactionText": "", "filerName": "Vijayan (T P)", "filerRelation": "UNREPORTED", "moneyText": "", "startDate": "2018-11-19", "ownership": "D"}], "maxAge": 1}, "quoteType": {"exchange": "BSE", "quoteType": "EQUITY", "symbol": "ASTRAL.BO", "underlyingSymbol": "ASTRAL.BO", "shortName": "ASTRAL POLY TECHNIK LTD.", "longName": "Astral Poly Technik Limited", "firstTradeDateEpochUtc": "2007-03-20 09:15:00", "timeZoneFullName": "Asia/Kolkata", "timeZoneShortName": "IST", "uuid": "ef1899bd-ff49-3e74-bf31-c0e5d1eb5821", "messageBoardId": null, "gmtOffSetMilliseconds": 19800000, "maxAge": 1}, "incomeStatementHistory": {"incomeStatementHistory": [{"maxAge": 1, "endDate": "2020-03-31", "totalRevenue": 25779000000, "costOfRevenue": 16071000000, "grossProfit": 9708000000, "researchDevelopment": {}, "sellingGeneralAdministrative": 2720000000, "nonRecurring": {}, "otherOperatingExpenses": 2534000000, "totalOperatingExpenses": 22417000000, "operatingIncome": 3362000000, "totalOtherIncomeExpenseNet": -301000000, "ebit": 3362000000, "interestExpense": -369000000, "incomeBeforeTax": 3061000000, "incomeTaxExpense": 565000000, "minorityInterest": 168000000, "netIncomeFromContinuingOps": 2496000000, "discontinuedOperations": {}, "extraordinaryItems": {}, "effectOfAccountingCharges": {}, "otherItems": {}, "netIncome": 2479000000, "netIncomeApplicableToCommonShares": 2479000000}, {"maxAge": 1, "endDate": "2019-03-31", "totalRevenue": 25073000000, "costOfRevenue": 16586000000, "grossProfit": 8487000000, "researchDevelopment": {}, "sellingGeneralAdministrative": 2350000000, "nonRecurring": {}, "otherOperatingExpenses": 2278000000, "totalOperatingExpenses": 22035000000, "operatingIncome": 3038000000, "totalOtherIncomeExpenseNet": -204000000, "ebit": 3038000000, "interestExpense": -297000000, "incomeBeforeTax": 2834000000, "incomeTaxExpense": 861000000, "minorityInterest": 150000000, "netIncomeFromContinuingOps": 1973000000, "discontinuedOperations": {}, "extraordinaryItems": {}, "effectOfAccountingCharges": {}, "otherItems": {}, "netIncome": 1958000000, "netIncomeApplicableToCommonShares": 1958000000}, {"maxAge": 1, "endDate": "2018-03-31", "totalRevenue": 20729179000, "costOfRevenue": 13904729000, "grossProfit": 6824450000, "researchDevelopment": {}, "sellingGeneralAdministrative": 1818791000, "nonRecurring": {}, "otherOperatingExpenses": 1837625000, "totalOperatingExpenses": 18132487000, "operatingIncome": 2596692000, "totalOtherIncomeExpenseNet": -115628000, "ebit": 2596692000, "interestExpense": -201085000, "incomeBeforeTax": 2481064000, "incomeTaxExpense": 724475000, "minorityInterest": 135082000, "netIncomeFromContinuingOps": 1756589000, "discontinuedOperations": {}, "extraordinaryItems": {}, "effectOfAccountingCharges": {}, "otherItems": {}, "netIncome": 1750852000, "netIncomeApplicableToCommonShares": 1750852000}, {"maxAge": 1, "endDate": "2017-03-31", "totalRevenue": 21273012000, "costOfRevenue": 15432447000, "grossProfit": 5840565000, "researchDevelopment": {}, "sellingGeneralAdministrative": 1504112000, "nonRecurring": {}, "otherOperatingExpenses": 1697087000, "totalOperatingExpenses": 19135663000, "operatingIncome": 2137349000, "totalOtherIncomeExpenseNet": -130035000, "ebit": 2137349000, "interestExpense": -174748000, "incomeBeforeTax": 2007314000, "incomeTaxExpense": 561574000, "minorityInterest": 122656000, "netIncomeFromContinuingOps": 1445740000, "discontinuedOperations": {}, "extraordinaryItems": {}, "effectOfAccountingCharges": {}, "otherItems": {}, "netIncome": 1446788000, "netIncomeApplicableToCommonShares": 1446788000}], "maxAge": 86400}, "fundOwnership": {"maxAge": 1, "ownershipList": [{"maxAge": 1, "reportDate": "2020-06-30", "organization": "Smallcap World Fund", "pctHeld": 0.0056, "position": 838713, "value": 796945092}, {"maxAge": 1, "reportDate": "2020-07-31", "organization": "Vanguard International Stock Index-Total Intl Stock Indx", "pctHeld": 0.004, "position": 601957, "value": 581460364}, {"maxAge": 1, "reportDate": "2020-07-31", "organization": "iShares Core MSCI Emerging Markets ETF", "pctHeld": 0.0033000002, "position": 498087, "value": 481127137}, {"maxAge": 1, "reportDate": "2020-07-31", "organization": "Vanguard International Stock Index-Emerging Markets Stk", "pctHeld": 0.0032, "position": 488912, "value": 472264546}, {"maxAge": 1, "reportDate": "2020-07-31", "organization": "DFA Emerging Markets Core Equity Portfolio", "pctHeld": 0.0016, "position": 237559, "value": 229470116}, {"maxAge": 1, "reportDate": "2020-07-31", "organization": "Blair (William) Mutual Funds, Inc.- Emerging Markets Small Cap Grw Fd", "pctHeld": 0.0011, "position": 165657, "value": 160016379}, {"maxAge": 1, "reportDate": "2020-07-31", "organization": "DFA Emerging Markets Small Cap Series", "pctHeld": 0.0011, "position": 165628, "value": 159988366}, {"maxAge": 1, "reportDate": "2020-08-31", "organization": "iShares MSCI India Small Cap ETF", "pctHeld": 0.001, "position": 149691, "value": 168028147}, {"maxAge": 1, "reportDate": "2020-08-31", "organization": "iShares Core MSCI Total International Stock ETF", "pctHeld": 0.0007, "position": 109752, "value": 123196620}, {"maxAge": 1, "reportDate": "2020-07-31", "organization": "Financial Investors Tr-ALPS/Kotak India Growth Fund", "pctHeld": 0.0007, "position": 106972, "value": 103329603}]}, "summaryDetail": {"maxAge": 1, "priceHint": 2, "previousClose": 1633.65, "open": 1631.0, "dayLow": 1565.0, "dayHigh": 1636.15, "regularMarketPreviousClose": 1633.65, "regularMarketOpen": 1631.0, "regularMarketDayLow": 1565.0, "regularMarketDayHigh": 1636.15, "trailingPE": 108.06463, "forwardPE": 60.863792, "volume": 28327, "regularMarketVolume": 28327, "averageVolume": 34109, "averageVolume10days": 8398, "averageDailyVolume10Day": 8398, "bid": 1587.0, "ask": 1588.5, "bidSize": 0, "askSize": 0, "marketCap": 238463877120, "fiftyTwoWeekLow": 747.6, "fiftyTwoWeekHigh": 2153.5, "fiftyDayAverage": 1841.5043, "twoHundredDayAverage": 1412.3514, "trailingAnnualDividendRate": 1.0, "trailingAnnualDividendYield": 0.0006121262, "currency": "INR", "fromCurrency": null, "toCurrency": null, "lastMarket": null, "algorithm": null, "tradeable": false}, "sectorTrend": {"maxAge": 1, "symbol": null, "estimates": []}, "incomeStatementHistoryQuarterly": {"incomeStatementHistory": [{"maxAge": 1, "endDate": "2020-06-30", "totalRevenue": 4039000000, "costOfRevenue": 2649000000, "grossProfit": 1390000000, "researchDevelopment": {}, "sellingGeneralAdministrative": 426000000, "nonRecurring": {}, "otherOperatingExpenses": 421000000, "totalOperatingExpenses": 3781000000, "operatingIncome": 258000000, "totalOtherIncomeExpenseNet": -30000000, "ebit": 258000000, "interestExpense": -48000000, "incomeBeforeTax": 228000000, "incomeTaxExpense": 25000000, "minorityInterest": {}, "netIncomeFromContinuingOps": 203000000, "discontinuedOperations": {}, "extraordinaryItems": {}, "effectOfAccountingCharges": {}, "otherItems": {}, "netIncome": 199000000, "netIncomeApplicableToCommonShares": 199000000}, {"maxAge": 1, "endDate": "2020-03-31", "totalRevenue": 6289000000, "costOfRevenue": 4016000000, "grossProfit": 2273000000, "researchDevelopment": {}, "sellingGeneralAdministrative": 1385000000, "nonRecurring": {}, "otherOperatingExpenses": -263000000, "totalOperatingExpenses": 5440000000, "operatingIncome": 849000000, "totalOtherIncomeExpenseNet": -198000000, "ebit": 849000000, "interestExpense": -195000000, "incomeBeforeTax": 651000000, "incomeTaxExpense": 135000000, "minorityInterest": 168000000, "netIncomeFromContinuingOps": 516000000, "discontinuedOperations": {}, "extraordinaryItems": {}, "effectOfAccountingCharges": {}, "otherItems": {}, "netIncome": 511000000, "netIncomeApplicableToCommonShares": 511000000}, {"maxAge": 1, "endDate": "2019-12-31", "totalRevenue": 6641000000, "costOfRevenue": 4013000000, "grossProfit": 2628000000, "researchDevelopment": {}, "sellingGeneralAdministrative": 431000000, "nonRecurring": {}, "otherOperatingExpenses": 1015000000, "totalOperatingExpenses": 5733000000, "operatingIncome": 908000000, "totalOtherIncomeExpenseNet": -35000000, "ebit": 908000000, "interestExpense": -54000000, "incomeBeforeTax": 873000000, "incomeTaxExpense": 194000000, "minorityInterest": 168000000, "netIncomeFromContinuingOps": 679000000, "discontinuedOperations": {}, "extraordinaryItems": {}, "effectOfAccountingCharges": {}, "otherItems": {}, "netIncome": 676000000, "netIncomeApplicableToCommonShares": 676000000}, {"maxAge": 1, "endDate": "2019-09-30", "totalRevenue": 6783000000, "costOfRevenue": 4163000000, "grossProfit": 2620000000, "researchDevelopment": {}, "sellingGeneralAdministrative": 473000000, "nonRecurring": {}, "otherOperatingExpenses": 957000000, "totalOperatingExpenses": 5865000000, "operatingIncome": 918000000, "totalOtherIncomeExpenseNet": -61000000, "ebit": 918000000, "interestExpense": -57000000, "incomeBeforeTax": 857000000, "incomeTaxExpense": 34000000, "minorityInterest": 156000000, "netIncomeFromContinuingOps": 823000000, "discontinuedOperations": {}, "extraordinaryItems": {}, "effectOfAccountingCharges": {}, "otherItems": {}, "netIncome": 821000000, "netIncomeApplicableToCommonShares": 821000000}], "maxAge": 86400}, "cashflowStatementHistoryQuarterly": {"cashflowStatements": [{"maxAge": 1, "endDate": "2020-06-30", "netIncome": 199000000, "changeToLiabilities": 0}, {"maxAge": 1, "endDate": "2020-03-31", "netIncome": 511000000, "changeToLiabilities": 0}, {"maxAge": 1, "endDate": "2019-12-31", "netIncome": 676000000, "changeToLiabilities": 0}, {"maxAge": 1, "endDate": "2019-09-30", "netIncome": 821000000, "changeToLiabilities": 0}], "maxAge": 86400}, "insiderHolders": {"holders": [{"maxAge": 1, "name": "Bhatt (Krunal)", "relation": "Compliance Officer", "url": "", "transactionDescription": "Sale", "latestTransDate": "2019-10-01", "positionDirect": 0, "positionDirectDate": "2019-10-01"}, {"maxAge": 1, "name": "Dandekar (Chandrashekhar)", "relation": "UNREPORTED", "url": "", "transactionDescription": "Sale", "latestTransDate": "2020-08-11", "positionDirect": 494931, "positionDirectDate": "2020-08-11"}, {"maxAge": 1, "name": "Kairav Chemicals Ltd", "relation": "Promoter", "url": "", "transactionDescription": "Other", "latestTransDate": "2019-11-08", "positionDirect": 10395037, "positionDirectDate": "2019-11-08"}, {"maxAge": 1, "name": "Navaz (Abdul Majeed)", "relation": "UNREPORTED", "url": "", "transactionDescription": "Sale", "latestTransDate": "2020-09-08", "positionDirect": 2133, "positionDirectDate": "2020-09-08"}, {"maxAge": 1, "name": "Savlani (Hiranand A)", "relation": "Chief Financial Officer", "url": "", "transactionDescription": "Other", "latestTransDate": "2020-06-30", "positionDirect": 129485, "positionDirectDate": "2020-06-30"}, {"maxAge": 1, "name": "Shroff (Aditya Sujal)", "relation": "UNREPORTED", "url": "", "transactionDescription": "Sale", "latestTransDate": "2020-02-19", "positionDirect": 48000, "positionDirectDate": "2020-02-19"}, {"maxAge": 1, "name": "Shroff (Sanjana Sujal)", "relation": "UNREPORTED", "url": "", "transactionDescription": "Sale", "latestTransDate": "2020-02-19", "positionDirect": 48000, "positionDirectDate": "2020-02-19"}, {"maxAge": 1, "name": "Shroff (Sujal Rajendrabhai)", "relation": "UNREPORTED", "url": "", "transactionDescription": "Sale", "latestTransDate": "2020-02-20", "positionDirect": 176992, "positionDirectDate": "2020-02-20"}, {"maxAge": 1, "name": "Specialty Process L.L.C.", "relation": "Promoter", "url": "", "transactionDescription": "Other", "latestTransDate": "2019-11-08", "positionDirect": 0, "positionDirectDate": "2019-11-08"}, {"maxAge": 1, "name": "Yugandhar (S)", "relation": "UNREPORTED", "url": "", "transactionDescription": "Sale", "latestTransDate": "2020-03-03", "positionDirect": 961, "positionDirectDate": "2020-03-03"}], "maxAge": 1}, "earnings": {"maxAge": 86400, "earningsChart": {"quarterly": [{"date": "4Q2017", "actual": 2.62, "estimate": 2.69}, {"date": "1Q2018", "actual": 3.91, "estimate": 3.61}, {"date": "2Q2018", "actual": 2.06, "estimate": 2.83}, {"date": "3Q2018", "actual": 2.75, "estimate": 3.69}], "currentQuarterEstimateDate": "4Q", "currentQuarterEstimateYear": 2018, "earningsDate": ["2020-08-05 05:30:S"]}, "financialsChart": {"yearly": [{"date": 2017, "revenue": 21273012000, "earnings": 1446788000}, {"date": 2018, "revenue": 20729179000, "earnings": 1750852000}, {"date": 2019, "revenue": 25073000000, "earnings": 1958000000}, {"date": 2020, "revenue": 25779000000, "earnings": 2479000000}], "quarterly": [{"date": "3Q2019", "revenue": 6783000000, "earnings": 821000000}, {"date": "4Q2019", "revenue": 6641000000, "earnings": 676000000}, {"date": "1Q2020", "revenue": 6289000000, "earnings": 511000000}, {"date": "2Q2020", "revenue": 4039000000, "earnings": 199000000}]}, "financialCurrency": "INR"}, "calendarEvents": {"maxAge": 1, "earnings": {"earningsDate": ["2020-08-05 05:30:S"], "revenueAverage": 5657000000, "revenueLow": 5657000000, "revenueHigh": 5657000000}}, "price": {"maxAge": 1, "regularMarketChangePercent": -0.031708166, "regularMarketChange": -51.80005, "regularMarketTime": "2021-04-30 15:54:49", "priceHint": 2, "regularMarketPrice": 1581.85, "regularMarketDayHigh": 1636.15, "regularMarketDayLow": 1565.0, "regularMarketVolume": 28327, "averageDailyVolume10Day": 8398, "averageDailyVolume3Month": 34109, "regularMarketPreviousClose": 1633.65, "regularMarketSource": "FREE_REALTIME", "regularMarketOpen": 1631.0, "exchange": "BSE", "exchangeName": "BSE", "exchangeDataDelayedBy": 0, "marketState": "CLOSED", "quoteType": "EQUITY", "symbol": "ASTRAL.BO", "underlyingSymbol": null, "shortName": "ASTRAL POLY TECHNIK LTD.", "longName": "Astral Poly Technik Limited", "currency": "INR", "quoteSourceName": "Delayed Quote", "currencySymbol": "\u20b9", "fromCurrency": null, "toCurrency": null, "lastMarket": null, "marketCap": 238463877120}, "balanceSheetHistory": {"balanceSheetStatements": [{"maxAge": 1, "endDate": "2020-03-31", "cash": 139000000, "shortTermInvestments": 1163000000, "netReceivables": 2465000000, "inventory": 5404000000, "otherCurrentAssets": 368000000, "totalCurrentAssets": 9630000000, "longTermInvestments": 2000000, "propertyPlantEquipment": 10085000000, "goodWill": 2553000000, "intangibleAssets": 355000000, "otherAssets": 267000000, "deferredLongTermAssetCharges": 1000000, "totalAssets": 22892000000, "accountsPayable": 4754000000, "shortLongTermDebt": 572000000, "otherCurrentLiab": 375000000, "longTermDebt": 1055000000, "otherLiab": 457000000, "minorityInterest": 168000000, "totalCurrentLiabilities": 6148000000, "totalLiab": 7695000000, "commonStock": 151000000, "retainedEarnings": 10811000000, "treasuryStock": 14000000, "capitalSurplus": 4053000000, "otherStockholderEquity": 14000000, "totalStockholderEquity": 15029000000, "netTangibleAssets": 12121000000}, {"maxAge": 1, "endDate": "2019-03-31", "cash": 892000000, "shortTermInvestments": 99000000, "netReceivables": 3461000000, "inventory": 3970000000, "otherCurrentAssets": 239000000, "totalCurrentAssets": 8712000000, "longTermInvestments": 2000000, "propertyPlantEquipment": 8903000000, "goodWill": 2538000000, "intangibleAssets": 421000000, "otherAssets": 416000000, "deferredLongTermAssetCharges": 1000000, "totalAssets": 20992000000, "accountsPayable": 3897000000, "shortLongTermDebt": 806000000, "otherCurrentLiab": 472000000, "longTermDebt": 1623000000, "otherLiab": 564000000, "minorityInterest": 150000000, "totalCurrentLiabilities": 5870000000, "totalLiab": 8065000000, "commonStock": 120000000, "retainedEarnings": 8574000000, "treasuryStock": 722000000, "capitalSurplus": 3361000000, "otherStockholderEquity": 722000000, "totalStockholderEquity": 12777000000, "netTangibleAssets": 9818000000}, {"maxAge": 1, "endDate": "2018-03-31", "cash": 434861000, "shortTermInvestments": 3379000, "netReceivables": 3152672000, "inventory": 3572385000, "otherCurrentAssets": 198925000, "totalCurrentAssets": 7429499000, "propertyPlantEquipment": 6786054000, "goodWill": 2347243000, "intangibleAssets": 22761000, "otherAssets": 165399000, "deferredLongTermAssetCharges": 693000, "totalAssets": 16750956000, "accountsPayable": 3490762000, "shortLongTermDebt": 644755000, "otherCurrentLiab": 385738000, "longTermDebt": 1157143000, "otherLiab": 346944000, "minorityInterest": 135082000, "totalCurrentLiabilities": 4912449000, "totalLiab": 6433499000, "commonStock": 119767000, "retainedEarnings": 6710399000, "treasuryStock": 15100000, "capitalSurplus": 3337109000, "otherStockholderEquity": 15100000, "totalStockholderEquity": 10182375000, "netTangibleAssets": 7812371000}, {"maxAge": 1, "endDate": "2017-03-31", "cash": 180240000, "shortTermInvestments": 2521000, "netReceivables": 3461537000, "inventory": 2720995000, "otherCurrentAssets": 365831000, "totalCurrentAssets": 6763609000, "longTermInvestments": 20000, "propertyPlantEquipment": 5320175000, "goodWill": 2321493000, "intangibleAssets": 20200000, "otherAssets": 192476000, "deferredLongTermAssetCharges": 1855000, "totalAssets": 14617973000, "accountsPayable": 2870520000, "shortLongTermDebt": 640061000, "otherCurrentLiab": 301377000, "longTermDebt": 1195575000, "otherLiab": 276051000, "minorityInterest": 122656000, "totalCurrentLiabilities": 4531689000, "totalLiab": 6026855000, "commonStock": 119767000, "retainedEarnings": 5038173000, "treasuryStock": -26587000, "capitalSurplus": 3337109000, "otherStockholderEquity": -26587000, "totalStockholderEquity": 8468462000, "netTangibleAssets": 6126769000}], "maxAge": 86400}, "earningsTrend": {"trend": [{"maxAge": 1, "period": "0q", "endDate": "2018-12-31", "growth": {}, "earningsEstimate": {"avg": 0.0, "low": 0.0, "high": 0.0, "yearAgoEps": 2.62, "numberOfAnalysts": 0, "growth": {}}, "revenueEstimate": {"avg": 5657000000, "low": 5657000000, "high": 5657000000, "numberOfAnalysts": 1, "yearAgoRevenue": 4051700000, "growth": 0.396}, "epsTrend": {"current": 0.0, "7daysAgo": 3.46, "30daysAgo": 3.46, "60daysAgo": 3.46, "90daysAgo": 3.46}, "epsRevisions": {"upLast7days": 0, "upLast30days": 0, "downLast30days": 0, "downLast90days": {}}}, {"maxAge": 1, "period": "+1q", "endDate": "2019-03-31", "growth": {}, "earningsEstimate": {"avg": 0.0, "low": 0.0, "high": 0.0, "yearAgoEps": 3.91, "numberOfAnalysts": 0, "growth": {}}, "revenueEstimate": {"avg": 6607020000, "low": 6607020000, "high": 6607020000, "numberOfAnalysts": 1, "yearAgoRevenue": 5042900000, "growth": 0.31}, "epsTrend": {"current": 0.0, "7daysAgo": 4.44, "30daysAgo": 4.44, "60daysAgo": 4.44, "90daysAgo": 4.44}, "epsRevisions": {"upLast7days": 0, "upLast30days": 0, "downLast30days": 0, "downLast90days": {}}}, {"maxAge": 1, "period": "0y", "endDate": "2019-03-31", "growth": {}, "earningsEstimate": {"avg": 0.0, "low": 0.0, "high": 0.0, "yearAgoEps": {}, "numberOfAnalysts": 0, "growth": {}}, "revenueEstimate": {"avg": 24064000000, "low": 20952000000, "high": 27176000000, "numberOfAnalysts": 2, "yearAgoRevenue": 16097000000, "growth": 0.495}, "epsTrend": {"current": 0.0, "7daysAgo": 17.71, "30daysAgo": 17.71, "60daysAgo": 17.71, "90daysAgo": 17.71}, "epsRevisions": {"upLast7days": 0, "upLast30days": 0, "downLast30days": 0, "downLast90days": {}}}, {"maxAge": 1, "period": "+1y", "endDate": "2020-03-31", "growth": {}, "earningsEstimate": {"avg": 0.0, "low": 0.0, "high": 0.0, "yearAgoEps": {}, "numberOfAnalysts": 0, "growth": {}}, "revenueEstimate": {"avg": 29657000000, "low": 25186000000, "high": 34128000000, "numberOfAnalysts": 2, "yearAgoRevenue": 24064000000, "growth": 0.23200001}, "epsTrend": {"current": 0.0, "7daysAgo": 25.99, "30daysAgo": 25.99, "60daysAgo": 25.99, "90daysAgo": 25.99}, "epsRevisions": {"upLast7days": 0, "upLast30days": 0, "downLast30days": 0, "downLast90days": {}}}, {"maxAge": 1, "period": "+5y", "endDate": null, "growth": -0.06, "earningsEstimate": {"avg": {}, "low": {}, "high": {}, "yearAgoEps": {}, "numberOfAnalysts": {}, "growth": {}}, "revenueEstimate": {"avg": {}, "low": {}, "high": {}, "numberOfAnalysts": {}, "yearAgoRevenue": {}, "growth": {}}, "epsTrend": {"current": {}, "7daysAgo": {}, "30daysAgo": {}, "60daysAgo": {}, "90daysAgo": {}}, "epsRevisions": {"upLast7days": {}, "upLast30days": {}, "downLast30days": {}, "downLast90days": {}}}, {"maxAge": 1, "period": "-5y", "endDate": null, "growth": {}, "earningsEstimate": {"avg": {}, "low": {}, "high": {}, "yearAgoEps": {}, "numberOfAnalysts": {}, "growth": {}}, "revenueEstimate": {"avg": {}, "low": {}, "high": {}, "numberOfAnalysts": {}, "yearAgoRevenue": {}, "growth": {}}, "epsTrend": {"current": {}, "7daysAgo": {}, "30daysAgo": {}, "60daysAgo": {}, "90daysAgo": {}}, "epsRevisions": {"upLast7days": {}, "upLast30days": {}, "downLast30days": {}, "downLast90days": {}}}], "maxAge": 1}, "financialData": {"maxAge": 86400, "currentPrice": 1581.85, "targetHighPrice": 1250.0, "targetLowPrice": 640.0, "targetMeanPrice": 1013.0, "targetMedianPrice": 982.0, "recommendationKey": "none", "numberOfAnalystOpinions": 13, "grossProfits": 9708000000, "financialCurrency": "INR"}}}