{"ASTRON.NS": {"assetProfile": {"address1": "Ganesh Meridian", "address2": "D-702, 7th Floor Opposite High Court S.G Highway", "city": "Ahmedabad", "zip": "380060", "country": "India", "phone": "91 79 4008 1221", "fax": "91 79 4008 1220", "website": "http://www.astronpaper.com", "industry": "Paper & Paper Products", "sector": "Basic Materials", "longBusinessSummary": "Astron Paper & Board Mill Limited manufactures and sells a range of kraft papers from waste paper for packaging industry in India. The company offers high ring crust test papers, kraft liners, liners, and corrugated medium papers for use in the manufacture of corrugated boxes and liners, corrugated sacks, and composite containers. It also exports its products. The company was founded in 2010 and is based in Ahmedabad, India.", "fullTimeEmployees": 292, "companyOfficers": [{"maxAge": 1, "name": "Mr. Kiritbhai Ghanshyambhai Patel", "age": 47, "title": "Exec. Chairman & MD", "yearBorn": 1973, "fiscalYear": 2020, "totalPay": 2400000, "exercisedValue": 0, "unexercisedValue": 0}, {"maxAge": 1, "name": "Mr. Uttambhai Narayanbhai Patel", "age": 27, "title": "Compliance Officer & Company Sec.", "yearBorn": 1993, "exercisedValue": 0, "unexercisedValue": 0}, {"maxAge": 1, "name": "Mr. Ramakant Kantibhai Patel", "age": 55, "title": "Whole Time Director", "yearBorn": 1965, "fiscalYear": 2020, "totalPay": 600000, "exercisedValue": 0, "unexercisedValue": 0}, {"maxAge": 1, "name": "Mr. Karshanbhai Hirabhai Patel", "age": 67, "title": "Exec. Director", "yearBorn": 1953, "fiscalYear": 2020, "totalPay": 0, "exercisedValue": 0, "unexercisedValue": 0}, {"maxAge": 1, "name": "Mr. Kanubhai Bhikhabhai Patel", "age": 42, "title": "Exec. Director", "yearBorn": 1978, "fiscalYear": 2020, "totalPay": 0, "exercisedValue": 0, "unexercisedValue": 0}, {"maxAge": 1, "name": "Mr. Vashishth  Raval", "title": "Chief Financial Officer", "exercisedValue": 0, "unexercisedValue": 0}, {"maxAge": 1, "name": "Mr. Bipinkumar T. Patel", "age": 48, "title": "VP of Fin. & Accounts", "yearBorn": 1972, "fiscalYear": 2017, "exercisedValue": 0, "unexercisedValue": 0}, {"maxAge": 1, "name": "Mr. Shakti  Bhargava", "age": 48, "title": "VP of Marketing", "yearBorn": 1972, "exercisedValue": 0, "unexercisedValue": 0}, {"maxAge": 1, "name": "Mr. Dharmendra  Singh", "age": 46, "title": "VP of Production", "yearBorn": 1974, "exercisedValue": 0, "unexercisedValue": 0}], "compensationAsOfEpochDate": "2020-12-31 05:30:00", "maxAge": 86400}, "cashflowStatementHistory": {"cashflowStatements": [{"maxAge": 1, "endDate": "2020-03-31", "netIncome": 134199571, "depreciation": 61905695, "changeToNetincome": 68659705, "changeToAccountReceivables": -90181178, "changeToLiabilities": 41637672, "changeToInventory": 89971518, "changeToOperatingActivities": -31443831, "totalCashFromOperatingActivities": 275064002, "capitalExpenditures": -177558229, "investments": -9808298, "otherCashflowsFromInvestingActivities": 4218374, "totalCashflowsFromInvestingActivities": -183440783, "netBorrowings": 47277692, "otherCashflowsFromFinancingActivities": -92125683, "totalCashFromFinancingActivities": -44847991, "changeInCash": 46775228}, {"maxAge": 1, "endDate": "2019-03-31", "netIncome": 276023942, "depreciation": 54257673, "changeToNetincome": 152156966, "changeToAccountReceivables": -208826735, "changeToLiabilities": 432807539, "changeToInventory": -275066424, "changeToOperatingActivities": 29404179, "totalCashFromOperatingActivities": 460964951, "capitalExpenditures": -294041120, "investments": 11835244, "otherCashflowsFromInvestingActivities": 4997245, "totalCashflowsFromInvestingActivities": -276419316, "netBorrowings": -244898951, "otherCashflowsFromFinancingActivities": -87691932, "totalCashFromFinancingActivities": -332590883, "changeInCash": -148045249}, {"maxAge": 1, "endDate": "2018-03-31", "netIncome": 208335000, "depreciation": 34852000, "changeToNetincome": 24715000, "changeToAccountReceivables": -242008000, "changeToLiabilities": -21249000, "changeToInventory": 96324000, "changeToOperatingActivities": -49409000, "totalCashFromOperatingActivities": 51860000, "capitalExpenditures": -266866000, "investments": -20509000, "otherCashflowsFromInvestingActivities": 5245000, "totalCashflowsFromInvestingActivities": -282617000, "netBorrowings": -143337000, "otherCashflowsFromFinancingActivities": -177003000, "totalCashFromFinancingActivities": 377910000, "changeInCash": 147154000, "issuanceOfStock": 698250000}, {"maxAge": 1, "endDate": "2017-03-31", "netIncome": 100219000, "depreciation": 32339000, "changeToNetincome": 68395000, "changeToAccountReceivables": 18429000, "changeToLiabilities": 33687000, "changeToInventory": -70763000, "changeToOperatingActivities": -23375000, "totalCashFromOperatingActivities": 159502000, "capitalExpenditures": -89351000, "investments": -19704000, "otherCashflowsFromInvestingActivities": 4401000, "totalCashflowsFromInvestingActivities": -104709000, "netBorrowings": 28577000, "otherCashflowsFromFinancingActivities": -96053000, "totalCashFromFinancingActivities": -67476000, "changeInCash": -12683000, "issuanceOfStock": 698250000}], "maxAge": 86400}, "institutionOwnership": {"maxAge": 1, "ownershipList": []}, "majorHoldersBreakdown": {"maxAge": 1, "insidersPercentHeld": 0.67847997, "institutionsPercentHeld": 0.0, "institutionsFloatPercentHeld": 0.0, "institutionsCount": 0}, "balanceSheetHistoryQuarterly": {"balanceSheetStatements": [{"maxAge": 1, "endDate": "2020-12-31", "totalStockholderEquity": 1642185000, "netTangibleAssets": 1641099000}, {"maxAge": 1, "endDate": "2020-09-30", "cash": 30374000, "netReceivables": 920134000, "inventory": 506825000, "otherCurrentAssets": 109880000, "totalCurrentAssets": 1567213000, "longTermInvestments": 75795000, "propertyPlantEquipment": 1506045000, "intangibleAssets": 1086000, "otherAssets": 2491000, "totalAssets": 3152630000, "accountsPayable": 638885000, "shortLongTermDebt": 41422000, "otherCurrentLiab": 143875000, "longTermDebt": 185130000, "otherLiab": 78550000, "totalCurrentLiabilities": 1246765000, "totalLiab": 1510445000, "commonStock": 465000000, "treasuryStock": 1177185000, "otherStockholderEquity": 1177185000, "totalStockholderEquity": 1642185000, "netTangibleAssets": 1641099000}, {"maxAge": 1, "endDate": "2020-06-30", "totalStockholderEquity": 1657193000, "netTangibleAssets": 1655792000}, {"maxAge": 1, "endDate": "2020-03-31", "cash": 50778381, "netReceivables": 989534458, "inventory": 520679604, "otherCurrentAssets": 107531495, "totalCurrentAssets": 1673943027, "longTermInvestments": 9567413, "propertyPlantEquipment": 1510992418, "intangibleAssets": 1401133, "otherAssets": 92212880, "totalAssets": 3288116871, "accountsPayable": 464434020, "shortLongTermDebt": 41421533, "otherCurrentLiab": 94928656, "longTermDebt": 150820001, "otherLiab": 76349336, "totalCurrentLiabilities": 1403754100, "totalLiab": 1630923437, "commonStock": 465000000, "retainedEarnings": 732228191, "treasuryStock": 232374, "capitalSurplus": 459732869, "otherStockholderEquity": 232374, "totalStockholderEquity": 1657193434, "netTangibleAssets": 1655792301}], "maxAge": 86400}, "indexTrend": {"maxAge": 1, "symbol": "SP5", "peRatio": 19.7411, "pegRatio": 1.34172, "estimates": [{"period": "0q", "growth": 0.549}, {"period": "+1q", "growth": 0.431}, {"period": "0y", "growth": 0.305}, {"period": "+1y", "growth": 0.109}, {"period": "+5y", "growth": 0.120865}, {"period": "-5y"}]}, "defaultKeyStatistics": {"maxAge": 1, "priceHint": 2, "enterpriseValue": 2492146944, "profitMargins": 0.01611, "floatShares": 11704002, "sharesOutstanding": 46500000, "heldPercentInsiders": 0.67847997, "heldPercentInstitutions": 0.0, "beta": 0.966363, "category": null, "bookValue": 35.554, "priceToBook": 1.1306745, "fundFamily": null, "legalType": null, "lastFiscalYearEnd": "2020-03-31 05:30:00", "nextFiscalYearEnd": "2022-03-31 05:30:00", "mostRecentQuarter": "2020-12-31 05:30:00", "earningsQuarterlyGrowth": 0.37, "netIncomeToCommon": 63088572, "trailingEps": 1.359, "lastSplitFactor": null, "enterpriseToRevenue": 0.637, "enterpriseToEbitda": 8.278, "52WeekChange": 0.40314138, "SandP52WeekChange": 0.48148263}, "summaryProfile": {"address1": "Ganesh Meridian", "address2": "D-702, 7th Floor Opposite High Court S.G Highway", "city": "Ahmedabad", "zip": "380060", "country": "India", "phone": "91 79 4008 1221", "fax": "91 79 4008 1220", "website": "http://www.astronpaper.com", "industry": "Paper & Paper Products", "sector": "Basic Materials", "longBusinessSummary": "Astron Paper & Board Mill Limited manufactures and sells a range of kraft papers from waste paper for packaging industry in India. The company offers high ring crust test papers, kraft liners, liners, and corrugated medium papers for use in the manufacture of corrugated boxes and liners, corrugated sacks, and composite containers. It also exports its products. The company was founded in 2010 and is based in Ahmedabad, India.", "fullTimeEmployees": 292, "companyOfficers": [], "maxAge": 86400}, "netSharePurchaseActivity": {"maxAge": 1, "period": "6m", "buyInfoCount": 0, "buyInfoShares": 0, "sellInfoCount": 0, "netInfoCount": 0, "netInfoShares": 0, "netPercentInsiderShares": 0.0, "totalInsiderShares": 31618280}, "insiderTransactions": {"transactions": [{"maxAge": 1, "shares": 1000000, "filerUrl": "", "transactionText": "Acquisition at price 0.00 per share.", "filerName": "Patel (Kirit Ghanshyambhai)", "filerRelation": "Chairman of the Board", "moneyText": "", "startDate": "2020-06-29", "ownership": "D"}, {"maxAge": 1, "shares": 70000, "filerUrl": "", "transactionText": "", "filerName": "Tulsidas (Bipinkumar Patel)", "filerRelation": "Vice President", "moneyText": "", "startDate": "2019-11-13", "ownership": "D"}, {"maxAge": 1, "shares": 95773, "filerUrl": "", "transactionText": "", "filerName": "Tulsidas (Bipinkumar Patel)", "filerRelation": "Vice President", "moneyText": "", "startDate": "2019-10-15", "ownership": "D"}, {"maxAge": 1, "shares": 81650, "filerUrl": "", "transactionText": "", "filerName": "Tulsidas (Bipinkumar Patel)", "filerRelation": "Vice President", "moneyText": "", "startDate": "2019-10-01", "ownership": "D"}, {"maxAge": 1, "shares": 171650, "filerUrl": "", "transactionText": "", "filerName": "Tulsidas (Bipinkumar Patel)", "filerRelation": "Vice President", "moneyText": "", "startDate": "2019-09-27", "ownership": "D"}, {"maxAge": 1, "shares": 150000, "filerUrl": "", "transactionText": "", "filerName": "Tulsidas (Bipinkumar Patel)", "filerRelation": "Vice President", "moneyText": "", "startDate": "2019-09-27", "ownership": "D"}, {"maxAge": 1, "shares": 10000, "filerUrl": "", "transactionText": "", "filerName": "Tulsidas (Bipinkumar Patel)", "filerRelation": "Vice President", "moneyText": "", "startDate": "2019-08-29", "ownership": "D"}, {"maxAge": 1, "shares": 20000, "filerUrl": "", "transactionText": "", "filerName": "Tulsidas (Bipinkumar Patel)", "filerRelation": "Vice President", "moneyText": "", "startDate": "2019-08-27", "ownership": "D"}, {"maxAge": 1, "shares": 51650, "filerUrl": "", "transactionText": "", "filerName": "Tulsidas (Bipinkumar Patel)", "filerRelation": "Vice President", "moneyText": "", "startDate": "2019-08-23", "ownership": "D"}, {"maxAge": 1, "shares": 90000, "filerUrl": "", "transactionText": "", "filerName": "Patel (Bipinkumar)", "filerRelation": "Divisional Officer", "moneyText": "", "startDate": "2019-08-22", "ownership": "D"}, {"maxAge": 1, "shares": 175000, "filerUrl": "", "transactionText": "", "filerName": "Tulsidas (Bipinkumar Patel)", "filerRelation": "Vice President", "moneyText": "", "startDate": "2019-08-22", "ownership": "D"}, {"maxAge": 1, "shares": 90000, "filerUrl": "", "transactionText": "", "filerName": "Tulsidas (Bipinkumar Patel)", "filerRelation": "Vice President", "moneyText": "", "startDate": "2019-08-21", "ownership": "D"}, {"maxAge": 1, "shares": 170324, "filerUrl": "", "transactionText": "", "filerName": "Patel (Bipinkumar)", "filerRelation": "Divisional Officer", "moneyText": "", "startDate": "2019-08-19", "ownership": "D"}, {"maxAge": 1, "shares": 5000, "filerUrl": "", "transactionText": "", "filerName": "Patel (Bipinkumar)", "filerRelation": "Divisional Officer", "moneyText": "", "startDate": "2018-11-22", "ownership": "D"}, {"maxAge": 1, "shares": 1280, "filerUrl": "", "transactionText": "", "filerName": "Patel (Parth)", "filerRelation": "UNREPORTED", "moneyText": "", "startDate": "2018-07-10", "ownership": "D"}], "maxAge": 1}, "quoteType": {"exchange": "NSI", "quoteType": "EQUITY", "symbol": "ASTRON.NS", "underlyingSymbol": "ASTRON.NS", "shortName": "ASTRON PAPER & BOA", "longName": "Astron Paper & Board Mill Limited", "firstTradeDateEpochUtc": "2017-12-29 09:15:00", "timeZoneFullName": "Asia/Kolkata", "timeZoneShortName": "IST", "uuid": "f550d43b-92a0-3936-8be8-338bf9f91bf8", "messageBoardId": "finmb_272882012", "gmtOffSetMilliseconds": 19800000, "maxAge": 1}, "incomeStatementHistory": {"incomeStatementHistory": [{"maxAge": 1, "endDate": "2020-03-31", "totalRevenue": 3589028636, "costOfRevenue": 2063057778, "grossProfit": 1525970858, "researchDevelopment": {}, "sellingGeneralAdministrative": 188262987, "nonRecurring": {}, "otherOperatingExpenses": 970145487, "totalOperatingExpenses": 3283686797, "operatingIncome": 305341839, "totalOtherIncomeExpenseNet": -107352894, "ebit": 305341839, "interestExpense": -92125684, "incomeBeforeTax": 197988945, "incomeTaxExpense": 63789374, "minorityInterest": {}, "netIncomeFromContinuingOps": 134199571, "discontinuedOperations": {}, "extraordinaryItems": {}, "effectOfAccountingCharges": {}, "otherItems": {}, "netIncome": 134199571, "netIncomeApplicableToCommonShares": 134199571}, {"maxAge": 1, "endDate": "2019-03-31", "totalRevenue": 3739812538, "costOfRevenue": 2241636863, "grossProfit": 1498175675, "researchDevelopment": {}, "sellingGeneralAdministrative": 151309979, "nonRecurring": {}, "otherOperatingExpenses": 812036647, "totalOperatingExpenses": 3259448973, "operatingIncome": 480363565, "totalOtherIncomeExpenseNet": -98478128, "ebit": 480363565, "interestExpense": -86950809, "incomeBeforeTax": 381885437, "incomeTaxExpense": 105861495, "minorityInterest": {}, "netIncomeFromContinuingOps": 276023942, "discontinuedOperations": {}, "extraordinaryItems": {}, "effectOfAccountingCharges": {}, "otherItems": {}, "netIncome": 276023942, "netIncomeApplicableToCommonShares": 276023942}, {"maxAge": 1, "endDate": "2018-03-31", "totalRevenue": 2529295000, "costOfRevenue": 1590457000, "grossProfit": 938838000, "researchDevelopment": {}, "sellingGeneralAdministrative": 100928000, "nonRecurring": {}, "otherOperatingExpenses": 507822000, "totalOperatingExpenses": 2234359000, "operatingIncome": 294936000, "totalOtherIncomeExpenseNet": -105811000, "ebit": 294936000, "interestExpense": -77411000, "incomeBeforeTax": 189125000, "incomeTaxExpense": -19210000, "minorityInterest": {}, "netIncomeFromContinuingOps": 208335000, "discontinuedOperations": {}, "extraordinaryItems": {}, "effectOfAccountingCharges": {}, "otherItems": {}, "netIncome": 208335000, "netIncomeApplicableToCommonShares": 208335000}, {"maxAge": 1, "endDate": "2017-03-31", "totalRevenue": 1832652000, "costOfRevenue": 1180142000, "grossProfit": 652510000, "researchDevelopment": {}, "sellingGeneralAdministrative": 81816000, "nonRecurring": {}, "otherOperatingExpenses": 350479000, "totalOperatingExpenses": 1645347000, "operatingIncome": 187305000, "totalOtherIncomeExpenseNet": -103639000, "ebit": 187305000, "interestExpense": -97593000, "incomeBeforeTax": 83666000, "incomeTaxExpense": -16553000, "minorityInterest": {}, "netIncomeFromContinuingOps": 100219000, "discontinuedOperations": {}, "extraordinaryItems": {}, "effectOfAccountingCharges": {}, "otherItems": {}, "netIncome": 100219000, "netIncomeApplicableToCommonShares": 100219000}], "maxAge": 86400}, "fundOwnership": {"maxAge": 1, "ownershipList": []}, "summaryDetail": {"maxAge": 1, "priceHint": 2, "previousClose": 40.7, "open": 40.7, "dayLow": 39.2, "dayHigh": 40.7, "regularMarketPreviousClose": 40.7, "regularMarketOpen": 40.7, "regularMarketDayLow": 39.2, "regularMarketDayHigh": 40.7, "payoutRatio": 0.0, "beta": 0.966363, "trailingPE": 29.580576, "volume": 21996, "regularMarketVolume": 21996, "averageVolume": 74234, "averageVolume10days": 36235, "averageDailyVolume10Day": 36235, "bid": 0.0, "ask": 0.0, "bidSize": 0, "askSize": 0, "marketCap": 1867004672, "fiftyTwoWeekLow": 26.85, "fiftyTwoWeekHigh": 59.5, "priceToSalesTrailing12Months": 0.47692364, "fiftyDayAverage": 41.592857, "twoHundredDayAverage": 45.716434, "currency": "INR", "fromCurrency": null, "toCurrency": null, "lastMarket": null, "algorithm": null, "tradeable": false}, "incomeStatementHistoryQuarterly": {"incomeStatementHistory": [{"maxAge": 1, "endDate": "2020-12-31", "totalRevenue": 1243542000, "costOfRevenue": 807660000, "grossProfit": 435882000, "researchDevelopment": {}, "sellingGeneralAdministrative": 50366000, "nonRecurring": {}, "otherOperatingExpenses": 298020000, "totalOperatingExpenses": 1173801000, "operatingIncome": 69741000, "totalOtherIncomeExpenseNet": -26418000, "ebit": 69741000, "interestExpense": -26511000, "incomeBeforeTax": 43323000, "incomeTaxExpense": 14896000, "minorityInterest": {}, "netIncomeFromContinuingOps": 28427000, "discontinuedOperations": {}, "extraordinaryItems": {}, "effectOfAccountingCharges": {}, "otherItems": {}, "netIncome": 28427000, "netIncomeApplicableToCommonShares": 28427000}, {"maxAge": 1, "endDate": "2020-09-30", "totalRevenue": 996975000, "costOfRevenue": 671181000, "grossProfit": 325794000, "researchDevelopment": {}, "sellingGeneralAdministrative": 49775000, "nonRecurring": {}, "otherOperatingExpenses": 251101000, "totalOperatingExpenses": 987612000, "operatingIncome": 9363000, "totalOtherIncomeExpenseNet": -25129000, "ebit": 9363000, "interestExpense": -27129000, "incomeBeforeTax": -15766000, "incomeTaxExpense": -3757000, "minorityInterest": {}, "netIncomeFromContinuingOps": -12009000, "discontinuedOperations": {}, "extraordinaryItems": {}, "effectOfAccountingCharges": {}, "otherItems": {}, "netIncome": -12009000, "netIncomeApplicableToCommonShares": -12009000}, {"maxAge": 1, "endDate": "2020-06-30", "totalRevenue": 672706000, "costOfRevenue": 396417000, "grossProfit": 276289000, "researchDevelopment": {}, "sellingGeneralAdministrative": 38491000, "nonRecurring": {}, "otherOperatingExpenses": 172018000, "totalOperatingExpenses": 622481000, "operatingIncome": 50225000, "totalOtherIncomeExpenseNet": -26449000, "ebit": 50225000, "interestExpense": -26449000, "incomeBeforeTax": 23776000, "incomeTaxExpense": 5427000, "minorityInterest": {}, "netIncomeFromContinuingOps": 18349000, "discontinuedOperations": {}, "extraordinaryItems": {}, "effectOfAccountingCharges": {}, "otherItems": {}, "netIncome": 18349000, "netIncomeApplicableToCommonShares": 18349000}, {"maxAge": 1, "endDate": "2020-03-31", "totalRevenue": 1001459636, "costOfRevenue": 530462778, "grossProfit": 470996858, "researchDevelopment": {}, "sellingGeneralAdministrative": 58424987, "nonRecurring": {}, "otherOperatingExpenses": 297083487, "totalOperatingExpenses": 897383797, "operatingIncome": 104075839, "totalOtherIncomeExpenseNet": -37334894, "ebit": 104075839, "interestExpense": -19983684, "incomeBeforeTax": 66740945, "incomeTaxExpense": 38419374, "minorityInterest": {}, "netIncomeFromContinuingOps": 28321571, "discontinuedOperations": {}, "extraordinaryItems": {}, "effectOfAccountingCharges": {}, "otherItems": {}, "netIncome": 28321571, "netIncomeApplicableToCommonShares": 28321571}], "maxAge": 86400}, "cashflowStatementHistoryQuarterly": {"cashflowStatements": [{"maxAge": 1, "endDate": "2020-12-31", "netIncome": 28427000, "changeToLiabilities": 0}, {"maxAge": 1, "endDate": "2020-09-30", "netIncome": -12009000, "changeToLiabilities": 0}, {"maxAge": 1, "endDate": "2020-06-30", "netIncome": 18349000, "changeToLiabilities": 0}, {"maxAge": 1, "endDate": "2020-03-31", "netIncome": 28321571, "changeToLiabilities": 0}], "maxAge": 86400}, "insiderHolders": {"holders": [{"maxAge": 1, "name": "Patel (Bipinkumar)", "relation": "Divisional Officer", "url": "", "transactionDescription": "Sale", "latestTransDate": "2019-08-22", "positionDirect": 409504, "positionDirectDate": "2019-08-22"}, {"maxAge": 1, "name": "Patel (Kirit Ghanshyambhai)", "relation": "Chairman of the Board", "url": "", "transactionDescription": "Acquisition", "latestTransDate": "2020-06-29", "positionDirect": 7699650, "positionDirectDate": "2020-06-29"}, {"maxAge": 1, "name": "Patel (Parth)", "relation": "UNREPORTED", "url": "", "transactionDescription": "Sale", "latestTransDate": "2018-07-10", "positionDirect": 7500, "positionDirectDate": "2018-07-10"}, {"maxAge": 1, "name": "Tulsidas (Bipinkumar Patel)", "relation": "Vice President", "url": "", "transactionDescription": "Sale", "latestTransDate": "2019-11-13", "positionDirect": 270381, "positionDirectDate": "2019-11-13"}], "maxAge": 1}, "calendarEvents": {"maxAge": 1, "earnings": {"earningsDate": []}}, "price": {"maxAge": 1, "regularMarketChangePercent": -0.012285012, "regularMarketChange": -0.5, "regularMarketTime": "2021-04-30 15:29:54", "priceHint": 2, "regularMarketPrice": 40.2, "regularMarketDayHigh": 40.7, "regularMarketDayLow": 39.2, "regularMarketVolume": 21996, "averageDailyVolume10Day": 36235, "averageDailyVolume3Month": 74234, "regularMarketPreviousClose": 40.7, "regularMarketSource": "FREE_REALTIME", "regularMarketOpen": 40.7, "exchange": "NSI", "exchangeName": "NSE", "exchangeDataDelayedBy": 15, "marketState": "CLOSED", "quoteType": "EQUITY", "symbol": "ASTRON.NS", "underlyingSymbol": null, "shortName": "ASTRON PAPER & BOA", "longName": "Astron Paper & Board Mill Limited", "currency": "INR", "quoteSourceName": "Delayed Quote", "currencySymbol": "\u20b9", "fromCurrency": null, "toCurrency": null, "lastMarket": null, "marketCap": 1867004672}, "balanceSheetHistory": {"balanceSheetStatements": [{"maxAge": 1, "endDate": "2020-03-31", "cash": 50778381, "netReceivables": 989534458, "inventory": 520679604, "otherCurrentAssets": 107531495, "totalCurrentAssets": 1673943027, "longTermInvestments": 9567413, "propertyPlantEquipment": 1510992418, "intangibleAssets": 1401133, "otherAssets": 92212880, "totalAssets": 3288116871, "accountsPayable": 464434020, "shortLongTermDebt": 41421533, "otherCurrentLiab": 94928656, "longTermDebt": 150820001, "otherLiab": 76349336, "totalCurrentLiabilities": 1403754100, "totalLiab": 1630923437, "commonStock": 465000000, "retainedEarnings": 732228191, "treasuryStock": 232374, "capitalSurplus": 459732869, "otherStockholderEquity": 232374, "totalStockholderEquity": 1657193434, "netTangibleAssets": 1655792301}, {"maxAge": 1, "endDate": "2019-03-31", "cash": 4003152, "netReceivables": 884961591, "inventory": 598369737, "otherCurrentAssets": 99298998, "totalCurrentAssets": 1591727864, "longTermInvestments": 6673815, "propertyPlantEquipment": 1394678148, "intangibleAssets": 670225, "otherAssets": 132578886, "totalAssets": 3126328938, "accountsPayable": 460696423, "shortLongTermDebt": 83673383, "otherCurrentLiab": 159277934, "longTermDebt": 182046884, "otherLiab": 46982261, "totalCurrentLiabilities": 1377770078, "totalLiab": 1606799223, "commonStock": 465000000, "retainedEarnings": 594528621, "treasuryStock": 268225, "capitalSurplus": 459732869, "otherStockholderEquity": 268225, "totalStockholderEquity": 1519529715, "netTangibleAssets": 1518859490}, {"maxAge": 1, "endDate": "2018-03-31", "cash": 152048000, "netReceivables": 600582000, "inventory": 336049000, "otherCurrentAssets": 76534000, "totalCurrentAssets": 1169779000, "longTermInvestments": 1813000, "propertyPlantEquipment": 1032100000, "intangibleAssets": 707000, "otherAssets": 111123000, "totalAssets": 2315522000, "shortLongTermDebt": 85862000, "otherCurrentLiab": 182340000, "longTermDebt": 162342000, "otherLiab": 14143000, "totalCurrentLiabilities": 878462000, "totalLiab": 1054947000, "commonStock": 465000000, "retainedEarnings": 334942000, "treasuryStock": 159000, "capitalSurplus": 460474000, "otherStockholderEquity": 159000, "totalStockholderEquity": 1260575000, "netTangibleAssets": 1259868000}, {"maxAge": 1, "endDate": "2017-03-31", "cash": 4895000, "netReceivables": 371771000, "inventory": 440081000, "otherCurrentAssets": 47644000, "totalCurrentAssets": 866634000, "longTermInvestments": 30000, "propertyPlantEquipment": 800048000, "intangibleAssets": 435000, "otherAssets": 58127000, "totalAssets": 1725274000, "accountsPayable": 155658000, "shortLongTermDebt": 80175000, "otherCurrentLiab": 30726000, "longTermDebt": 384865000, "otherLiab": 85490000, "totalCurrentLiabilities": 803179000, "totalLiab": 1273534000, "commonStock": 325000000, "retainedEarnings": 126606000, "treasuryStock": 134000, "otherStockholderEquity": 134000, "totalStockholderEquity": 451740000, "netTangibleAssets": 451305000}], "maxAge": 86400}, "financialData": {"maxAge": 86400, "currentPrice": 40.2, "recommendationKey": "none", "totalCash": 30374000, "totalCashPerShare": 0.652, "ebitda": 301046560, "totalDebt": 649134976, "totalRevenue": 3914682624, "debtToEquity": 39.529, "revenuePerShare": 84.298, "grossProfits": 1525970858, "earningsGrowth": 0.356, "revenueGrowth": 0.366, "grossMargins": 0.38546002, "ebitdaMargins": 0.0769, "operatingMargins": 0.05962, "profitMargins": 0.01611, "financialCurrency": "INR"}}}