{"ASTRAZEN.NS": {"assetProfile": {"address1": "Manyata Embassy Business Park", "address2": "Block N1, 12th Floor Rachenahalli Outer Ring Road", "city": "Bengaluru", "zip": "560045", "country": "India", "phone": "91 80 6774 8000", "fax": "91 80 6774 8557", "website": "http://www.astrazeneca.com/india", "industry": "Drug Manufacturers\u2014Specialty & Generic", "sector": "Healthcare", "longBusinessSummary": "AstraZeneca Pharma India Limited, a biopharmaceutical company, manufactures, markets, and distributes pharmaceutical products in India and internationally. It manufactures and sells medicines under the Brilinta, Axcer, Forxiga, Oxra, Gledepa, Xigduo, Symbicort, Onglyza, Kombiglyze, Tagrisso, Lynparza, Zoladex, QTERN, and Imfinzi brand names. The company offers products in the areas of cardiovascular, renal, metabolic, oncology, antidiabetic, respiratory, inflammation, and autoimmunity diseases. It also provides clinical trial services. The company was founded in 1979 and is headquartered in Bengaluru, India. AstraZeneca Pharma India Limited is a subsidiary of AstraZeneca Pharmaceuticals AB.", "fullTimeEmployees": 1325, "companyOfficers": [{"maxAge": 1, "name": "Mr. Gagandeep Singh Bedi", "age": 49, "title": "MD, Country Pres & Exec. Director", "yearBorn": 1971, "fiscalYear": 2020, "totalPay": 48230765, "exercisedValue": 0, "unexercisedValue": 0}, {"maxAge": 1, "name": "Mr. Rajesh  Marwaha", "age": 57, "title": "CFO & Exec. Director", "yearBorn": 1963, "fiscalYear": 2020, "totalPay": 24506098, "exercisedValue": 0, "unexercisedValue": 0}, {"maxAge": 1, "name": "Mr. Pratap Rudra Bhuvanagiri", "title": "Company Sec., Legal Counsel & Compliance Officer", "fiscalYear": 2020, "totalPay": 3729730, "exercisedValue": 0, "unexercisedValue": 0}, {"maxAge": 1, "name": "Ms. Smita  Saha", "age": 50, "title": "VP of HR", "yearBorn": 1970, "exercisedValue": 0, "unexercisedValue": 0}, {"maxAge": 1, "name": "Mr. Richard  Cheeseman", "age": 47, "title": "Head of Engineering & Facilities", "yearBorn": 1973, "exercisedValue": 0, "unexercisedValue": 0}, {"maxAge": 1, "name": "Mr. Vimlesh  Maheshwari", "title": "Fin. Controller", "exercisedValue": 0, "unexercisedValue": 0}, {"maxAge": 1, "name": "Dr. K. R. Premnath Shenoy", "age": 64, "title": "Director of Regulatory", "yearBorn": 1956, "fiscalYear": 2007, "exercisedValue": 0, "unexercisedValue": 0}, {"maxAge": 1, "name": "Mr. Ramesh Kadaba Venkatapathi", "age": 68, "title": "Director of Quality Assurance & Technical Services", "yearBorn": 1952, "fiscalYear": 2007, "exercisedValue": 0, "unexercisedValue": 0}, {"maxAge": 1, "name": "Dr. Paurus Mehelli Irani", "age": 53, "title": "Global Medical Affairs Leader - Infection", "yearBorn": 1967, "exercisedValue": 0, "unexercisedValue": 0}, {"maxAge": 1, "name": "Mr. Rajeev  Nagi", "age": 50, "title": "VP of Institutions & International Bus.", "yearBorn": 1970, "exercisedValue": 0, "unexercisedValue": 0}], "compensationAsOfEpochDate": "2020-12-31 05:30:00", "maxAge": 86400}, "cashflowStatementHistory": {"cashflowStatements": [{"maxAge": 1, "endDate": "2020-03-31", "netIncome": 722100000, "depreciation": 185800000, "changeToNetincome": -7100000, "changeToAccountReceivables": -48300000, "changeToLiabilities": 414500000, "changeToInventory": -470300000, "changeToOperatingActivities": 77500000, "totalCashFromOperatingActivities": 874200000, "capitalExpenditures": -142200000, "investments": -1690000000, "otherCashflowsFromInvestingActivities": 119300000, "totalCashflowsFromInvestingActivities": -1708000000, "dividendsPaid": -25000000, "netBorrowings": -22100000, "otherCashflowsFromFinancingActivities": -16500000, "totalCashFromFinancingActivities": -63600000, "changeInCash": -897400000}, {"maxAge": 1, "endDate": "2019-03-31", "netIncome": 544500000, "depreciation": 149200000, "changeToNetincome": -242000000, "changeToAccountReceivables": -283500000, "changeToLiabilities": 410400000, "changeToInventory": -49600000, "changeToOperatingActivities": 20800000, "totalCashFromOperatingActivities": 549800000, "capitalExpenditures": -186900000, "investments": 116800000, "otherCashflowsFromInvestingActivities": 110200000, "totalCashflowsFromInvestingActivities": 42800000, "dividendsPaid": -25000000, "netBorrowings": -22100000, "otherCashflowsFromFinancingActivities": -16500000, "totalCashFromFinancingActivities": -63600000, "changeInCash": 592600000}, {"maxAge": 1, "endDate": "2018-03-31", "netIncome": 259100000, "depreciation": 147400000, "changeToNetincome": 23900000, "changeToAccountReceivables": -122900000, "changeToLiabilities": 395400000, "changeToInventory": -554400000, "changeToOperatingActivities": -60600000, "totalCashFromOperatingActivities": 87900000, "capitalExpenditures": -62800000, "investments": -110800000, "otherCashflowsFromInvestingActivities": 79700000, "totalCashflowsFromInvestingActivities": -93600000, "dividendsPaid": -25000000, "netBorrowings": -22100000, "otherCashflowsFromFinancingActivities": -16500000, "totalCashFromFinancingActivities": -63600000, "changeInCash": -5700000}, {"maxAge": 1, "endDate": "2017-03-31", "netIncome": 200500000, "depreciation": 158300000, "changeToNetincome": 24600000, "changeToAccountReceivables": 384100000, "changeToLiabilities": -449300000, "changeToInventory": 190200000, "changeToOperatingActivities": -127400000, "totalCashFromOperatingActivities": 381000000, "capitalExpenditures": -56500000, "investments": 100000, "otherCashflowsFromInvestingActivities": 56600000, "totalCashflowsFromInvestingActivities": 2500000, "dividendsPaid": -25000000, "netBorrowings": -22100000, "otherCashflowsFromFinancingActivities": -16500000, "totalCashFromFinancingActivities": -63600000, "changeInCash": 383500000}], "maxAge": 86400}, "institutionOwnership": {"maxAge": 1, "ownershipList": []}, "majorHoldersBreakdown": {"maxAge": 1, "insidersPercentHeld": 0.83585, "institutionsPercentHeld": 0.02777, "institutionsFloatPercentHeld": 0.16916001, "institutionsCount": 22}, "balanceSheetHistoryQuarterly": {"balanceSheetStatements": [{"maxAge": 1, "endDate": "2020-12-31", "totalStockholderEquity": 4050308000, "netTangibleAssets": 4050308000}, {"maxAge": 1, "endDate": "2020-09-30", "cash": 2516671000, "netReceivables": 906765000, "inventory": 1942029000, "otherCurrentAssets": 214881000, "totalCurrentAssets": 5580346000, "propertyPlantEquipment": 897027000, "otherAssets": 724630000, "deferredLongTermAssetCharges": 159698000, "totalAssets": 7202003000, "accountsPayable": 1765339000, "otherCurrentLiab": 1204060000, "otherLiab": 64079000, "totalCurrentLiabilities": 2997988000, "totalLiab": 3151695000, "commonStock": 50000000, "treasuryStock": 4000308000, "otherStockholderEquity": 4000308000, "totalStockholderEquity": 4050308000, "netTangibleAssets": 4050308000}, {"maxAge": 1, "endDate": "2020-06-30", "totalStockholderEquity": 3644400000, "netTangibleAssets": 3644400000}, {"maxAge": 1, "endDate": "2020-03-31", "cash": 835000000, "shortTermInvestments": 1690000000, "netReceivables": 955800000, "inventory": 1651500000, "otherCurrentAssets": 208100000, "totalCurrentAssets": 5423200000, "propertyPlantEquipment": 957700000, "otherAssets": 682700000, "deferredLongTermAssetCharges": 146400000, "totalAssets": 7063600000, "accountsPayable": 2097200000, "otherCurrentLiab": 196200000, "otherLiab": 53800000, "totalCurrentLiabilities": 3272400000, "totalLiab": 3419200000, "commonStock": 50000000, "retainedEarnings": 2855000000, "treasuryStock": 739400000, "otherStockholderEquity": 739400000, "totalStockholderEquity": 3644400000, "netTangibleAssets": 3644400000}], "maxAge": 86400}, "indexTrend": {"maxAge": 1, "symbol": "SP5", "peRatio": 19.7411, "pegRatio": 1.34172, "estimates": [{"period": "0q", "growth": 0.549}, {"period": "+1q", "growth": 0.431}, {"period": "0y", "growth": 0.305}, {"period": "+1y", "growth": 0.109}, {"period": "+5y", "growth": 0.120865}, {"period": "-5y"}]}, "defaultKeyStatistics": {"maxAge": 1, "priceHint": 2, "enterpriseValue": 94561411072, "profitMargins": 0.09471, "floatShares": 4193319, "sharesOutstanding": 25000000, "heldPercentInsiders": 0.83585, "heldPercentInstitutions": 0.02777, "beta": 0.409776, "category": null, "bookValue": 162.084, "priceToBook": 24.110645, "fundFamily": null, "legalType": null, "lastFiscalYearEnd": "2020-03-31 05:30:00", "nextFiscalYearEnd": "2022-03-31 05:30:00", "mostRecentQuarter": "2020-12-31 05:30:00", "earningsQuarterlyGrowth": -0.212, "netIncomeToCommon": 756022976, "trailingEps": 30.244, "lastSplitFactor": null, "enterpriseToRevenue": 11.847, "enterpriseToEbitda": 88.14, "52WeekChange": 0.2052089, "SandP52WeekChange": 0.48148263, "lastDividendValue": 2.0, "lastDividendDate": 1597881600}, "summaryProfile": {"address1": "Manyata Embassy Business Park", "address2": "Block N1, 12th Floor Rachenahalli Outer Ring Road", "city": "Bengaluru", "zip": "560045", "country": "India", "phone": "91 80 6774 8000", "fax": "91 80 6774 8557", "website": "http://www.astrazeneca.com/india", "industry": "Drug Manufacturers\u2014Specialty & Generic", "sector": "Healthcare", "longBusinessSummary": "AstraZeneca Pharma India Limited, a biopharmaceutical company, manufactures, markets, and distributes pharmaceutical products in India and internationally. It manufactures and sells medicines under the Brilinta, Axcer, Forxiga, Oxra, Gledepa, Xigduo, Symbicort, Onglyza, Kombiglyze, Tagrisso, Lynparza, Zoladex, QTERN, and Imfinzi brand names. The company offers products in the areas of cardiovascular, renal, metabolic, oncology, antidiabetic, respiratory, inflammation, and autoimmunity diseases. It also provides clinical trial services. The company was founded in 1979 and is headquartered in Bengaluru, India. AstraZeneca Pharma India Limited is a subsidiary of AstraZeneca Pharmaceuticals AB.", "fullTimeEmployees": 1325, "companyOfficers": [], "maxAge": 86400}, "netSharePurchaseActivity": {"maxAge": 1, "period": "6m", "buyInfoCount": 0, "buyInfoShares": 0, "sellInfoCount": 0, "netInfoCount": 0, "netInfoShares": 0, "netPercentInsiderShares": 0.0, "totalInsiderShares": 20897838}, "insiderTransactions": {"transactions": [{"maxAge": 1, "shares": 3749950, "filerUrl": "", "transactionText": "", "filerName": "AstraZeneca Pharmaceuticals AB Sweden", "filerRelation": "Promoter", "moneyText": "", "startDate": "2013-05-28", "ownership": "D"}], "maxAge": 1}, "quoteType": {"exchange": "NSI", "quoteType": "EQUITY", "symbol": "ASTRAZEN.NS", "underlyingSymbol": "ASTRAZEN.NS", "shortName": "ASTREZENECA PHARMA", "longName": "AstraZeneca Pharma India Limited", "firstTradeDateEpochUtc": "2002-07-01 09:15:00", "timeZoneFullName": "Asia/Kolkata", "timeZoneShortName": "IST", "uuid": "a1a1ad50-92d0-3f30-9c16-f37837f2029b", "messageBoardId": "finmb_11064781", "gmtOffSetMilliseconds": 19800000, "maxAge": 1}, "incomeStatementHistory": {"incomeStatementHistory": [{"maxAge": 1, "endDate": "2020-03-31", "totalRevenue": 8318100000, "costOfRevenue": 3116400000, "grossProfit": 5201700000, "researchDevelopment": {}, "sellingGeneralAdministrative": 2179900000, "nonRecurring": {}, "otherOperatingExpenses": 1794600000, "totalOperatingExpenses": 7292500000, "operatingIncome": 1025600000, "totalOtherIncomeExpenseNet": 114100000, "ebit": 1025600000, "interestExpense": -11400000, "incomeBeforeTax": 1139700000, "incomeTaxExpense": 417600000, "minorityInterest": {}, "netIncomeFromContinuingOps": 722100000, "discontinuedOperations": {}, "extraordinaryItems": {}, "effectOfAccountingCharges": {}, "otherItems": {}, "netIncome": 722100000, "netIncomeApplicableToCommonShares": 722100000}, {"maxAge": 1, "endDate": "2019-03-31", "totalRevenue": 7282900000, "costOfRevenue": 2378100000, "grossProfit": 4904800000, "researchDevelopment": {}, "sellingGeneralAdministrative": 2026700000, "nonRecurring": {}, "otherOperatingExpenses": 2128700000, "totalOperatingExpenses": 6717200000, "operatingIncome": 565700000, "totalOtherIncomeExpenseNet": 161000000, "ebit": 565700000, "interestExpense": -11400000, "incomeBeforeTax": 726700000, "incomeTaxExpense": 182200000, "minorityInterest": {}, "netIncomeFromContinuingOps": 544500000, "discontinuedOperations": {}, "extraordinaryItems": {}, "effectOfAccountingCharges": {}, "otherItems": {}, "netIncome": 544500000, "netIncomeApplicableToCommonShares": 544500000}, {"maxAge": 1, "endDate": "2018-03-31", "totalRevenue": 5710000000, "costOfRevenue": 1858500000, "grossProfit": 3851500000, "researchDevelopment": {}, "sellingGeneralAdministrative": 1556800000, "nonRecurring": {}, "otherOperatingExpenses": 1801900000, "totalOperatingExpenses": 5364600000, "operatingIncome": 345400000, "totalOtherIncomeExpenseNet": 92600000, "ebit": 345400000, "interestExpense": -11400000, "incomeBeforeTax": 438000000, "incomeTaxExpense": 178900000, "minorityInterest": {}, "netIncomeFromContinuingOps": 259100000, "discontinuedOperations": {}, "extraordinaryItems": {}, "effectOfAccountingCharges": {}, "otherItems": {}, "netIncome": 259100000, "netIncomeApplicableToCommonShares": 259100000}, {"maxAge": 1, "endDate": "2017-03-31", "totalRevenue": 5437100000, "costOfRevenue": 1794000000, "grossProfit": 3643100000, "researchDevelopment": {}, "sellingGeneralAdministrative": 1587100000, "nonRecurring": {}, "otherOperatingExpenses": 1589600000, "totalOperatingExpenses": 5129000000, "operatingIncome": 308100000, "totalOtherIncomeExpenseNet": 46900000, "ebit": 308100000, "interestExpense": -11400000, "incomeBeforeTax": 355000000, "incomeTaxExpense": 154500000, "minorityInterest": {}, "netIncomeFromContinuingOps": 200500000, "discontinuedOperations": {}, "extraordinaryItems": {}, "effectOfAccountingCharges": {}, "otherItems": {}, "netIncome": 200500000, "netIncomeApplicableToCommonShares": 200500000}], "maxAge": 86400}, "fundOwnership": {"maxAge": 1, "ownershipList": [{"maxAge": 1, "reportDate": "2021-01-31", "organization": "Vanguard International Stock Index-Total Intl Stock Indx", "pctHeld": 0.0038, "position": 93901, "value": 340433380}, {"maxAge": 1, "reportDate": "2021-01-31", "organization": "Vanguard International Stock Index-Emerging Markets Stk", "pctHeld": 0.0034999999, "position": 86982, "value": 315348891}, {"maxAge": 1, "reportDate": "2021-03-31", "organization": "iShares Core MSCI Emerging Markets ETF", "pctHeld": 0.0026, "position": 65644, "value": 197542489}, {"maxAge": 1, "reportDate": "2021-03-31", "organization": "SPDR Portfolio Emerging Markets ETF", "pctHeld": 0.0016, "position": 39314, "value": 118307620}, {"maxAge": 1, "reportDate": "2021-01-31", "organization": "DFA Emerging Markets Small Cap Series", "pctHeld": 0.0008, "position": 20891, "value": 75739275}, {"maxAge": 1, "reportDate": "2021-01-31", "organization": "Vanguard Intl Equity Index Fds-FTSE All World ex U.S.Small Cap Index", "pctHeld": 0.0007, "position": 16987, "value": 61585519}, {"maxAge": 1, "reportDate": "2021-03-31", "organization": "SPDR (R) Idx Shares-SPDR (R) S&P (R) Emerging Asia Pacific ETF", "pctHeld": 0.0005, "position": 11722, "value": 35275014}, {"maxAge": 1, "reportDate": "2021-03-31", "organization": "iShares MSCI India Small Cap ETF", "pctHeld": 0.0004, "position": 9446, "value": 28425847}, {"maxAge": 1, "reportDate": "2021-03-31", "organization": "SPDR (R) Idx Shares-SPDR (R) Emerging Markets Small Cap ETF", "pctHeld": 0.0002, "position": 5647, "value": 16993517}, {"maxAge": 1, "reportDate": "2021-01-31", "organization": "DFA Emerging Markets Core Equity Portfolio", "pctHeld": 0.0002, "position": 4481, "value": 16245641}]}, "summaryDetail": {"maxAge": 1, "priceHint": 2, "previousClose": 3878.1, "open": 3836.0, "dayLow": 3803.0, "dayHigh": 3997.95, "regularMarketPreviousClose": 3878.1, "regularMarketOpen": 3836.0, "regularMarketDayLow": 3803.0, "regularMarketDayHigh": 3997.95, "dividendRate": 4.0, "dividendYield": 0.001, "exDividendDate": "2020-08-20 05:30:00", "payoutRatio": 0.0684, "beta": 0.409776, "trailingPE": 129.21407, "volume": 81426, "regularMarketVolume": 81426, "averageVolume": 127922, "averageVolume10days": 548792, "averageDailyVolume10Day": 548792, "bid": 0.0, "ask": 0.0, "bidSize": 0, "askSize": 0, "marketCap": 97733918720, "fiftyTwoWeekLow": 2595.0, "fiftyTwoWeekHigh": 4970.0, "priceToSalesTrailing12Months": 12.244144, "fiftyDayAverage": 3495.718, "twoHundredDayAverage": 3969.231, "trailingAnnualDividendRate": 2.0, "trailingAnnualDividendYield": 0.00051571644, "currency": "INR", "fromCurrency": null, "toCurrency": null, "lastMarket": null, "algorithm": null, "tradeable": false}, "incomeStatementHistoryQuarterly": {"incomeStatementHistory": [{"maxAge": 1, "endDate": "2020-12-31", "totalRevenue": 2002520000, "costOfRevenue": 683048000, "grossProfit": 1319472000, "researchDevelopment": {}, "sellingGeneralAdministrative": 693842000, "nonRecurring": {}, "otherOperatingExpenses": 316058000, "totalOperatingExpenses": 1746189000, "operatingIncome": 256331000, "totalOtherIncomeExpenseNet": 26678000, "ebit": 256331000, "interestExpense": -2604000, "incomeBeforeTax": 283009000, "incomeTaxExpense": 72493000, "minorityInterest": {}, "netIncomeFromContinuingOps": 210516000, "discontinuedOperations": {}, "extraordinaryItems": {}, "effectOfAccountingCharges": {}, "otherItems": {}, "netIncome": 210516000, "netIncomeApplicableToCommonShares": 210516000}, {"maxAge": 1, "endDate": "2020-09-30", "totalRevenue": 2094771000, "costOfRevenue": 675562000, "grossProfit": 1419209000, "researchDevelopment": {}, "sellingGeneralAdministrative": 771326000, "nonRecurring": {}, "otherOperatingExpenses": 271533000, "totalOperatingExpenses": 1783339000, "operatingIncome": 311432000, "totalOtherIncomeExpenseNet": 44267000, "ebit": 311432000, "interestExpense": -2768000, "incomeBeforeTax": 355699000, "incomeTaxExpense": 92315000, "minorityInterest": {}, "netIncomeFromContinuingOps": 263384000, "discontinuedOperations": {}, "extraordinaryItems": {}, "effectOfAccountingCharges": {}, "otherItems": {}, "netIncome": 263384000, "netIncomeApplicableToCommonShares": 263384000}, {"maxAge": 1, "endDate": "2020-06-30", "totalRevenue": 1935776000, "costOfRevenue": 725578000, "grossProfit": 1210198000, "researchDevelopment": {}, "sellingGeneralAdministrative": 655861000, "nonRecurring": {}, "otherOperatingExpenses": 270410000, "totalOperatingExpenses": 1695673000, "operatingIncome": 240103000, "totalOtherIncomeExpenseNet": 23741000, "ebit": 240103000, "interestExpense": -2739000, "incomeBeforeTax": 263844000, "incomeTaxExpense": 77497000, "minorityInterest": {}, "netIncomeFromContinuingOps": 186347000, "discontinuedOperations": {}, "extraordinaryItems": {}, "effectOfAccountingCharges": {}, "otherItems": {}, "netIncome": 186347000, "netIncomeApplicableToCommonShares": 186347000}, {"maxAge": 1, "endDate": "2020-03-31", "totalRevenue": 1949028000, "costOfRevenue": 861282000, "grossProfit": 1087746000, "researchDevelopment": {}, "sellingGeneralAdministrative": 198461000, "nonRecurring": {}, "otherOperatingExpenses": 720942000, "totalOperatingExpenses": 1841894000, "operatingIncome": 107134000, "totalOtherIncomeExpenseNet": 26488000, "ebit": 107134000, "interestExpense": -2897000, "incomeBeforeTax": 133622000, "incomeTaxExpense": 37845000, "minorityInterest": {}, "netIncomeFromContinuingOps": 95777000, "discontinuedOperations": {}, "extraordinaryItems": {}, "effectOfAccountingCharges": {}, "otherItems": {}, "netIncome": 95777000, "netIncomeApplicableToCommonShares": 95777000}], "maxAge": 86400}, "cashflowStatementHistoryQuarterly": {"cashflowStatements": [{"maxAge": 1, "endDate": "2020-12-31", "netIncome": 210516000, "changeToLiabilities": 0}, {"maxAge": 1, "endDate": "2020-09-30", "netIncome": 263384000, "changeToLiabilities": 0}, {"maxAge": 1, "endDate": "2020-06-30", "netIncome": 186347000, "changeToLiabilities": 0}, {"maxAge": 1, "endDate": "2020-03-31", "netIncome": 95777000, "changeToLiabilities": 0}], "maxAge": 86400}, "insiderHolders": {"holders": [{"maxAge": 1, "name": "AstraZeneca Pharmaceuticals AB Sweden", "relation": "Promoter", "url": "", "transactionDescription": "Sale", "latestTransDate": "2013-05-28", "positionDirect": 18750000, "positionDirectDate": "2013-05-28"}], "maxAge": 1}, "calendarEvents": {"maxAge": 1, "earnings": {"earningsDate": []}, "exDividendDate": "2020-08-20 05:30:00"}, "price": {"maxAge": 1, "regularMarketChangePercent": 0.0076970295, "regularMarketChange": 29.849854, "regularMarketTime": "2021-04-30 15:30:00", "priceHint": 2, "regularMarketPrice": 3907.95, "regularMarketDayHigh": 3997.95, "regularMarketDayLow": 3803.0, "regularMarketVolume": 81426, "averageDailyVolume10Day": 548792, "averageDailyVolume3Month": 127922, "regularMarketPreviousClose": 3878.1, "regularMarketSource": "FREE_REALTIME", "regularMarketOpen": 3836.0, "exchange": "NSI", "exchangeName": "NSE", "exchangeDataDelayedBy": 15, "marketState": "CLOSED", "quoteType": "EQUITY", "symbol": "ASTRAZEN.NS", "underlyingSymbol": null, "shortName": "ASTREZENECA PHARMA", "longName": "AstraZeneca Pharma India Limited", "currency": "INR", "quoteSourceName": "Delayed Quote", "currencySymbol": "\u20b9", "fromCurrency": null, "toCurrency": null, "lastMarket": null, "marketCap": 97733918720}, "balanceSheetHistory": {"balanceSheetStatements": [{"maxAge": 1, "endDate": "2020-03-31", "cash": 835000000, "shortTermInvestments": 1690000000, "netReceivables": 955800000, "inventory": 1651500000, "otherCurrentAssets": 208100000, "totalCurrentAssets": 5423200000, "propertyPlantEquipment": 957700000, "otherAssets": 682700000, "deferredLongTermAssetCharges": 146400000, "totalAssets": 7063600000, "accountsPayable": 2097200000, "otherCurrentLiab": 196200000, "otherLiab": 53800000, "totalCurrentLiabilities": 3272400000, "totalLiab": 3419200000, "commonStock": 50000000, "retainedEarnings": 2855000000, "treasuryStock": 739400000, "otherStockholderEquity": 739400000, "totalStockholderEquity": 3644400000, "netTangibleAssets": 3644400000}, {"maxAge": 1, "endDate": "2019-03-31", "cash": 1732400000, "netReceivables": 861200000, "inventory": 1181000000, "otherCurrentAssets": 198800000, "totalCurrentAssets": 4047200000, "propertyPlantEquipment": 817300000, "otherAssets": 753500000, "deferredLongTermAssetCharges": 233600000, "totalAssets": 5618000000, "accountsPayable": 1682000000, "otherCurrentLiab": 219200000, "otherLiab": 20200000, "totalCurrentLiabilities": 2589800000, "totalLiab": 2610000000, "commonStock": 50000000, "retainedEarnings": 2213500000, "treasuryStock": 744500000, "otherStockholderEquity": 744500000, "totalStockholderEquity": 3008000000, "netTangibleAssets": 3008000000}, {"maxAge": 1, "endDate": "2018-03-31", "cash": 1139800000, "shortTermInvestments": 116800000, "netReceivables": 594100000, "inventory": 1131500000, "otherCurrentAssets": 157500000, "totalCurrentAssets": 3209200000, "propertyPlantEquipment": 790300000, "otherAssets": 605900000, "deferredLongTermAssetCharges": 325500000, "totalAssets": 4605400000, "accountsPayable": 1272000000, "otherCurrentLiab": 229500000, "otherLiab": 66600000, "totalCurrentLiabilities": 2069500000, "totalLiab": 2136100000, "commonStock": 50000000, "retainedEarnings": 1675000000, "treasuryStock": 744300000, "otherStockholderEquity": 744300000, "totalStockholderEquity": 2469300000, "netTangibleAssets": 2469300000}, {"maxAge": 1, "endDate": "2017-03-31", "cash": 1145500000, "shortTermInvestments": 6100000, "netReceivables": 609500000, "inventory": 577100000, "otherCurrentAssets": 109200000, "totalCurrentAssets": 2515500000, "propertyPlantEquipment": 916500000, "otherAssets": 722900000, "deferredLongTermAssetCharges": 402200000, "totalAssets": 4154900000, "accountsPayable": 876600000, "otherCurrentLiab": 300900000, "otherLiab": 22800000, "totalCurrentLiabilities": 1903400000, "totalLiab": 1926200000, "commonStock": 50000000, "retainedEarnings": 1438700000, "treasuryStock": 740000000, "otherStockholderEquity": 740000000, "totalStockholderEquity": 2228700000, "netTangibleAssets": 2228700000}], "maxAge": 86400}, "financialData": {"maxAge": 86400, "currentPrice": 3907.95, "recommendationKey": "none", "totalCash": 2516670976, "totalCashPerShare": 100.659, "ebitda": 1072860032, "totalDebt": 118217000, "totalRevenue": 7982094848, "debtToEquity": 2.919, "revenuePerShare": 319.313, "grossProfits": 5201700000, "earningsGrowth": -0.212, "revenueGrowth": -0.105, "grossMargins": 0.61846, "ebitdaMargins": 0.13441, "operatingMargins": 0.11462, "profitMargins": 0.09471, "financialCurrency": "INR"}}}