{"ASYL.BO": {"cashflowStatementHistory": {"cashflowStatements": [{"maxAge": 1, "endDate": "2020-03-31", "netIncome": 12495000, "depreciation": 18298000, "changeToNetincome": 36785000, "changeToAccountReceivables": 45888000, "changeToLiabilities": -31848000, "changeToInventory": -36019000, "changeToOperatingActivities": 7079000, "totalCashFromOperatingActivities": 52678000, "capitalExpenditures": -7626000, "otherCashflowsFromInvestingActivities": 2703000, "totalCashflowsFromInvestingActivities": -4923000, "netBorrowings": -7927000, "otherCashflowsFromFinancingActivities": -40094000, "totalCashFromFinancingActivities": -48021000, "changeInCash": -266000}, {"maxAge": 1, "endDate": "2019-03-31", "netIncome": 20651343, "depreciation": 22794547, "changeToNetincome": 55977160, "changeToAccountReceivables": -47296011, "changeToLiabilities": 22833568, "changeToInventory": -50398512, "changeToOperatingActivities": -4169381, "totalCashFromOperatingActivities": 20392714, "capitalExpenditures": -25705798, "otherCashflowsFromInvestingActivities": 2379171, "totalCashflowsFromInvestingActivities": -23326627, "netBorrowings": 12443903, "otherCashflowsFromFinancingActivities": -59775382, "totalCashFromFinancingActivities": -47331479, "changeInCash": -50265390}, {"maxAge": 1, "endDate": "2018-03-31", "netIncome": 17869162, "depreciation": 22523278, "changeToNetincome": 50977135, "changeToAccountReceivables": -57399805, "changeToLiabilities": 26095427, "changeToInventory": -8120992, "changeToOperatingActivities": -8117179, "totalCashFromOperatingActivities": 43827026, "capitalExpenditures": -50037936, "otherCashflowsFromInvestingActivities": 1351527, "totalCashflowsFromInvestingActivities": -48686409, "dividendsPaid": -2766529, "netBorrowings": 59341357, "otherCashflowsFromFinancingActivities": -51220794, "totalCashFromFinancingActivities": 55235284, "changeInCash": 50375902, "issuanceOfStock": 49881250}, {"maxAge": 1, "endDate": "2017-03-31", "netIncome": 10636895, "depreciation": 17238860, "changeToNetincome": 34927439, "changeToAccountReceivables": -27385421, "changeToLiabilities": 15605589, "changeToInventory": -23546021, "changeToOperatingActivities": -2395304, "totalCashFromOperatingActivities": 25082037, "capitalExpenditures": -25867032, "otherCashflowsFromInvestingActivities": 1341873, "totalCashflowsFromInvestingActivities": -24525159, "dividendsPaid": -2766529, "netBorrowings": 19771897, "otherCashflowsFromFinancingActivities": -39621473, "totalCashFromFinancingActivities": 5350424, "changeInCash": 5907302, "issuanceOfStock": 25200000}], "maxAge": 86400}, "institutionOwnership": {"ownershipList": [], "maxAge": 1}, "balanceSheetHistoryQuarterly": {"balanceSheetStatements": [{"maxAge": 1, "endDate": "2020-06-30", "totalStockholderEquity": 209707000, "netTangibleAssets": 209707000}, {"maxAge": 1, "endDate": "2020-03-31", "cash": 20998000, "netReceivables": 251041000, "inventory": 254722000, "otherCurrentAssets": 6012000, "totalCurrentAssets": 532773000, "longTermInvestments": 11447000, "propertyPlantEquipment": 113476000, "otherAssets": 8310000, "totalAssets": 666006000, "accountsPayable": 130203000, "shortLongTermDebt": 232971000, "otherCurrentLiab": 7107000, "longTermDebt": 81548000, "otherLiab": 3728000, "totalCurrentLiabilities": 371023000, "totalLiab": 456299000, "commonStock": 110971000, "treasuryStock": 98736000, "otherStockholderEquity": 98736000, "totalStockholderEquity": 209707000, "netTangibleAssets": 209707000}, {"maxAge": 1, "endDate": "2019-12-31", "totalStockholderEquity": 206342000, "netTangibleAssets": 206342000}, {"maxAge": 1, "endDate": "2019-09-30", "cash": 24198000, "netReceivables": 308563000, "inventory": 217755000, "otherCurrentAssets": 5425000, "totalCurrentAssets": 555941000, "longTermInvestments": 11261000, "propertyPlantEquipment": 116937000, "otherAssets": 1362000, "totalAssets": 685501000, "accountsPayable": 138870000, "shortLongTermDebt": 223593000, "otherCurrentLiab": 16319000, "longTermDebt": 96857000, "otherLiab": 3069000, "totalCurrentLiabilities": 379233000, "totalLiab": 479159000, "commonStock": 110971000, "treasuryStock": 95371000, "otherStockholderEquity": 95371000, "totalStockholderEquity": 206342000, "netTangibleAssets": 206342000}], "maxAge": 86400}, "indexTrend": {"maxAge": 1, "symbol": "SP5", "peRatio": 19.7411, "pegRatio": 1.34172, "estimates": [{"period": "0q", "growth": 0.549}, {"period": "+1q", "growth": 0.431}, {"period": "0y", "growth": 0.305}, {"period": "+1y", "growth": 0.109}, {"period": "+5y", "growth": 0.120859005}, {"period": "-5y"}]}, "insiderTransactions": {"transactions": [{"maxAge": 1, "shares": 554096, "filerUrl": "", "transactionText": "", "filerName": "Vora (Darshana Devang)", "filerRelation": "Wholetime Director", "moneyText": "", "startDate": "2020-03-09", "ownership": "D"}, {"maxAge": 1, "shares": 4500, "filerUrl": "", "transactionText": "", "filerName": "Vora (Bhavan Dhirendra)", "filerRelation": "Managing Director", "moneyText": "", "startDate": "2018-04-09", "ownership": "D"}, {"maxAge": 1, "shares": 369313, "filerUrl": "", "transactionText": "", "filerName": "Vora (Darshana Devang)", "filerRelation": "Wholetime Director", "moneyText": "", "startDate": "2018-04-05", "ownership": "D"}, {"maxAge": 1, "shares": 57750, "filerUrl": "", "transactionText": "", "filerName": "Vora (Bhavan Dhirendra)", "filerRelation": "Managing Director", "moneyText": "", "startDate": "2018-03-31", "ownership": "D"}, {"maxAge": 1, "shares": 502052, "filerUrl": "", "transactionText": "", "filerName": "Vora (Bhavan Dhirendra)", "filerRelation": "Managing Director", "moneyText": "", "startDate": "2018-03-20", "ownership": "D"}, {"maxAge": 1, "shares": 110400, "filerUrl": "", "transactionText": "", "filerName": "Vora (Bhavan Dhirendra)", "filerRelation": "Managing Director", "moneyText": "", "startDate": "2016-11-28", "ownership": "D"}, {"maxAge": 1, "shares": 872415, "filerUrl": "", "transactionText": "", "filerName": "Vora (Bhavan Dhirendra)", "filerRelation": "Managing Director", "moneyText": "", "startDate": "2016-11-28", "ownership": "D"}, {"maxAge": 1, "shares": 180000, "filerUrl": "", "transactionText": "", "filerName": "Vora (Darshana Devang)", "filerRelation": "Wholetime Director", "moneyText": "", "startDate": "2016-11-28", "ownership": "D"}, {"maxAge": 1, "shares": 180000, "filerUrl": "", "transactionText": "", "filerName": "Vora (Devang D) HUF", "filerRelation": "Promoter", "moneyText": "", "startDate": "2016-11-28", "ownership": "D"}, {"maxAge": 1, "shares": 762015, "filerUrl": "", "transactionText": "", "filerName": "Vora (Namita Bhavan)", "filerRelation": "Promoter", "moneyText": "", "startDate": "2016-11-28", "ownership": "D"}], "maxAge": 1}, "quoteType": {"exchange": "BSE", "quoteType": "EQUITY", "symbol": "ASYL.BO", "underlyingSymbol": "ASYL.BO", "shortName": "Advance Syntex Limited", "longName": "Advance Syntex Limited", "firstTradeDateEpochUtc": "2016-07-12 09:15:00", "timeZoneFullName": "Asia/Kolkata", "timeZoneShortName": "IST", "uuid": "1923810c-e0d0-3ac4-a3b8-a70b99fe75eb", "gmtOffSetMilliseconds": 19800000, "maxAge": 1}, "incomeStatementHistory": {"incomeStatementHistory": [{"maxAge": 1, "endDate": "2020-03-31", "totalRevenue": 641859000, "costOfRevenue": 506978000, "grossProfit": 134881000, "researchDevelopment": {}, "sellingGeneralAdministrative": 8232000, "nonRecurring": {}, "otherOperatingExpenses": 53942000, "totalOperatingExpenses": 587450000, "operatingIncome": 54409000, "totalOtherIncomeExpenseNet": -37196000, "ebit": 54409000, "interestExpense": -40094000, "incomeBeforeTax": 17213000, "incomeTaxExpense": 4718000, "minorityInterest": {}, "netIncomeFromContinuingOps": 12495000, "discontinuedOperations": {}, "extraordinaryItems": {}, "effectOfAccountingCharges": {}, "otherItems": {}, "netIncome": 12495000, "netIncomeApplicableToCommonShares": 12495000}, {"maxAge": 1, "endDate": "2019-03-31", "totalRevenue": 787418715, "costOfRevenue": 622286913, "grossProfit": 165131802, "researchDevelopment": {}, "sellingGeneralAdministrative": 12217222, "nonRecurring": {}, "otherOperatingExpenses": 46705397, "totalOperatingExpenses": 704004106, "operatingIncome": 83414609, "totalOtherIncomeExpenseNet": -55355649, "ebit": 83414609, "interestExpense": -52062201, "incomeBeforeTax": 28058960, "incomeTaxExpense": 7407617, "minorityInterest": {}, "netIncomeFromContinuingOps": 20651343, "discontinuedOperations": {}, "extraordinaryItems": {}, "effectOfAccountingCharges": {}, "otherItems": {}, "netIncome": 20651343, "netIncomeApplicableToCommonShares": 20651341}, {"maxAge": 1, "endDate": "2018-03-31", "totalRevenue": 713581659, "costOfRevenue": 559649999, "grossProfit": 153931660, "researchDevelopment": {}, "sellingGeneralAdministrative": 8191806, "nonRecurring": {}, "otherOperatingExpenses": 49440624, "totalOperatingExpenses": 639805707, "operatingIncome": 73775952, "totalOtherIncomeExpenseNet": -49547144, "ebit": 73775952, "interestExpense": -43582407, "incomeBeforeTax": 24228808, "incomeTaxExpense": 6359646, "minorityInterest": {}, "netIncomeFromContinuingOps": 17869162, "discontinuedOperations": {}, "extraordinaryItems": {}, "effectOfAccountingCharges": {}, "otherItems": {}, "netIncome": 17869162, "netIncomeApplicableToCommonShares": 17869162}, {"maxAge": 1, "endDate": "2017-03-31", "totalRevenue": 546123767, "costOfRevenue": 408733756, "grossProfit": 137390011, "researchDevelopment": {}, "sellingGeneralAdministrative": 5489321, "nonRecurring": {}, "otherOperatingExpenses": 59851500, "totalOperatingExpenses": 491313437, "operatingIncome": 54810330, "totalOtherIncomeExpenseNet": -38829342, "ebit": 54810330, "interestExpense": -31594830, "incomeBeforeTax": 15980988, "incomeTaxExpense": 5344093, "minorityInterest": {}, "netIncomeFromContinuingOps": 10636895, "discontinuedOperations": {}, "extraordinaryItems": {}, "effectOfAccountingCharges": {}, "otherItems": {}, "netIncome": 10636895, "netIncomeApplicableToCommonShares": 10636895}], "maxAge": 86400}, "fundOwnership": {"ownershipList": [], "maxAge": 1}, "summaryDetail": {"maxAge": 1, "priceHint": 2, "previousClose": 9.96, "open": 10.45, "dayLow": 9.5, "dayHigh": 10.45, "regularMarketPreviousClose": 9.96, "regularMarketOpen": 10.45, "regularMarketDayLow": 9.5, "regularMarketDayHigh": 10.45, "trailingPE": 7.910075, "volume": 1352, "regularMarketVolume": 1352, "averageVolume": 4304, "averageVolume10days": 4453, "averageDailyVolume10Day": 4453, "bid": 9.56, "ask": 10.45, "bidSize": 0, "askSize": 0, "marketCap": 105422448, "fiftyTwoWeekLow": 6.45, "fiftyTwoWeekHigh": 15.6, "fiftyDayAverage": 9.6563635, "twoHundredDayAverage": 9.763309, "currency": "INR", "fromCurrency": null, "lastMarket": null, "algorithm": null, "tradeable": false}, "incomeStatementHistoryQuarterly": {"incomeStatementHistory": [{"maxAge": 1, "endDate": "2020-06-30", "totalRevenue": 55678000, "costOfRevenue": 46834000, "grossProfit": 8844000, "researchDevelopment": {}, "sellingGeneralAdministrative": 795000, "nonRecurring": {}, "otherOperatingExpenses": 4727000, "totalOperatingExpenses": 56354000, "operatingIncome": -676000, "totalOtherIncomeExpenseNet": -7136000, "ebit": -676000, "interestExpense": -7019000, "incomeBeforeTax": -7812000, "incomeTaxExpense": -203000, "minorityInterest": {}, "netIncomeFromContinuingOps": -7609000, "discontinuedOperations": {}, "extraordinaryItems": {}, "effectOfAccountingCharges": {}, "otherItems": {}, "netIncome": -7609000, "netIncomeApplicableToCommonShares": -7609000}, {"maxAge": 1, "endDate": "2020-03-31", "totalRevenue": 129804000, "costOfRevenue": 114658000, "grossProfit": 15146000, "researchDevelopment": {}, "sellingGeneralAdministrative": 58000, "nonRecurring": {}, "otherOperatingExpenses": 16644000, "totalOperatingExpenses": 132875000, "operatingIncome": -3071000, "totalOtherIncomeExpenseNet": 4606000, "ebit": -3071000, "interestExpense": -7019000, "incomeBeforeTax": 1535000, "incomeTaxExpense": 1015000, "minorityInterest": {}, "netIncomeFromContinuingOps": 520000, "discontinuedOperations": {}, "extraordinaryItems": {}, "effectOfAccountingCharges": {}, "otherItems": {}, "netIncome": 520000, "netIncomeApplicableToCommonShares": 520000}, {"maxAge": 1, "endDate": "2019-12-31", "totalRevenue": 173561000, "costOfRevenue": 130280000, "grossProfit": 43281000, "researchDevelopment": {}, "sellingGeneralAdministrative": 2788000, "nonRecurring": {}, "otherOperatingExpenses": 16365000, "totalOperatingExpenses": 155110000, "operatingIncome": 18451000, "totalOtherIncomeExpenseNet": -14405000, "ebit": 18451000, "interestExpense": -15202000, "incomeBeforeTax": 4046000, "incomeTaxExpense": 998000, "minorityInterest": {}, "netIncomeFromContinuingOps": 3048000, "discontinuedOperations": {}, "extraordinaryItems": {}, "effectOfAccountingCharges": {}, "otherItems": {}, "netIncome": 3048000, "netIncomeApplicableToCommonShares": 3048000}, {"maxAge": 1, "endDate": "2019-09-30", "totalRevenue": 152765000, "costOfRevenue": 116354000, "grossProfit": 36411000, "researchDevelopment": {}, "sellingGeneralAdministrative": 2716000, "nonRecurring": {}, "otherOperatingExpenses": 9294000, "totalOperatingExpenses": 133963000, "operatingIncome": 18802000, "totalOtherIncomeExpenseNet": -13243000, "ebit": 18802000, "interestExpense": -13633000, "incomeBeforeTax": 5559000, "incomeTaxExpense": 1695000, "minorityInterest": {}, "netIncomeFromContinuingOps": 3864000, "discontinuedOperations": {}, "extraordinaryItems": {}, "effectOfAccountingCharges": {}, "otherItems": {}, "netIncome": 3864000, "netIncomeApplicableToCommonShares": 3864000}], "maxAge": 86400}, "cashflowStatementHistoryQuarterly": {"cashflowStatements": [{"maxAge": 1, "endDate": "2020-06-30", "netIncome": -7609000, "changeToLiabilities": 0}, {"maxAge": 1, "endDate": "2020-03-31", "netIncome": 520000, "changeToLiabilities": 0}, {"maxAge": 1, "endDate": "2019-12-31", "netIncome": 3048000, "changeToLiabilities": 0}, {"maxAge": 1, "endDate": "2019-09-30", "netIncome": 3864000, "depreciation": 5552947, "changeToNetincome": 13072770, "changeToAccountReceivables": 5891785, "changeToLiabilities": -11590339, "changeToInventory": 2019265, "changeToOperatingActivities": 151647, "totalCashFromOperatingActivities": 19561574, "capitalExpenditures": -1947026, "otherCashflowsFromInvestingActivities": 560137, "totalCashflowsFromInvestingActivities": -1386890, "netBorrowings": -2643067, "otherCashflowsFromFinancingActivities": -14064506, "totalCashFromFinancingActivities": -16707572, "changeInCash": 1467113}], "maxAge": 86400}, "insiderHolders": {"holders": [{"maxAge": 1, "name": "Vora (Bhavan Dhirendra)", "relation": "Managing Director", "url": "", "transactionDescription": "Purchase", "latestTransDate": "2018-04-09", "positionDirect": 3771317, "positionDirectDate": "2018-04-09"}, {"maxAge": 1, "name": "Vora (Darshana Devang)", "relation": "Wholetime Director", "url": "", "transactionDescription": "Other", "latestTransDate": "2020-03-09", "positionDirect": 1878999, "positionDirectDate": "2020-03-09"}, {"maxAge": 1, "name": "Vora (Devang D) HUF", "relation": "Promoter", "url": "", "transactionDescription": "Sale", "latestTransDate": "2016-11-28", "positionDirect": 0, "positionDirectDate": "2016-11-28"}, {"maxAge": 1, "name": "Vora (Namita Bhavan)", "relation": "Promoter", "url": "", "transactionDescription": "Sale", "latestTransDate": "2016-11-28", "positionDirect": 0, "positionDirectDate": "2016-11-28"}], "maxAge": 1}, "calendarEvents": {"maxAge": 1, "earnings": {"earningsDate": []}}, "upgradeDowngradeHistory": {"history": [], "maxAge": 86400}, "price": {"maxAge": 1, "regularMarketChangePercent": -0.04618474, "regularMarketChange": -0.46000004, "regularMarketTime": "2021-04-30 13:03:06", "priceHint": 2, "regularMarketPrice": 9.5, "regularMarketDayHigh": 10.45, "regularMarketDayLow": 9.5, "regularMarketVolume": 1352, "averageDailyVolume10Day": 4453, "averageDailyVolume3Month": 4304, "regularMarketPreviousClose": 9.96, "regularMarketSource": "FREE_REALTIME", "regularMarketOpen": 10.45, "exchange": "BSE", "exchangeName": "BSE", "exchangeDataDelayedBy": 0, "marketState": "CLOSED", "quoteType": "EQUITY", "symbol": "ASYL.BO", "underlyingSymbol": null, "shortName": "Advance Syntex Limited", "longName": "Advance Syntex Limited", "currency": "INR", "quoteSourceName": "Delayed Quote", "currencySymbol": "\u20b9", "fromCurrency": null, "lastMarket": null, "marketCap": 105422448}, "balanceSheetHistory": {"balanceSheetStatements": [{"maxAge": 1, "endDate": "2020-03-31", "cash": 20998000, "netReceivables": 251041000, "inventory": 254722000, "otherCurrentAssets": 6012000, "totalCurrentAssets": 532773000, "longTermInvestments": 11447000, "propertyPlantEquipment": 113476000, "otherAssets": 8310000, "totalAssets": 666006000, "accountsPayable": 130203000, "shortLongTermDebt": 232971000, "otherCurrentLiab": 7107000, "longTermDebt": 81548000, "otherLiab": 3728000, "totalCurrentLiabilities": 371023000, "totalLiab": 456299000, "commonStock": 110971000, "treasuryStock": 98736000, "otherStockholderEquity": 98736000, "totalStockholderEquity": 209707000, "netTangibleAssets": 209707000}, {"maxAge": 1, "endDate": "2019-03-31", "cash": 21263604, "shortTermInvestments": 4383760, "netReceivables": 290089712, "inventory": 221793936, "otherCurrentAssets": 37463679, "totalCurrentAssets": 578124706, "propertyPlantEquipment": 121617232, "otherAssets": 1789027, "totalAssets": 701530965, "accountsPayable": 162050699, "shortLongTermDebt": 49206996, "otherCurrentLiab": 12567878, "longTermDebt": 112878963, "otherLiab": 3895066, "totalCurrentLiabilities": 388561664, "totalLiab": 505335693, "commonStock": 110971090, "retainedEarnings": 55295433, "capitalSurplus": 29928750, "totalStockholderEquity": 196195273, "netTangibleAssets": 196195273}, {"maxAge": 1, "endDate": "2018-03-31", "cash": 71528995, "shortTermInvestments": 4108353, "netReceivables": 242793701, "inventory": 171395424, "otherCurrentAssets": 32305206, "totalCurrentAssets": 526291368, "propertyPlantEquipment": 118706009, "otherAssets": 2629820, "totalAssets": 647627197, "accountsPayable": 121211844, "shortLongTermDebt": 45631661, "otherCurrentLiab": 17167657, "longTermDebt": 129826360, "otherLiab": 4395090, "totalCurrentLiabilities": 337143988, "totalLiab": 471365438, "commonStock": 91018590, "retainedEarnings": 35361919, "treasuryStock": 49881250, "otherStockholderEquity": 49881250, "totalStockholderEquity": 176261759, "netTangibleAssets": 176261759}, {"maxAge": 1, "endDate": "2017-03-31", "cash": 21153093, "shortTermInvestments": 1799952, "netReceivables": 185393896, "inventory": 163274432, "otherCurrentAssets": 32565716, "totalCurrentAssets": 407087243, "propertyPlantEquipment": 91191351, "otherAssets": 3249344, "totalAssets": 501527938, "accountsPayable": 89040281, "shortLongTermDebt": 26928887, "otherCurrentLiab": 21135043, "longTermDebt": 97259356, "otherLiab": 2353657, "totalCurrentLiabilities": 289823780, "totalLiab": 389436793, "commonStock": 91018590, "retainedEarnings": 21072555, "totalStockholderEquity": 112091145, "netTangibleAssets": 112091145}], "maxAge": 86400}, "financialData": {"maxAge": 86400, "currentPrice": 9.5, "recommendationKey": "none", "grossProfits": 134881000, "financialCurrency": "INR"}}}