{"ATFL.NS": {"assetProfile": {"address1": "Tower C, Building No. 10", "address2": "15th Floor DLF Phase - II DLF Cyber City", "city": "Gurugram", "zip": "122002", "country": "India", "phone": "91 12 4459 3700", "fax": "91 12 4459 3799", "website": "http://www.atfoods.com", "industry": "Packaged Foods", "sector": "Consumer Defensive", "longBusinessSummary": "Agro Tech Foods Limited manufactures and trades in food and food ingredients to consumers and institutional customers in India. It offers refined oil under the Sundrop brand; microwave, instant, and ready to eat popcorn under the ACT II Popcorn and ACT II DIET POP brands; bread spreads under the Sundrop Peanut Butter brand; sunflower oil under the Crystal brand; mexican tortilla chips under the ACT II Nachoz brand; snacks under the Act II Bakes brand; and peanut snacks under the Sundrop Pnutz brand. The company was incorporated in 1986 and is based in Gurugram, India. Agro Tech Foods Limited is a subsidiary of CAG-Tech (Mauritius) Limited.", "fullTimeEmployees": 541, "companyOfficers": [{"maxAge": 1, "name": "Mr. Sachin  Gopal", "age": 60, "title": "MD, CEO & Director", "yearBorn": 1960, "fiscalYear": 2020, "totalPay": 20683686, "exercisedValue": 0, "unexercisedValue": 0}, {"maxAge": 1, "name": "Mr. K. P. N. Srinivas", "age": 40, "title": "CFO & Financial Controller", "yearBorn": 1980, "fiscalYear": 2020, "totalPay": 3908589, "exercisedValue": 0, "unexercisedValue": 0}, {"maxAge": 1, "name": "Ms. Jyoti  Chawla", "title": "Compliance Officer & Company Sec.", "fiscalYear": 2020, "totalPay": 2685742, "exercisedValue": 0, "unexercisedValue": 0}, {"maxAge": 1, "name": "Mr. N. Narasimha Rao", "age": 60, "title": "Sr. VP of HR & Corp. Communications", "yearBorn": 1960, "exercisedValue": 0, "unexercisedValue": 0}, {"maxAge": 1, "name": "Mr. Asheesh Kumar Sharma", "age": 50, "title": "VP of Marketing", "yearBorn": 1970, "exercisedValue": 0, "unexercisedValue": 0}, {"maxAge": 1, "name": "Mr. Rikesh Ramesh Kotwal", "age": 37, "title": "Head of Sales", "yearBorn": 1983, "fiscalYear": 2018, "exercisedValue": 0, "unexercisedValue": 0}, {"maxAge": 1, "name": "Mr. Lalit  Vij", "age": 51, "title": "Head of Procurement, Packaging Materials and Bus. Devel.", "yearBorn": 1969, "exercisedValue": 0, "unexercisedValue": 0}, {"maxAge": 1, "name": "Mr. Sanjay K. Srivastava", "age": 51, "title": "Head of Manufacturing", "yearBorn": 1969, "exercisedValue": 0, "unexercisedValue": 0}, {"maxAge": 1, "name": "Mr. Gulshan  Gandhi", "title": "Head of Research, Quality & Innovation", "exercisedValue": 0, "unexercisedValue": 0}], "compensationAsOfEpochDate": "2020-12-31 05:30:00", "maxAge": 86400}, "recommendationTrend": {"trend": [{"period": "0m", "strongBuy": 0, "buy": 0, "hold": 0, "sell": 0, "strongSell": 0}, {"period": "-1m", "strongBuy": 0, "buy": 3, "hold": 0, "sell": 0, "strongSell": 1}, {"period": "-2m", "strongBuy": 1, "buy": 3, "hold": 0, "sell": 0, "strongSell": 1}, {"period": "-3m", "strongBuy": 1, "buy": 3, "hold": 0, "sell": 0, "strongSell": 1}], "maxAge": 86400}, "cashflowStatementHistory": {"cashflowStatements": [{"maxAge": 1, "endDate": "2020-03-31", "netIncome": 338480000, "depreciation": 171770000, "changeToNetincome": -77880000, "changeToAccountReceivables": 60220000, "changeToLiabilities": -136550000, "changeToInventory": 60370000, "changeToOperatingActivities": -9970000, "totalCashFromOperatingActivities": 428550000, "capitalExpenditures": -685040000, "investments": 243460000, "otherCashflowsFromInvestingActivities": 370000, "totalCashflowsFromInvestingActivities": -435040000, "dividendsPaid": -58770000, "netBorrowings": 32160000, "otherCashflowsFromFinancingActivities": -33490000, "totalCashFromFinancingActivities": 5780000, "effectOfExchangeRate": 6970000, "changeInCash": 6260000, "issuanceOfStock": 65880000}, {"maxAge": 1, "endDate": "2019-03-31", "netIncome": 342540000, "depreciation": 146940000, "changeToNetincome": -49660000, "changeToAccountReceivables": -315110000, "changeToLiabilities": -14390000, "changeToInventory": 105000000, "changeToOperatingActivities": 71540000, "totalCashFromOperatingActivities": 312980000, "capitalExpenditures": -290750000, "investments": -104930000, "otherCashflowsFromInvestingActivities": 12310000, "totalCashflowsFromInvestingActivities": -373730000, "dividendsPaid": -58230000, "netBorrowings": 32160000, "otherCashflowsFromFinancingActivities": -13460000, "totalCashFromFinancingActivities": 12960000, "effectOfExchangeRate": 5800000, "changeInCash": -41990000, "issuanceOfStock": 84650000}, {"maxAge": 1, "endDate": "2018-03-31", "netIncome": 315630000, "depreciation": 148550000, "changeToNetincome": 24660000, "changeToAccountReceivables": -105590000, "changeToLiabilities": 110920000, "changeToInventory": 215760000, "changeToOperatingActivities": -137320000, "totalCashFromOperatingActivities": 603570000, "capitalExpenditures": -173250000, "investments": -212940000, "otherCashflowsFromInvestingActivities": 5630000, "totalCashflowsFromInvestingActivities": -379790000, "dividendsPaid": -46420000, "netBorrowings": -150000000, "otherCashflowsFromFinancingActivities": -12450000, "totalCashFromFinancingActivities": -143590000, "effectOfExchangeRate": -4680000, "changeInCash": 75510000, "issuanceOfStock": 65280000}, {"maxAge": 1, "endDate": "2017-03-31", "netIncome": 276680000, "depreciation": 134310000, "changeToNetincome": 73940000, "changeToAccountReceivables": 34810000, "changeToLiabilities": 112740000, "changeToInventory": 296030000, "changeToOperatingActivities": 35210000, "totalCashFromOperatingActivities": 994590000, "capitalExpenditures": -141340000, "investments": -280000, "otherCashflowsFromInvestingActivities": 2310000, "totalCashflowsFromInvestingActivities": -138360000, "dividendsPaid": -46400000, "netBorrowings": -719380000, "otherCashflowsFromFinancingActivities": -54370000, "totalCashFromFinancingActivities": -820150000, "effectOfExchangeRate": -5960000, "changeInCash": 30120000, "issuanceOfStock": 65280000}], "maxAge": 86400}, "indexTrend": {"maxAge": 1, "symbol": "SP5", "peRatio": 19.7411, "pegRatio": 1.34172, "estimates": [{"period": "0q", "growth": 0.549}, {"period": "+1q", "growth": 0.431}, {"period": "0y", "growth": 0.305}, {"period": "+1y", "growth": 0.109}, {"period": "+5y", "growth": 0.120865}, {"period": "-5y"}]}, "defaultKeyStatistics": {"maxAge": 1, "priceHint": 2, "enterpriseValue": 20762273792, "forwardPE": 47.484493, "profitMargins": 0.037920002, "floatShares": 4529058, "sharesOutstanding": 24369300, "heldPercentInsiders": 0.77729, "heldPercentInstitutions": 0.0559, "beta": 1.092736, "category": null, "bookValue": 178.963, "priceToBook": 4.7043247, "fundFamily": null, "legalType": null, "lastFiscalYearEnd": "2020-03-31 05:30:00", "nextFiscalYearEnd": "2022-03-31 05:30:00", "mostRecentQuarter": "2020-12-31 05:30:00", "earningsQuarterlyGrowth": 0.085, "netIncomeToCommon": 334880000, "trailingEps": 14.14, "forwardEps": 17.73, "pegRatio": 2.31, "lastSplitFactor": null, "enterpriseToRevenue": 2.351, "enterpriseToEbitda": 34.71, "52WeekChange": 0.8296207, "SandP52WeekChange": 0.48148263, "lastDividendValue": 3.0, "lastDividendDate": 1597104000}, "industryTrend": {"maxAge": 1, "symbol": null, "estimates": []}, "quoteType": {"exchange": "NSI", "quoteType": "EQUITY", "symbol": "ATFL.NS", "underlyingSymbol": "ATFL.NS", "shortName": "AGRO TECH FOODS", "longName": "Agro Tech Foods Limited", "firstTradeDateEpochUtc": "2002-07-01 09:15:00", "timeZoneFullName": "Asia/Kolkata", "timeZoneShortName": "IST", "uuid": "4cb26d2a-e856-3b41-a658-2c547eee041b", "messageBoardId": "finmb_882460", "gmtOffSetMilliseconds": 19800000, "maxAge": 1}, "incomeStatementHistory": {"incomeStatementHistory": [{"maxAge": 1, "endDate": "2020-03-31", "totalRevenue": 8354620000, "costOfRevenue": 5744110000, "grossProfit": 2610510000, "researchDevelopment": {}, "sellingGeneralAdministrative": 951250000, "nonRecurring": {}, "otherOperatingExpenses": 1072830000, "totalOperatingExpenses": 7963230000, "operatingIncome": 391390000, "totalOtherIncomeExpenseNet": 14960000, "ebit": 391390000, "interestExpense": -17680000, "incomeBeforeTax": 406350000, "incomeTaxExpense": 67870000, "minorityInterest": {}, "netIncomeFromContinuingOps": 338480000, "discontinuedOperations": {}, "extraordinaryItems": {}, "effectOfAccountingCharges": {}, "otherItems": {}, "netIncome": 338480000, "netIncomeApplicableToCommonShares": 338480000}, {"maxAge": 1, "endDate": "2019-03-31", "totalRevenue": 8236610000, "costOfRevenue": 5649850000, "grossProfit": 2586760000, "researchDevelopment": {}, "sellingGeneralAdministrative": 936200000, "nonRecurring": {}, "otherOperatingExpenses": 1000230000, "totalOperatingExpenses": 7759340000, "operatingIncome": 477270000, "totalOtherIncomeExpenseNet": 33900000, "ebit": 477270000, "interestExpense": -940000, "incomeBeforeTax": 511170000, "incomeTaxExpense": 168630000, "minorityInterest": {}, "netIncomeFromContinuingOps": 342540000, "discontinuedOperations": {}, "extraordinaryItems": {}, "effectOfAccountingCharges": {}, "otherItems": {}, "netIncome": 342540000, "netIncomeApplicableToCommonShares": 342540000}, {"maxAge": 1, "endDate": "2018-03-31", "totalRevenue": 8109550000, "costOfRevenue": 5411930000, "grossProfit": 2697620000, "researchDevelopment": {}, "sellingGeneralAdministrative": 1107550000, "nonRecurring": {}, "otherOperatingExpenses": 928830000, "totalOperatingExpenses": 7627820000, "operatingIncome": 481730000, "totalOtherIncomeExpenseNet": 5860000, "ebit": 481730000, "interestExpense": -2530000, "incomeBeforeTax": 487590000, "incomeTaxExpense": 171960000, "minorityInterest": {}, "netIncomeFromContinuingOps": 315630000, "discontinuedOperations": {}, "extraordinaryItems": {}, "effectOfAccountingCharges": {}, "otherItems": {}, "netIncome": 315630000, "netIncomeApplicableToCommonShares": 315630000}, {"maxAge": 1, "endDate": "2017-03-31", "totalRevenue": 8082170000, "costOfRevenue": 5358220000, "grossProfit": 2723950000, "researchDevelopment": {}, "sellingGeneralAdministrative": 1170830000, "nonRecurring": {}, "otherOperatingExpenses": 941100000, "totalOperatingExpenses": 7635330000, "operatingIncome": 446840000, "totalOtherIncomeExpenseNet": -30000, "ebit": 446840000, "interestExpense": -44450000, "incomeBeforeTax": 446810000, "incomeTaxExpense": 170130000, "minorityInterest": {}, "netIncomeFromContinuingOps": 276680000, "discontinuedOperations": {}, "extraordinaryItems": {}, "effectOfAccountingCharges": {}, "otherItems": {}, "netIncome": 276680000, "netIncomeApplicableToCommonShares": 276680000}], "maxAge": 86400}, "fundOwnership": {"maxAge": 1, "ownershipList": [{"maxAge": 1, "reportDate": "2021-01-31", "organization": "DFA Emerging Markets Small Cap Series", "pctHeld": 0.0025, "position": 61290, "value": 49632642}, {"maxAge": 1, "reportDate": "2021-01-31", "organization": "DFA Emerging Markets Core Equity Portfolio", "pctHeld": 0.002, "position": 49566, "value": 40138546}, {"maxAge": 1, "reportDate": "2021-01-31", "organization": "DFA Investment Dimensions-Emerging Markets Social Core Equity", "pctHeld": 0.0001, "position": 3172, "value": 2568685}]}, "summaryDetail": {"maxAge": 1, "priceHint": 2, "previousClose": 879.35, "open": 841.3, "dayLow": 812.75, "dayHigh": 858.5, "regularMarketPreviousClose": 879.35, "regularMarketOpen": 841.3, "regularMarketDayLow": 812.75, "regularMarketDayHigh": 858.5, "dividendRate": 3.0, "dividendYield": 0.0034, "exDividendDate": "2020-08-11 05:30:00", "payoutRatio": 0.2123, "fiveYearAvgDividendYield": 0.41, "beta": 1.092736, "trailingPE": 59.54031, "forwardPE": 47.484493, "volume": 66485, "regularMarketVolume": 66485, "averageVolume": 17296, "averageVolume10days": 25111, "averageDailyVolume10Day": 25111, "bid": 0.0, "ask": 0.0, "bidSize": 0, "askSize": 0, "marketCap": 20572499968, "fiftyTwoWeekLow": 443.0, "fiftyTwoWeekHigh": 945.25, "priceToSalesTrailing12Months": 2.3297307, "fiftyDayAverage": 830.18335, "twoHundredDayAverage": 799.5922, "trailingAnnualDividendRate": 3.0, "trailingAnnualDividendYield": 0.0034116108, "currency": "INR", "fromCurrency": null, "toCurrency": null, "lastMarket": null, "algorithm": null, "tradeable": false}, "insiderHolders": {"holders": [{"maxAge": 1, "name": "Agro Tech ESOP Trust", "relation": "Promoter", "url": "", "transactionDescription": "Sale", "latestTransDate": "2021-03-31", "positionDirect": 679928, "positionDirectDate": "2021-03-31"}, {"maxAge": 1, "name": "CAG Tech Mauritius, Ltd.", "relation": "Promoter", "url": "", "transactionDescription": "Acquisition", "latestTransDate": "2011-11-29", "positionDirect": 12616619, "positionDirectDate": "2011-11-29"}, {"maxAge": 1, "name": "Gopal (Sachin)", "relation": "Chief Executive Officer", "url": "", "transactionDescription": "Acquisition", "latestTransDate": "2016-02-12", "positionDirect": 44672, "positionDirectDate": "2016-02-12"}, {"maxAge": 1, "name": "M3 Investment Pvt Ltd", "relation": "Institution- Corporation", "url": "", "transactionDescription": "Sale", "latestTransDate": "2013-03-05", "positionDirect": 1205023, "positionDirectDate": "2013-03-05"}, {"maxAge": 1, "name": "Pari Washington Company Pvt Ltd A/c Pari Washington India Ma", "relation": "Promoter", "url": "", "transactionDescription": "Other", "latestTransDate": "2021-01-14", "positionDirect": 2407097, "positionDirectDate": "2021-01-14"}, {"maxAge": 1, "name": "Russell Credit Ltd", "relation": "Institution- Corporation", "url": "", "transactionDescription": "Sale", "latestTransDate": "2010-09-08", "positionDirect": 2810413, "positionDirectDate": "2010-09-08"}], "maxAge": 1}, "calendarEvents": {"maxAge": 1, "earnings": {"earningsDate": []}, "exDividendDate": "2020-08-11 05:30:00"}, "price": {"maxAge": 1, "regularMarketChangePercent": -0.042588223, "regularMarketChange": -37.44995, "regularMarketTime": "2021-04-30 15:29:57", "priceHint": 2, "regularMarketPrice": 841.9, "regularMarketDayHigh": 858.5, "regularMarketDayLow": 812.75, "regularMarketVolume": 66485, "averageDailyVolume10Day": 25111, "averageDailyVolume3Month": 17296, "regularMarketPreviousClose": 879.35, "regularMarketSource": "FREE_REALTIME", "regularMarketOpen": 841.3, "exchange": "NSI", "exchangeName": "NSE", "exchangeDataDelayedBy": 15, "marketState": "CLOSED", "quoteType": "EQUITY", "symbol": "ATFL.NS", "underlyingSymbol": null, "shortName": "AGRO TECH FOODS", "longName": "Agro Tech Foods Limited", "currency": "INR", "quoteSourceName": "Delayed Quote", "currencySymbol": "\u20b9", "fromCurrency": null, "toCurrency": null, "lastMarket": null, "marketCap": 20572499968}, "balanceSheetHistory": {"balanceSheetStatements": [{"maxAge": 1, "endDate": "2020-03-31", "cash": 50540000, "shortTermInvestments": 7300000, "netReceivables": 863740000, "inventory": 779880000, "otherCurrentAssets": 235790000, "totalCurrentAssets": 2076490000, "longTermInvestments": 24780000, "propertyPlantEquipment": 2486440000, "intangibleAssets": 191820000, "otherAssets": 292640000, "deferredLongTermAssetCharges": 22970000, "totalAssets": 5072170000, "accountsPayable": 482710000, "shortLongTermDebt": 9400000, "otherCurrentLiab": 93450000, "longTermDebt": 37600000, "otherLiab": 112580000, "totalCurrentLiabilities": 689970000, "totalLiab": 984740000, "commonStock": 243690000, "retainedEarnings": 3315650000, "treasuryStock": -193200000, "capitalSurplus": 721290000, "otherStockholderEquity": 174210000, "totalStockholderEquity": 4087430000, "netTangibleAssets": 3895610000}, {"maxAge": 1, "endDate": "2019-03-31", "cash": 44280000, "shortTermInvestments": 1180000, "netReceivables": 954220000, "inventory": 840250000, "otherCurrentAssets": 160120000, "totalCurrentAssets": 2351400000, "longTermInvestments": 29280000, "propertyPlantEquipment": 1712250000, "intangibleAssets": 213930000, "otherAssets": 388460000, "deferredLongTermAssetCharges": 17630000, "totalAssets": 4695320000, "accountsPayable": 634940000, "otherCurrentLiab": 32440000, "otherLiab": 148960000, "totalCurrentLiabilities": 782460000, "totalLiab": 931420000, "commonStock": 243690000, "retainedEarnings": 3050290000, "treasuryStock": -251370000, "capitalSurplus": 721290000, "otherStockholderEquity": 185700000, "totalStockholderEquity": 3763900000, "netTangibleAssets": 3549970000}, {"maxAge": 1, "endDate": "2018-03-31", "cash": 86270000, "shortTermInvestments": 218000000, "netReceivables": 516510000, "inventory": 945250000, "otherCurrentAssets": 148600000, "totalCurrentAssets": 1915320000, "propertyPlantEquipment": 1844300000, "intangibleAssets": 240050000, "otherAssets": 367480000, "deferredLongTermAssetCharges": 8950000, "totalAssets": 4367150000, "accountsPayable": 651860000, "otherCurrentLiab": 40910000, "otherLiab": 153670000, "totalCurrentLiabilities": 816700000, "totalLiab": 970370000, "commonStock": 243690000, "retainedEarnings": 2777090000, "treasuryStock": -345290000, "capitalSurplus": 721290000, "otherStockholderEquity": 167530000, "totalStockholderEquity": 3396780000, "netTangibleAssets": 3156730000}, {"maxAge": 1, "endDate": "2017-03-31", "cash": 36970000, "shortTermInvestments": 40000, "netReceivables": 400070000, "inventory": 1161010000, "otherCurrentAssets": 71070000, "totalCurrentAssets": 1669850000, "propertyPlantEquipment": 1859020000, "intangibleAssets": 271010000, "otherAssets": 292970000, "totalAssets": 4092850000, "accountsPayable": 531650000, "otherCurrentLiab": 34040000, "otherLiab": 124810000, "totalCurrentLiabilities": 904830000, "totalLiab": 1029640000, "commonStock": 243690000, "retainedEarnings": 2500690000, "treasuryStock": -402460000, "capitalSurplus": 721290000, "otherStockholderEquity": 168870000, "totalStockholderEquity": 3063210000, "netTangibleAssets": 2792200000}], "maxAge": 86400}, "earningsTrend": {"trend": [{"maxAge": 1, "period": "0q", "endDate": "2018-03-31", "growth": {}, "earningsEstimate": {"avg": 0.0, "low": 0.0, "high": 0.0, "yearAgoEps": 3.0, "numberOfAnalysts": 0, "growth": {}}, "revenueEstimate": {"avg": 0, "low": 0, "high": 0, "numberOfAnalysts": 0, "yearAgoRevenue": {}, "growth": {}}, "epsTrend": {"current": 0.0, "7daysAgo": 0.0, "30daysAgo": 0.0, "60daysAgo": 0.0, "90daysAgo": 0.0}, "epsRevisions": {"upLast7days": 0, "upLast30days": 0, "downLast30days": 0, "downLast90days": {}}}, {"maxAge": 1, "period": "+1q", "endDate": "2018-06-30", "growth": {}, "earningsEstimate": {"avg": 0.0, "low": 0.0, "high": 0.0, "yearAgoEps": 2.67, "numberOfAnalysts": 0, "growth": {}}, "revenueEstimate": {"avg": 0, "low": 0, "high": 0, "numberOfAnalysts": 0, "yearAgoRevenue": {}, "growth": {}}, "epsTrend": {"current": 0.0, "7daysAgo": 0.0, "30daysAgo": 0.0, "60daysAgo": 0.0, "90daysAgo": 0.0}, "epsRevisions": {"upLast7days": 0, "upLast30days": 0, "downLast30days": 0, "downLast90days": {}}}, {"maxAge": 1, "period": "0y", "endDate": "2018-03-31", "growth": 0.043, "earningsEstimate": {"avg": 14.2, "low": 13.6, "high": 14.8, "yearAgoEps": 13.61, "numberOfAnalysts": 3, "growth": 0.043}, "revenueEstimate": {"avg": 8296520000, "low": 8290040000, "high": 8303000000, "numberOfAnalysts": 2, "yearAgoRevenue": 8043200000, "growth": 0.031}, "epsTrend": {"current": 14.2, "7daysAgo": 13.82, "30daysAgo": 13.61, "60daysAgo": 13.61, "90daysAgo": 13.36}, "epsRevisions": {"upLast7days": 1, "upLast30days": 1, "downLast30days": 0, "downLast90days": {}}}, {"maxAge": 1, "period": "+1y", "endDate": "2019-03-31", "growth": 0.249, "earningsEstimate": {"avg": 17.73, "low": 17.3, "high": 18.0, "yearAgoEps": 14.2, "numberOfAnalysts": 3, "growth": 0.249}, "revenueEstimate": {"avg": 8952670000, "low": 8844000000, "high": 9077000000, "numberOfAnalysts": 3, "yearAgoRevenue": 8296520000, "growth": 0.079}, "epsTrend": {"current": 17.73, "7daysAgo": 16.35, "30daysAgo": 15.14, "60daysAgo": 15.14, "90daysAgo": 15.24}, "epsRevisions": {"upLast7days": 1, "upLast30days": 1, "downLast30days": 0, "downLast90days": {}}}, {"maxAge": 1, "period": "+5y", "endDate": null, "growth": 0.19299999, "earningsEstimate": {"avg": {}, "low": {}, "high": {}, "yearAgoEps": {}, "numberOfAnalysts": {}, "growth": {}}, "revenueEstimate": {"avg": {}, "low": {}, "high": {}, "numberOfAnalysts": {}, "yearAgoRevenue": {}, "growth": {}}, "epsTrend": {"current": {}, "7daysAgo": {}, "30daysAgo": {}, "60daysAgo": {}, "90daysAgo": {}}, "epsRevisions": {"upLast7days": {}, "upLast30days": {}, "downLast30days": {}, "downLast90days": {}}}, {"maxAge": 1, "period": "-5y", "endDate": null, "growth": -0.10175, "earningsEstimate": {"avg": {}, "low": {}, "high": {}, "yearAgoEps": {}, "numberOfAnalysts": {}, "growth": {}}, "revenueEstimate": {"avg": {}, "low": {}, "high": {}, "numberOfAnalysts": {}, "yearAgoRevenue": {}, "growth": {}}, "epsTrend": {"current": {}, "7daysAgo": {}, "30daysAgo": {}, "60daysAgo": {}, "90daysAgo": {}}, "epsRevisions": {"upLast7days": {}, "upLast30days": {}, "downLast30days": {}, "downLast90days": {}}}], "maxAge": 1}, "institutionOwnership": {"maxAge": 1, "ownershipList": []}, "majorHoldersBreakdown": {"maxAge": 1, "insidersPercentHeld": 0.77729, "institutionsPercentHeld": 0.0559, "institutionsFloatPercentHeld": 0.25098, "institutionsCount": 5}, "balanceSheetHistoryQuarterly": {"balanceSheetStatements": [{"maxAge": 1, "endDate": "2020-12-31", "totalStockholderEquity": 4236100000, "netTangibleAssets": 4053700000}, {"maxAge": 1, "endDate": "2020-09-30", "cash": 98100000, "shortTermInvestments": 133100000, "netReceivables": 663900000, "inventory": 1001200000, "otherCurrentAssets": 254600000, "totalCurrentAssets": 2150900000, "longTermInvestments": 27800000, "propertyPlantEquipment": 2715100000, "intangibleAssets": 182400000, "otherAssets": 324000000, "deferredLongTermAssetCharges": 24900000, "totalAssets": 5400200000, "accountsPayable": 649700000, "otherCurrentLiab": 214200000, "longTermDebt": 32900000, "otherLiab": 114600000, "totalCurrentLiabilities": 882100000, "totalLiab": 1164100000, "commonStock": 243700000, "treasuryStock": 3992400000, "otherStockholderEquity": 3992400000, "totalStockholderEquity": 4236100000, "netTangibleAssets": 4053700000}, {"maxAge": 1, "endDate": "2020-06-30", "totalStockholderEquity": 4087400000, "netTangibleAssets": 3895600000}, {"maxAge": 1, "endDate": "2020-03-31", "cash": 50540000, "shortTermInvestments": 7300000, "netReceivables": 863740000, "inventory": 779880000, "otherCurrentAssets": 235790000, "totalCurrentAssets": 2076490000, "longTermInvestments": 24780000, "propertyPlantEquipment": 2486440000, "intangibleAssets": 191820000, "otherAssets": 292640000, "deferredLongTermAssetCharges": 22970000, "totalAssets": 5072170000, "accountsPayable": 482710000, "shortLongTermDebt": 9400000, "otherCurrentLiab": 93450000, "longTermDebt": 37600000, "otherLiab": 112580000, "totalCurrentLiabilities": 689970000, "totalLiab": 984740000, "commonStock": 243690000, "retainedEarnings": 3315650000, "treasuryStock": -193200000, "capitalSurplus": 721290000, "otherStockholderEquity": 174210000, "totalStockholderEquity": 4087430000, "netTangibleAssets": 3895610000}], "maxAge": 86400}, "earningsHistory": {"history": [{"maxAge": 1, "epsActual": 3.0, "epsEstimate": 3.73, "epsDifference": -0.73, "surprisePercent": -0.19600001, "quarter": "2017-03-31", "period": "-4q"}, {"maxAge": 1, "epsActual": 2.67, "epsEstimate": 3.1, "epsDifference": -0.43, "surprisePercent": -0.139, "quarter": "2017-06-30", "period": "-3q"}, {"maxAge": 1, "epsActual": 3.53, "epsEstimate": 3.21, "epsDifference": 0.32, "surprisePercent": 0.1, "quarter": "2017-09-30", "period": "-2q"}, {"maxAge": 1, "epsActual": 3.71, "epsEstimate": 4.2, "epsDifference": -0.49, "surprisePercent": -0.117, "quarter": "2017-12-31", "period": "-1q"}], "maxAge": 86400}, "summaryProfile": {"address1": "Tower C, Building No. 10", "address2": "15th Floor DLF Phase - II DLF Cyber City", "city": "Gurugram", "zip": "122002", "country": "India", "phone": "91 12 4459 3700", "fax": "91 12 4459 3799", "website": "http://www.atfoods.com", "industry": "Packaged Foods", "sector": "Consumer Defensive", "longBusinessSummary": "Agro Tech Foods Limited manufactures and trades in food and food ingredients to consumers and institutional customers in India. It offers refined oil under the Sundrop brand; microwave, instant, and ready to eat popcorn under the ACT II Popcorn and ACT II DIET POP brands; bread spreads under the Sundrop Peanut Butter brand; sunflower oil under the Crystal brand; mexican tortilla chips under the ACT II Nachoz brand; snacks under the Act II Bakes brand; and peanut snacks under the Sundrop Pnutz brand. The company was incorporated in 1986 and is based in Gurugram, India. Agro Tech Foods Limited is a subsidiary of CAG-Tech (Mauritius) Limited.", "fullTimeEmployees": 541, "companyOfficers": [], "maxAge": 86400}, "netSharePurchaseActivity": {"maxAge": 1, "period": "6m", "buyInfoCount": 0, "buyInfoShares": 0, "sellInfoCount": 0, "netInfoCount": 0, "netInfoShares": 0, "netPercentInsiderShares": 0.0, "totalInsiderShares": 18392850}, "insiderTransactions": {"transactions": [{"maxAge": 1, "shares": 3000, "value": 33962, "filerUrl": "", "transactionText": "Sale at price 11.32 per share.", "filerName": "Agro Tech ESOP Trust", "filerRelation": "Promoter", "moneyText": "", "startDate": "2021-03-31", "ownership": "D"}, {"maxAge": 1, "shares": 1466, "value": 16658, "filerUrl": "", "transactionText": "Sale at price 11.36 per share.", "filerName": "Agro Tech ESOP Trust", "filerRelation": "Promoter", "moneyText": "", "startDate": "2021-03-25", "ownership": "D"}, {"maxAge": 1, "shares": 513892, "filerUrl": "", "transactionText": "", "filerName": "Pari Washington Company Pvt Ltd A/c Pari Washington India Ma", "filerRelation": "Promoter", "moneyText": "", "startDate": "2021-01-14", "ownership": "D"}, {"maxAge": 1, "shares": 1019, "value": 12112, "filerUrl": "", "transactionText": "Sale at price 11.89 per share.", "filerName": "Agro Tech ESOP Trust", "filerRelation": "UNREPORTED", "moneyText": "", "startDate": "2020-12-29", "ownership": "D"}, {"maxAge": 1, "shares": 9650, "value": 107833, "filerUrl": "", "transactionText": "Sale at price 11.17 per share.", "filerName": "Agro Tech ESOP Trust", "filerRelation": "Other Executive", "moneyText": "", "startDate": "2020-12-17", "ownership": "D"}, {"maxAge": 1, "shares": 4800, "value": 51229, "filerUrl": "", "transactionText": "Sale at price 10.67 per share.", "filerName": "Agro Tech ESOP Trust", "filerRelation": "Promoter", "moneyText": "", "startDate": "2020-12-11", "ownership": "D"}, {"maxAge": 1, "shares": 9800, "value": 103824, "filerUrl": "", "transactionText": "Sale at price 10.59 per share.", "filerName": "Agro Tech ESOP Trust", "filerRelation": "UNREPORTED", "moneyText": "", "startDate": "2020-12-07", "ownership": "D"}, {"maxAge": 1, "shares": 10000, "value": 97015, "filerUrl": "", "transactionText": "Sale at price 9.70 per share.", "filerName": "Agro Tech ESOP Trust", "filerRelation": "UNREPORTED", "moneyText": "", "startDate": "2020-09-18", "ownership": "D"}, {"maxAge": 1, "shares": 1360, "value": 14173, "filerUrl": "", "transactionText": "Sale at price 10.42 per share.", "filerName": "Agro Tech ESOP Trust", "filerRelation": "Institution- Corporation", "moneyText": "", "startDate": "2020-08-24", "ownership": "D"}, {"maxAge": 1, "shares": 1850, "filerUrl": "", "transactionText": "", "filerName": "Agro Tech ESOP Trust", "filerRelation": "Institution- Corporation", "moneyText": "", "startDate": "2020-06-02", "ownership": "D"}, {"maxAge": 1, "shares": 5750, "filerUrl": "", "transactionText": "", "filerName": "Agro Tech ESOP Trust", "filerRelation": "Institution- Corporation", "moneyText": "", "startDate": "2020-01-29", "ownership": "D"}, {"maxAge": 1, "shares": 5867, "filerUrl": "", "transactionText": "", "filerName": "Agro Tech ESOP Trust", "filerRelation": "UNREPORTED", "moneyText": "", "startDate": "2019-09-16", "ownership": "D"}, {"maxAge": 1, "shares": 40000, "filerUrl": "", "transactionText": "", "filerName": "Agro Tech ESOP Trust", "filerRelation": "UNREPORTED", "moneyText": "", "startDate": "2019-09-11", "ownership": "D"}, {"maxAge": 1, "shares": 85430, "filerUrl": "", "transactionText": "", "filerName": "Agro Tech ESOP Trust", "filerRelation": "Institution- Corporation", "moneyText": "", "startDate": "2019-09-06", "ownership": "D"}, {"maxAge": 1, "shares": 2000, "filerUrl": "", "transactionText": "", "filerName": "Agro Tech ESOP Trust", "filerRelation": "Institution- Corporation", "moneyText": "", "startDate": "2019-03-28", "ownership": "D"}, {"maxAge": 1, "shares": 5000, "filerUrl": "", "transactionText": "", "filerName": "Agro Tech ESOP Trust", "filerRelation": "Institution- Corporation", "moneyText": "", "startDate": "2019-03-12", "ownership": "D"}, {"maxAge": 1, "shares": 10000, "filerUrl": "", "transactionText": "", "filerName": "Agro Tech ESOP Trust", "filerRelation": "Institution- Corporation", "moneyText": "", "startDate": "2019-03-06", "ownership": "D"}, {"maxAge": 1, "shares": 15000, "filerUrl": "", "transactionText": "", "filerName": "Agro Tech ESOP Trust", "filerRelation": "Institution- Corporation", "moneyText": "", "startDate": "2019-03-01", "ownership": "D"}, {"maxAge": 1, "shares": 5000, "filerUrl": "", "transactionText": "", "filerName": "Agro Tech ESOP Trust", "filerRelation": "Institution- Corporation", "moneyText": "", "startDate": "2019-02-01", "ownership": "D"}, {"maxAge": 1, "shares": 18000, "filerUrl": "", "transactionText": "", "filerName": "Agro Tech ESOP Trust", "filerRelation": "Institution- Corporation", "moneyText": "", "startDate": "2018-12-28", "ownership": "D"}, {"maxAge": 1, "shares": 21300, "filerUrl": "", "transactionText": "", "filerName": "Agro Tech ESOP Trust", "filerRelation": "Institution- Corporation", "moneyText": "", "startDate": "2018-12-21", "ownership": "D"}, {"maxAge": 1, "shares": 5700, "filerUrl": "", "transactionText": "", "filerName": "Agro Tech ESOP Trust", "filerRelation": "Institution- Corporation", "moneyText": "", "startDate": "2018-12-18", "ownership": "D"}, {"maxAge": 1, "shares": 9734, "filerUrl": "", "transactionText": "", "filerName": "Agro Tech ESOP Trust", "filerRelation": "Institution- Corporation", "moneyText": "", "startDate": "2018-11-19", "ownership": "D"}, {"maxAge": 1, "shares": 35500, "filerUrl": "", "transactionText": "", "filerName": "Agro Tech ESOP Trust", "filerRelation": "Institution- Corporation", "moneyText": "", "startDate": "2018-11-02", "ownership": "D"}, {"maxAge": 1, "shares": 5000, "filerUrl": "", "transactionText": "", "filerName": "Agro Tech ESOP Trust", "filerRelation": "Institution- Corporation", "moneyText": "", "startDate": "2018-09-24", "ownership": "D"}, {"maxAge": 1, "shares": 10000, "filerUrl": "", "transactionText": "", "filerName": "Agro Tech ESOP Trust", "filerRelation": "Institution- Corporation", "moneyText": "", "startDate": "2018-09-03", "ownership": "D"}, {"maxAge": 1, "shares": 2000, "filerUrl": "", "transactionText": "", "filerName": "Agro Tech ESOP Trust", "filerRelation": "Institution- Corporation", "moneyText": "", "startDate": "2018-06-12", "ownership": "D"}, {"maxAge": 1, "shares": 1600, "filerUrl": "", "transactionText": "", "filerName": "Agro Tech ESOP Trust", "filerRelation": "Institution- Corporation", "moneyText": "", "startDate": "2018-05-17", "ownership": "D"}, {"maxAge": 1, "shares": 3199, "filerUrl": "", "transactionText": "", "filerName": "Agro Tech ESOP Trust", "filerRelation": "UNREPORTED", "moneyText": "", "startDate": "2018-05-07", "ownership": "D"}, {"maxAge": 1, "shares": 21520, "filerUrl": "", "transactionText": "", "filerName": "Agro Tech ESOP Trust", "filerRelation": "Institution- Corporation", "moneyText": "", "startDate": "2018-03-27", "ownership": "D"}, {"maxAge": 1, "shares": 4216, "filerUrl": "", "transactionText": "", "filerName": "Agro Tech ESOP Trust", "filerRelation": "Institution- Corporation", "moneyText": "", "startDate": "2018-03-01", "ownership": "D"}, {"maxAge": 1, "shares": 3070, "filerUrl": "", "transactionText": "", "filerName": "Agro Tech ESOP Trust", "filerRelation": "Institution- Corporation", "moneyText": "", "startDate": "2018-02-14", "ownership": "D"}, {"maxAge": 1, "shares": 6000, "filerUrl": "", "transactionText": "", "filerName": "Agro Tech ESOP Trust", "filerRelation": "Institution- Corporation", "moneyText": "", "startDate": "2018-02-12", "ownership": "D"}, {"maxAge": 1, "shares": 7280, "filerUrl": "", "transactionText": "", "filerName": "Agro Tech ESOP Trust", "filerRelation": "Institution- Corporation", "moneyText": "", "startDate": "2018-01-29", "ownership": "D"}, {"maxAge": 1, "shares": 2700, "filerUrl": "", "transactionText": "", "filerName": "Agro Tech ESOP Trust", "filerRelation": "Institution- Corporation", "moneyText": "", "startDate": "2017-12-27", "ownership": "D"}, {"maxAge": 1, "shares": 5456, "filerUrl": "", "transactionText": "", "filerName": "Agro Tech ESOP Trust", "filerRelation": "Institution- Corporation", "moneyText": "", "startDate": "2017-12-22", "ownership": "D"}, {"maxAge": 1, "shares": 21139, "filerUrl": "", "transactionText": "", "filerName": "Agro Tech ESOP Trust", "filerRelation": "Institution- Corporation", "moneyText": "", "startDate": "2017-12-20", "ownership": "D"}, {"maxAge": 1, "shares": 9875, "filerUrl": "", "transactionText": "", "filerName": "Agro Tech ESOP Trust", "filerRelation": "Institution- Corporation", "moneyText": "", "startDate": "2017-12-15", "ownership": "D"}, {"maxAge": 1, "shares": 2638, "filerUrl": "", "transactionText": "", "filerName": "Agro Tech ESOP Trust", "filerRelation": "Institution- Corporation", "moneyText": "", "startDate": "2017-12-14", "ownership": "D"}, {"maxAge": 1, "shares": 20692, "filerUrl": "", "transactionText": "", "filerName": "Agro Tech ESOP Trust", "filerRelation": "Institution- Corporation", "moneyText": "", "startDate": "2017-12-01", "ownership": "D"}, {"maxAge": 1, "shares": 3348, "filerUrl": "", "transactionText": "", "filerName": "Gopal (Sachin)", "filerRelation": "Chief Executive Officer", "moneyText": "", "startDate": "2016-02-12", "ownership": "D"}, {"maxAge": 1, "shares": 2689, "filerUrl": "", "transactionText": "", "filerName": "Gopal (Sachin)", "filerRelation": "Chief Executive Officer", "moneyText": "", "startDate": "2015-12-16", "ownership": "D"}, {"maxAge": 1, "shares": 2756, "filerUrl": "", "transactionText": "", "filerName": "Gopal (Sachin)", "filerRelation": "Chief Executive Officer", "moneyText": "", "startDate": "2015-12-15", "ownership": "D"}, {"maxAge": 1, "shares": 2980, "filerUrl": "", "transactionText": "", "filerName": "Gopal (Sachin)", "filerRelation": "Chief Executive Officer", "moneyText": "", "startDate": "2015-11-09", "ownership": "D"}, {"maxAge": 1, "shares": 1986, "filerUrl": "", "transactionText": "", "filerName": "Agro Tech ESOP Trust", "filerRelation": "Institution- Corporation", "moneyText": "", "startDate": "2015-09-22", "ownership": "D"}, {"maxAge": 1, "shares": 1609, "filerUrl": "", "transactionText": "", "filerName": "Gopal (Sachin)", "filerRelation": "Chief Executive Officer", "moneyText": "", "startDate": "2015-09-09", "ownership": "D"}, {"maxAge": 1, "shares": 4260, "filerUrl": "", "transactionText": "", "filerName": "Gopal (Sachin)", "filerRelation": "Chief Executive Officer", "moneyText": "", "startDate": "2015-09-03", "ownership": "D"}, {"maxAge": 1, "shares": 2808, "filerUrl": "", "transactionText": "", "filerName": "Agro Tech ESOP Trust", "filerRelation": "Institution- Corporation", "moneyText": "", "startDate": "2015-08-25", "ownership": "D"}, {"maxAge": 1, "shares": 27731, "filerUrl": "", "transactionText": "", "filerName": "Agro Tech ESOP Trust", "filerRelation": "Institution- Corporation", "moneyText": "", "startDate": "2015-08-24", "ownership": "D"}, {"maxAge": 1, "shares": 1795, "filerUrl": "", "transactionText": "", "filerName": "Agro Tech ESOP Trust", "filerRelation": "Institution- Corporation", "moneyText": "", "startDate": "2015-08-21", "ownership": "D"}, {"maxAge": 1, "shares": 2000, "filerUrl": "", "transactionText": "", "filerName": "Gopal (Sachin)", "filerRelation": "Chief Executive Officer", "moneyText": "", "startDate": "2015-08-11", "ownership": "D"}, {"maxAge": 1, "shares": 12426, "filerUrl": "", "transactionText": "", "filerName": "Agro Tech ESOP Trust", "filerRelation": "Institution- Corporation", "moneyText": "", "startDate": "2015-08-04", "ownership": "D"}, {"maxAge": 1, "shares": 3000, "filerUrl": "", "transactionText": "", "filerName": "Gopal (Sachin)", "filerRelation": "Chief Executive Officer", "moneyText": "", "startDate": "2015-07-30", "ownership": "D"}, {"maxAge": 1, "shares": 2000, "filerUrl": "", "transactionText": "", "filerName": "Gopal (Sachin)", "filerRelation": "Chief Executive Officer", "moneyText": "", "startDate": "2014-04-30", "ownership": "D"}, {"maxAge": 1, "shares": 2400, "filerUrl": "", "transactionText": "", "filerName": "Gopal (Sachin)", "filerRelation": "Chief Executive Officer", "moneyText": "", "startDate": "2014-04-28", "ownership": "D"}, {"maxAge": 1, "shares": 3100, "filerUrl": "", "transactionText": "", "filerName": "Gopal (Sachin)", "filerRelation": "Chief Executive Officer", "moneyText": "", "startDate": "2014-03-19", "ownership": "D"}, {"maxAge": 1, "shares": 2004, "filerUrl": "", "transactionText": "", "filerName": "Gopal (Sachin)", "filerRelation": "Chief Executive Officer", "moneyText": "", "startDate": "2013-09-11", "ownership": "D"}, {"maxAge": 1, "shares": 1672, "filerUrl": "", "transactionText": "", "filerName": "Gopal (Sachin)", "filerRelation": "Chief Executive Officer", "moneyText": "", "startDate": "2013-09-04", "ownership": "D"}, {"maxAge": 1, "shares": 1100, "filerUrl": "", "transactionText": "", "filerName": "Gopal (Sachin)", "filerRelation": "Chief Executive Officer", "moneyText": "", "startDate": "2013-09-03", "ownership": "D"}, {"maxAge": 1, "shares": 2694, "filerUrl": "", "transactionText": "", "filerName": "Gopal (Sachin)", "filerRelation": "Chief Executive Officer", "moneyText": "", "startDate": "2013-09-02", "ownership": "D"}, {"maxAge": 1, "shares": 25340, "filerUrl": "", "transactionText": "", "filerName": "M3 Investment Pvt Ltd", "filerRelation": "Institution- Corporation", "moneyText": "", "startDate": "2013-03-05", "ownership": "D"}, {"maxAge": 1, "shares": 893465, "filerUrl": "", "transactionText": "", "filerName": "CAG Tech Mauritius, Ltd.", "filerRelation": "Promoter", "moneyText": "", "startDate": "2011-11-29", "ownership": "D"}, {"maxAge": 1, "shares": 582651, "filerUrl": "", "transactionText": "", "filerName": "Russell Credit Ltd", "filerRelation": "Institution- Corporation", "moneyText": "", "startDate": "2010-09-08", "ownership": "D"}, {"maxAge": 1, "shares": 6000, "filerUrl": "", "transactionText": "", "filerName": "Gopal (Sachin)", "filerRelation": "Chief Executive Officer", "moneyText": "", "startDate": "2010-05-21", "ownership": "D"}, {"maxAge": 1, "shares": 6300, "filerUrl": "", "transactionText": "", "filerName": "Gopal (Sachin)", "filerRelation": "Chief Executive Officer", "moneyText": "", "startDate": "2010-03-03", "ownership": "D"}, {"maxAge": 1, "shares": 10900, "filerUrl": "", "transactionText": "", "filerName": "Gopal (Sachin)", "filerRelation": "Chief Executive Officer", "moneyText": "", "startDate": "2010-02-26", "ownership": "D"}, {"maxAge": 1, "shares": 2800, "filerUrl": "", "transactionText": "", "filerName": "Gopal (Sachin)", "filerRelation": "Chief Executive Officer", "moneyText": "", "startDate": "2010-02-24", "ownership": "D"}], "maxAge": 1}, "sectorTrend": {"maxAge": 1, "symbol": null, "estimates": []}, "incomeStatementHistoryQuarterly": {"incomeStatementHistory": [{"maxAge": 1, "endDate": "2020-12-31", "totalRevenue": 2465700000, "costOfRevenue": 1733600000, "grossProfit": 732100000, "researchDevelopment": {}, "sellingGeneralAdministrative": 214600000, "nonRecurring": {}, "otherOperatingExpenses": 358500000, "totalOperatingExpenses": 2355500000, "operatingIncome": 110200000, "totalOtherIncomeExpenseNet": -3600000, "ebit": 110200000, "interestExpense": -5100000, "incomeBeforeTax": 106600000, "incomeTaxExpense": 25200000, "minorityInterest": {}, "netIncomeFromContinuingOps": 81400000, "discontinuedOperations": {}, "extraordinaryItems": {}, "effectOfAccountingCharges": {}, "otherItems": {}, "netIncome": 81400000, "netIncomeApplicableToCommonShares": 81400000}, {"maxAge": 1, "endDate": "2020-09-30", "totalRevenue": 2285800000, "costOfRevenue": 1545300000, "grossProfit": 740500000, "researchDevelopment": {}, "sellingGeneralAdministrative": 213400000, "nonRecurring": {}, "otherOperatingExpenses": 361900000, "totalOperatingExpenses": 2164700000, "operatingIncome": 121100000, "totalOtherIncomeExpenseNet": -2500000, "ebit": 121100000, "interestExpense": -4400000, "incomeBeforeTax": 118600000, "incomeTaxExpense": 29600000, "minorityInterest": {}, "netIncomeFromContinuingOps": 89000000, "discontinuedOperations": {}, "extraordinaryItems": {}, "effectOfAccountingCharges": {}, "otherItems": {}, "netIncome": 89000000, "netIncomeApplicableToCommonShares": 89000000}, {"maxAge": 1, "endDate": "2020-06-30", "totalRevenue": 2033900000, "costOfRevenue": 1369200000, "grossProfit": 664700000, "researchDevelopment": {}, "sellingGeneralAdministrative": 183900000, "nonRecurring": {}, "otherOperatingExpenses": 270100000, "totalOperatingExpenses": 1866400000, "operatingIncome": 167500000, "totalOtherIncomeExpenseNet": -300000, "ebit": 167500000, "interestExpense": -4200000, "incomeBeforeTax": 167200000, "incomeTaxExpense": 41900000, "minorityInterest": {}, "netIncomeFromContinuingOps": 125300000, "discontinuedOperations": {}, "extraordinaryItems": {}, "effectOfAccountingCharges": {}, "otherItems": {}, "netIncome": 125300000, "netIncomeApplicableToCommonShares": 125300000}, {"maxAge": 1, "endDate": "2020-03-31", "totalRevenue": 2045020000, "costOfRevenue": 1468810000, "grossProfit": 576210000, "researchDevelopment": {}, "sellingGeneralAdministrative": 382150000, "nonRecurring": {}, "otherOperatingExpenses": 85830000, "totalOperatingExpenses": 1987830000, "operatingIncome": 57190000, "totalOtherIncomeExpenseNet": -1340000, "ebit": 57190000, "interestExpense": -4280000, "incomeBeforeTax": 55850000, "incomeTaxExpense": 16670000, "minorityInterest": {}, "netIncomeFromContinuingOps": 39180000, "discontinuedOperations": {}, "extraordinaryItems": {}, "effectOfAccountingCharges": {}, "otherItems": {}, "netIncome": 39180000, "netIncomeApplicableToCommonShares": 39180000}], "maxAge": 86400}, "cashflowStatementHistoryQuarterly": {"cashflowStatements": [{"maxAge": 1, "endDate": "2020-12-31", "netIncome": 81400000, "changeToLiabilities": 0}, {"maxAge": 1, "endDate": "2020-09-30", "netIncome": 89000000, "changeToLiabilities": 0}, {"maxAge": 1, "endDate": "2020-06-30", "netIncome": 125300000, "changeToLiabilities": 0}, {"maxAge": 1, "endDate": "2020-03-31", "netIncome": 39180000, "changeToLiabilities": 0}], "maxAge": 86400}, "earnings": {"maxAge": 86400, "earningsChart": {"quarterly": [{"date": "1Q2017", "actual": 3.0, "estimate": 3.73}, {"date": "2Q2017", "actual": 2.67, "estimate": 3.1}, {"date": "3Q2017", "actual": 3.53, "estimate": 3.21}, {"date": "4Q2017", "actual": 3.71, "estimate": 4.2}], "currentQuarterEstimateDate": "1Q", "currentQuarterEstimateYear": 2018, "earningsDate": []}, "financialsChart": {"yearly": [{"date": 2017, "revenue": 8082170000, "earnings": 276680000}, {"date": 2018, "revenue": 8109550000, "earnings": 315630000}, {"date": 2019, "revenue": 8236610000, "earnings": 342540000}, {"date": 2020, "revenue": 8354620000, "earnings": 338480000}], "quarterly": [{"date": "1Q2020", "revenue": 2045020000, "earnings": 39180000}, {"date": "2Q2020", "revenue": 2033900000, "earnings": 125300000}, {"date": "3Q2020", "revenue": 2285800000, "earnings": 89000000}, {"date": "4Q2020", "revenue": 2465700000, "earnings": 81400000}]}, "financialCurrency": "INR"}, "financialData": {"maxAge": 86400, "currentPrice": 841.9, "targetHighPrice": 730.0, "targetLowPrice": 506.0, "targetMeanPrice": 640.25, "targetMedianPrice": 662.5, "recommendationMean": 2.4, "recommendationKey": "buy", "numberOfAnalystOpinions": 4, "totalCash": 231200000, "totalCashPerShare": 9.771, "ebitda": 598169984, "totalDebt": 185600000, "totalRevenue": 8830419968, "debtToEquity": 4.381, "revenuePerShare": 373.357, "grossProfits": 2610510000, "earningsGrowth": 0.085, "revenueGrowth": 0.078, "grossMargins": 0.30729, "ebitdaMargins": 0.06774, "operatingMargins": 0.05164, "profitMargins": 0.037920002, "financialCurrency": "INR"}}}