{"ATFL.BO": {"recommendationTrend": {"trend": [{"period": "0m", "strongBuy": 0, "buy": 0, "hold": 0, "sell": 0, "strongSell": 0}, {"period": "-1m", "strongBuy": 0, "buy": 0, "hold": 0, "sell": 0, "strongSell": 0}, {"period": "-2m", "strongBuy": 0, "buy": 0, "hold": 0, "sell": 0, "strongSell": 0}, {"period": "-3m", "strongBuy": 0, "buy": 0, "hold": 0, "sell": 0, "strongSell": 0}], "maxAge": 86400}, "cashflowStatementHistory": {"cashflowStatements": [{"maxAge": 1, "endDate": "2020-03-31", "netIncome": 338480000, "depreciation": 171770000, "changeToNetincome": -77880000, "changeToAccountReceivables": 60220000, "changeToLiabilities": -136550000, "changeToInventory": 60370000, "changeToOperatingActivities": -9970000, "totalCashFromOperatingActivities": 428550000, "capitalExpenditures": -685040000, "investments": 243460000, "otherCashflowsFromInvestingActivities": 370000, "totalCashflowsFromInvestingActivities": -435040000, "dividendsPaid": -58770000, "netBorrowings": 32160000, "otherCashflowsFromFinancingActivities": -33490000, "totalCashFromFinancingActivities": 5780000, "effectOfExchangeRate": 6970000, "changeInCash": 6260000, "issuanceOfStock": 65880000}, {"maxAge": 1, "endDate": "2019-03-31", "netIncome": 342540000, "depreciation": 146940000, "changeToNetincome": -49660000, "changeToAccountReceivables": -315110000, "changeToLiabilities": -14390000, "changeToInventory": 105000000, "changeToOperatingActivities": 71540000, "totalCashFromOperatingActivities": 312980000, "capitalExpenditures": -290750000, "investments": -104930000, "otherCashflowsFromInvestingActivities": 12310000, "totalCashflowsFromInvestingActivities": -373730000, "dividendsPaid": -58230000, "netBorrowings": 32160000, "otherCashflowsFromFinancingActivities": -13460000, "totalCashFromFinancingActivities": 12960000, "effectOfExchangeRate": 5800000, "changeInCash": -41990000, "issuanceOfStock": 84650000}, {"maxAge": 1, "endDate": "2018-03-31", "netIncome": 315630000, "depreciation": 148550000, "changeToNetincome": 24660000, "changeToAccountReceivables": -105590000, "changeToLiabilities": 110920000, "changeToInventory": 215760000, "changeToOperatingActivities": -137320000, "totalCashFromOperatingActivities": 603570000, "capitalExpenditures": -173250000, "investments": -212940000, "otherCashflowsFromInvestingActivities": 5630000, "totalCashflowsFromInvestingActivities": -379790000, "dividendsPaid": -46420000, "netBorrowings": -150000000, "otherCashflowsFromFinancingActivities": -12450000, "totalCashFromFinancingActivities": -143590000, "effectOfExchangeRate": -4680000, "changeInCash": 75510000, "issuanceOfStock": 65280000}, {"maxAge": 1, "endDate": "2017-03-31", "netIncome": 276680000, "depreciation": 134310000, "changeToNetincome": 73940000, "changeToAccountReceivables": 34810000, "changeToLiabilities": 112740000, "changeToInventory": 296030000, "changeToOperatingActivities": 35210000, "totalCashFromOperatingActivities": 994590000, "capitalExpenditures": -141340000, "investments": -280000, "otherCashflowsFromInvestingActivities": 2310000, "totalCashflowsFromInvestingActivities": -138360000, "dividendsPaid": -46400000, "netBorrowings": -719380000, "otherCashflowsFromFinancingActivities": -54370000, "totalCashFromFinancingActivities": -820150000, "effectOfExchangeRate": -5960000, "changeInCash": 30120000, "issuanceOfStock": 65280000}], "maxAge": 86400}, "institutionOwnership": {"maxAge": 1, "ownershipList": []}, "balanceSheetHistoryQuarterly": {"balanceSheetStatements": [{"maxAge": 1, "endDate": "2020-06-30", "totalStockholderEquity": 4087400000, "netTangibleAssets": 3895600000}, {"maxAge": 1, "endDate": "2020-03-31", "cash": 50540000, "shortTermInvestments": 7300000, "netReceivables": 863740000, "inventory": 779880000, "otherCurrentAssets": 235790000, "totalCurrentAssets": 2076490000, "longTermInvestments": 24780000, "propertyPlantEquipment": 2486440000, "intangibleAssets": 191820000, "otherAssets": 292640000, "deferredLongTermAssetCharges": 22970000, "totalAssets": 5072170000, "accountsPayable": 482710000, "shortLongTermDebt": 9400000, "otherCurrentLiab": 93450000, "longTermDebt": 37600000, "otherLiab": 112580000, "totalCurrentLiabilities": 689970000, "totalLiab": 984740000, "commonStock": 243690000, "retainedEarnings": 3315650000, "treasuryStock": -193200000, "capitalSurplus": 721290000, "otherStockholderEquity": 174210000, "totalStockholderEquity": 4087430000, "netTangibleAssets": 3895610000}, {"maxAge": 1, "endDate": "2019-12-31", "totalStockholderEquity": 3966800000, "netTangibleAssets": 3764200000}, {"maxAge": 1, "endDate": "2019-09-30", "cash": 33700000, "shortTermInvestments": 394100000, "netReceivables": 868100000, "inventory": 759200000, "otherCurrentAssets": 194000000, "totalCurrentAssets": 2249100000, "longTermInvestments": 27600000, "propertyPlantEquipment": 2136700000, "intangibleAssets": 202600000, "otherAssets": 483700000, "totalAssets": 5099700000, "accountsPayable": 686300000, "otherCurrentLiab": 111100000, "longTermDebt": 24100000, "otherLiab": 87600000, "totalCurrentLiabilities": 868900000, "totalLiab": 1132900000, "commonStock": 243700000, "treasuryStock": 3723100000, "otherStockholderEquity": 3723100000, "totalStockholderEquity": 3966800000, "netTangibleAssets": 3764200000}], "maxAge": 86400}, "earningsHistory": {"history": [{"maxAge": 1, "epsActual": 3.71, "epsEstimate": 4.2, "epsDifference": -0.49, "surprisePercent": -0.117, "quarter": "2017-12-31", "period": "-4q"}, {"maxAge": 1, "epsActual": 3.21, "epsEstimate": 3.35, "epsDifference": -0.14, "surprisePercent": -0.042, "quarter": "2018-03-31", "period": "-3q"}, {"maxAge": 1, "epsActual": 2.78, "epsEstimate": 2.7, "epsDifference": 0.08, "surprisePercent": 0.03, "quarter": "2018-06-30", "period": "-2q"}, {"maxAge": 1, "epsActual": 3.88, "epsEstimate": 2.8, "epsDifference": 1.08, "surprisePercent": 0.38599998, "quarter": "2018-09-30", "period": "-1q"}], "maxAge": 86400}, "indexTrend": {"maxAge": 1, "symbol": "SP5", "peRatio": 19.7411, "pegRatio": 1.34172, "estimates": [{"period": "0q", "growth": 0.549}, {"period": "+1q", "growth": 0.431}, {"period": "0y", "growth": 0.305}, {"period": "+1y", "growth": 0.109}, {"period": "+5y", "growth": 0.120865}, {"period": "-5y"}]}, "industryTrend": {"maxAge": 1, "symbol": null, "estimates": []}, "insiderTransactions": {"transactions": [{"maxAge": 1, "shares": 10000, "value": 97015, "filerUrl": "", "transactionText": "Sale at price 9.70 per share.", "filerName": "Agro Tech ESOP Trust", "filerRelation": "UNREPORTED", "moneyText": "", "startDate": "2020-09-18", "ownership": "D"}, {"maxAge": 1, "shares": 1360, "value": 14173, "filerUrl": "", "transactionText": "Sale at price 10.42 per share.", "filerName": "Agro Tech ESOP Trust", "filerRelation": "Institution- Corporation", "moneyText": "", "startDate": "2020-08-24", "ownership": "D"}, {"maxAge": 1, "shares": 1850, "filerUrl": "", "transactionText": "", "filerName": "Agro Tech ESOP Trust", "filerRelation": "Institution- Corporation", "moneyText": "", "startDate": "2020-06-02", "ownership": "D"}, {"maxAge": 1, "shares": 5750, "filerUrl": "", "transactionText": "", "filerName": "Agro Tech ESOP Trust", "filerRelation": "Institution- Corporation", "moneyText": "", "startDate": "2020-01-29", "ownership": "D"}, {"maxAge": 1, "shares": 5867, "filerUrl": "", "transactionText": "", "filerName": "Agro Tech ESOP Trust", "filerRelation": "UNREPORTED", "moneyText": "", "startDate": "2019-09-16", "ownership": "D"}, {"maxAge": 1, "shares": 40000, "filerUrl": "", "transactionText": "", "filerName": "Agro Tech ESOP Trust", "filerRelation": "UNREPORTED", "moneyText": "", "startDate": "2019-09-11", "ownership": "D"}, {"maxAge": 1, "shares": 85430, "filerUrl": "", "transactionText": "", "filerName": "Agro Tech ESOP Trust", "filerRelation": "Institution- Corporation", "moneyText": "", "startDate": "2019-09-06", "ownership": "D"}, {"maxAge": 1, "shares": 2000, "filerUrl": "", "transactionText": "", "filerName": "Agro Tech ESOP Trust", "filerRelation": "Institution- Corporation", "moneyText": "", "startDate": "2019-03-28", "ownership": "D"}, {"maxAge": 1, "shares": 5000, "filerUrl": "", "transactionText": "", "filerName": "Agro Tech ESOP Trust", "filerRelation": "Institution- Corporation", "moneyText": "", "startDate": "2019-03-12", "ownership": "D"}, {"maxAge": 1, "shares": 10000, "filerUrl": "", "transactionText": "", "filerName": "Agro Tech ESOP Trust", "filerRelation": "Institution- Corporation", "moneyText": "", "startDate": "2019-03-06", "ownership": "D"}, {"maxAge": 1, "shares": 15000, "filerUrl": "", "transactionText": "", "filerName": "Agro Tech ESOP Trust", "filerRelation": "Institution- Corporation", "moneyText": "", "startDate": "2019-03-01", "ownership": "D"}, {"maxAge": 1, "shares": 5000, "filerUrl": "", "transactionText": "", "filerName": "Agro Tech ESOP Trust", "filerRelation": "Institution- Corporation", "moneyText": "", "startDate": "2019-02-01", "ownership": "D"}, {"maxAge": 1, "shares": 18000, "filerUrl": "", "transactionText": "", "filerName": "Agro Tech ESOP Trust", "filerRelation": "Institution- Corporation", "moneyText": "", "startDate": "2018-12-28", "ownership": "D"}, {"maxAge": 1, "shares": 21300, "filerUrl": "", "transactionText": "", "filerName": "Agro Tech ESOP Trust", "filerRelation": "Institution- Corporation", "moneyText": "", "startDate": "2018-12-21", "ownership": "D"}, {"maxAge": 1, "shares": 5700, "filerUrl": "", "transactionText": "", "filerName": "Agro Tech ESOP Trust", "filerRelation": "Institution- Corporation", "moneyText": "", "startDate": "2018-12-18", "ownership": "D"}, {"maxAge": 1, "shares": 9734, "filerUrl": "", "transactionText": "", "filerName": "Agro Tech ESOP Trust", "filerRelation": "Institution- Corporation", "moneyText": "", "startDate": "2018-11-19", "ownership": "D"}, {"maxAge": 1, "shares": 35500, "filerUrl": "", "transactionText": "", "filerName": "Agro Tech ESOP Trust", "filerRelation": "Institution- Corporation", "moneyText": "", "startDate": "2018-11-02", "ownership": "D"}], "maxAge": 1}, "quoteType": {"exchange": "BSE", "quoteType": "EQUITY", "symbol": "ATFL.BO", "underlyingSymbol": "ATFL.BO", "shortName": "AGRO TECH FOODS LTD.", "longName": "Agro Tech Foods Limited", "firstTradeDateEpochUtc": "2000-01-03 09:15:00", "timeZoneFullName": "Asia/Kolkata", "timeZoneShortName": "IST", "uuid": "90dc3bb9-e3b4-335f-a4bc-17f7e597755a", "messageBoardId": null, "gmtOffSetMilliseconds": 19800000, "maxAge": 1}, "incomeStatementHistory": {"incomeStatementHistory": [{"maxAge": 1, "endDate": "2020-03-31", "totalRevenue": 8354620000, "costOfRevenue": 5744110000, "grossProfit": 2610510000, "researchDevelopment": {}, "sellingGeneralAdministrative": 951250000, "nonRecurring": {}, "otherOperatingExpenses": 1072830000, "totalOperatingExpenses": 7963230000, "operatingIncome": 391390000, "totalOtherIncomeExpenseNet": 14960000, "ebit": 391390000, "interestExpense": -17680000, "incomeBeforeTax": 406350000, "incomeTaxExpense": 67870000, "minorityInterest": {}, "netIncomeFromContinuingOps": 338480000, "discontinuedOperations": {}, "extraordinaryItems": {}, "effectOfAccountingCharges": {}, "otherItems": {}, "netIncome": 338480000, "netIncomeApplicableToCommonShares": 338480000}, {"maxAge": 1, "endDate": "2019-03-31", "totalRevenue": 8236610000, "costOfRevenue": 5649850000, "grossProfit": 2586760000, "researchDevelopment": {}, "sellingGeneralAdministrative": 936200000, "nonRecurring": {}, "otherOperatingExpenses": 1000230000, "totalOperatingExpenses": 7759340000, "operatingIncome": 477270000, "totalOtherIncomeExpenseNet": 33900000, "ebit": 477270000, "interestExpense": -940000, "incomeBeforeTax": 511170000, "incomeTaxExpense": 168630000, "minorityInterest": {}, "netIncomeFromContinuingOps": 342540000, "discontinuedOperations": {}, "extraordinaryItems": {}, "effectOfAccountingCharges": {}, "otherItems": {}, "netIncome": 342540000, "netIncomeApplicableToCommonShares": 342540000}, {"maxAge": 1, "endDate": "2018-03-31", "totalRevenue": 8109550000, "costOfRevenue": 5411930000, "grossProfit": 2697620000, "researchDevelopment": {}, "sellingGeneralAdministrative": 1107550000, "nonRecurring": {}, "otherOperatingExpenses": 928830000, "totalOperatingExpenses": 7627820000, "operatingIncome": 481730000, "totalOtherIncomeExpenseNet": 5860000, "ebit": 481730000, "interestExpense": -2530000, "incomeBeforeTax": 487590000, "incomeTaxExpense": 171960000, "minorityInterest": {}, "netIncomeFromContinuingOps": 315630000, "discontinuedOperations": {}, "extraordinaryItems": {}, "effectOfAccountingCharges": {}, "otherItems": {}, "netIncome": 315630000, "netIncomeApplicableToCommonShares": 315630000}, {"maxAge": 1, "endDate": "2017-03-31", "totalRevenue": 8082170000, "costOfRevenue": 5358220000, "grossProfit": 2723950000, "researchDevelopment": {}, "sellingGeneralAdministrative": 1170830000, "nonRecurring": {}, "otherOperatingExpenses": 941100000, "totalOperatingExpenses": 7635330000, "operatingIncome": 446840000, "totalOtherIncomeExpenseNet": -30000, "ebit": 446840000, "interestExpense": -44450000, "incomeBeforeTax": 446810000, "incomeTaxExpense": 170130000, "minorityInterest": {}, "netIncomeFromContinuingOps": 276680000, "discontinuedOperations": {}, "extraordinaryItems": {}, "effectOfAccountingCharges": {}, "otherItems": {}, "netIncome": 276680000, "netIncomeApplicableToCommonShares": 276680000}], "maxAge": 86400}, "fundOwnership": {"maxAge": 1, "ownershipList": []}, "summaryDetail": {"maxAge": 1, "priceHint": 2, "previousClose": 881.75, "open": 847.0, "dayLow": 817.0, "dayHigh": 857.7, "regularMarketPreviousClose": 881.75, "regularMarketOpen": 847.0, "regularMarketDayLow": 817.0, "regularMarketDayHigh": 857.7, "trailingPE": 50.608845, "forwardPE": 48.488506, "volume": 9000, "regularMarketVolume": 9000, "averageVolume": 3784, "averageVolume10days": 1417, "averageDailyVolume10Day": 1417, "bid": 841.0, "ask": 845.75, "bidSize": 0, "askSize": 0, "marketCap": 20560377856, "fiftyTwoWeekLow": 350.0, "fiftyTwoWeekHigh": 945.0, "fiftyDayAverage": 839.4871, "twoHundredDayAverage": 758.1438, "trailingAnnualDividendRate": 3.0, "trailingAnnualDividendYield": 0.0034023249, "currency": "INR", "fromCurrency": null, "toCurrency": null, "lastMarket": null, "algorithm": null, "tradeable": false}, "sectorTrend": {"maxAge": 1, "symbol": null, "estimates": []}, "incomeStatementHistoryQuarterly": {"incomeStatementHistory": [{"maxAge": 1, "endDate": "2020-06-30", "totalRevenue": 2033900000, "costOfRevenue": 1369200000, "grossProfit": 664700000, "researchDevelopment": {}, "sellingGeneralAdministrative": 183900000, "nonRecurring": {}, "otherOperatingExpenses": 270100000, "totalOperatingExpenses": 1866400000, "operatingIncome": 167500000, "totalOtherIncomeExpenseNet": -300000, "ebit": 167500000, "interestExpense": -4200000, "incomeBeforeTax": 167200000, "incomeTaxExpense": 41900000, "minorityInterest": {}, "netIncomeFromContinuingOps": 125300000, "discontinuedOperations": {}, "extraordinaryItems": {}, "effectOfAccountingCharges": {}, "otherItems": {}, "netIncome": 125300000, "netIncomeApplicableToCommonShares": 125300000}, {"maxAge": 1, "endDate": "2020-03-31", "totalRevenue": 2045020000, "costOfRevenue": 1468810000, "grossProfit": 576210000, "researchDevelopment": {}, "sellingGeneralAdministrative": 382150000, "nonRecurring": {}, "otherOperatingExpenses": 85830000, "totalOperatingExpenses": 1987830000, "operatingIncome": 57190000, "totalOtherIncomeExpenseNet": -1340000, "ebit": 57190000, "interestExpense": -4280000, "incomeBeforeTax": 55850000, "incomeTaxExpense": 16670000, "minorityInterest": {}, "netIncomeFromContinuingOps": 39180000, "discontinuedOperations": {}, "extraordinaryItems": {}, "effectOfAccountingCharges": {}, "otherItems": {}, "netIncome": 39180000, "netIncomeApplicableToCommonShares": 39180000}, {"maxAge": 1, "endDate": "2019-12-31", "totalRevenue": 2287200000, "costOfRevenue": 1600500000, "grossProfit": 686700000, "researchDevelopment": {}, "sellingGeneralAdministrative": 195800000, "nonRecurring": {}, "otherOperatingExpenses": 345400000, "totalOperatingExpenses": 2190400000, "operatingIncome": 96800000, "totalOtherIncomeExpenseNet": 3000000, "ebit": 96800000, "interestExpense": -4400000, "incomeBeforeTax": 99800000, "incomeTaxExpense": 24800000, "minorityInterest": {}, "netIncomeFromContinuingOps": 75000000, "discontinuedOperations": {}, "extraordinaryItems": {}, "effectOfAccountingCharges": {}, "otherItems": {}, "netIncome": 75000000, "netIncomeApplicableToCommonShares": 75000000}, {"maxAge": 1, "endDate": "2019-09-30", "totalRevenue": 2045500000, "costOfRevenue": 1345900000, "grossProfit": 699600000, "researchDevelopment": {}, "sellingGeneralAdministrative": 196600000, "nonRecurring": {}, "otherOperatingExpenses": 317100000, "totalOperatingExpenses": 1908100000, "operatingIncome": 137400000, "totalOtherIncomeExpenseNet": 6800000, "ebit": 137400000, "interestExpense": -4500000, "incomeBeforeTax": 144200000, "incomeTaxExpense": -9900000, "minorityInterest": {}, "netIncomeFromContinuingOps": 154100000, "discontinuedOperations": {}, "extraordinaryItems": {}, "effectOfAccountingCharges": {}, "otherItems": {}, "netIncome": 154100000, "netIncomeApplicableToCommonShares": 154100000}], "maxAge": 86400}, "cashflowStatementHistoryQuarterly": {"cashflowStatements": [{"maxAge": 1, "endDate": "2020-06-30", "netIncome": 125300000, "changeToLiabilities": 0}, {"maxAge": 1, "endDate": "2020-03-31", "netIncome": 39180000, "changeToLiabilities": 0}, {"maxAge": 1, "endDate": "2019-12-31", "netIncome": 75000000, "changeToLiabilities": 0}, {"maxAge": 1, "endDate": "2019-09-30", "netIncome": 154100000, "changeToLiabilities": 0}], "maxAge": 86400}, "insiderHolders": {"holders": [{"maxAge": 1, "name": "Agro Tech ESOP Trust", "relation": "UNREPORTED", "url": "", "transactionDescription": "Sale", "latestTransDate": "2020-09-18", "positionDirect": 709663, "positionDirectDate": "2020-09-18"}], "maxAge": 1}, "earnings": {"maxAge": 86400, "earningsChart": {"quarterly": [{"date": "4Q2017", "actual": 3.71, "estimate": 4.2}, {"date": "1Q2018", "actual": 3.21, "estimate": 3.35}, {"date": "2Q2018", "actual": 2.78, "estimate": 2.7}, {"date": "3Q2018", "actual": 3.88, "estimate": 2.8}], "currentQuarterEstimateDate": "4Q", "currentQuarterEstimateYear": 2018, "earningsDate": ["2020-07-23 05:30:S"]}, "financialsChart": {"yearly": [{"date": 2017, "revenue": 8082170000, "earnings": 276680000}, {"date": 2018, "revenue": 8109550000, "earnings": 315630000}, {"date": 2019, "revenue": 8236610000, "earnings": 342540000}, {"date": 2020, "revenue": 8354620000, "earnings": 338480000}], "quarterly": [{"date": "3Q2019", "revenue": 2045500000, "earnings": 154100000}, {"date": "4Q2019", "revenue": 2287200000, "earnings": 75000000}, {"date": "1Q2020", "revenue": 2045020000, "earnings": 39180000}, {"date": "2Q2020", "revenue": 2033900000, "earnings": 125300000}]}, "financialCurrency": "INR"}, "calendarEvents": {"maxAge": 1, "earnings": {"earningsDate": ["2020-07-23 05:30:S"]}}, "price": {"maxAge": 1, "regularMarketChangePercent": -0.043152805, "regularMarketChange": -38.049988, "regularMarketTime": "2021-04-30 15:29:24", "priceHint": 2, "regularMarketPrice": 843.7, "regularMarketDayHigh": 857.7, "regularMarketDayLow": 817.0, "regularMarketVolume": 9000, "averageDailyVolume10Day": 1417, "averageDailyVolume3Month": 3784, "regularMarketPreviousClose": 881.75, "regularMarketSource": "FREE_REALTIME", "regularMarketOpen": 847.0, "exchange": "BSE", "exchangeName": "BSE", "exchangeDataDelayedBy": 0, "marketState": "CLOSED", "quoteType": "EQUITY", "symbol": "ATFL.BO", "underlyingSymbol": null, "shortName": "AGRO TECH FOODS LTD.", "longName": "Agro Tech Foods Limited", "currency": "INR", "quoteSourceName": "Delayed Quote", "currencySymbol": "\u20b9", "fromCurrency": null, "toCurrency": null, "lastMarket": null, "marketCap": 20560377856}, "balanceSheetHistory": {"balanceSheetStatements": [{"maxAge": 1, "endDate": "2020-03-31", "cash": 50540000, "shortTermInvestments": 7300000, "netReceivables": 863740000, "inventory": 779880000, "otherCurrentAssets": 235790000, "totalCurrentAssets": 2076490000, "longTermInvestments": 24780000, "propertyPlantEquipment": 2486440000, "intangibleAssets": 191820000, "otherAssets": 292640000, "deferredLongTermAssetCharges": 22970000, "totalAssets": 5072170000, "accountsPayable": 482710000, "shortLongTermDebt": 9400000, "otherCurrentLiab": 93450000, "longTermDebt": 37600000, "otherLiab": 112580000, "totalCurrentLiabilities": 689970000, "totalLiab": 984740000, "commonStock": 243690000, "retainedEarnings": 3315650000, "treasuryStock": -193200000, "capitalSurplus": 721290000, "otherStockholderEquity": 174210000, "totalStockholderEquity": 4087430000, "netTangibleAssets": 3895610000}, {"maxAge": 1, "endDate": "2019-03-31", "cash": 44280000, "shortTermInvestments": 1180000, "netReceivables": 954220000, "inventory": 840250000, "otherCurrentAssets": 160120000, "totalCurrentAssets": 2351400000, "longTermInvestments": 29280000, "propertyPlantEquipment": 1712250000, "intangibleAssets": 213930000, "otherAssets": 388460000, "deferredLongTermAssetCharges": 17630000, "totalAssets": 4695320000, "accountsPayable": 634940000, "otherCurrentLiab": 32440000, "otherLiab": 148960000, "totalCurrentLiabilities": 782460000, "totalLiab": 931420000, "commonStock": 243690000, "retainedEarnings": 3050290000, "treasuryStock": -251370000, "capitalSurplus": 721290000, "otherStockholderEquity": 185700000, "totalStockholderEquity": 3763900000, "netTangibleAssets": 3549970000}, {"maxAge": 1, "endDate": "2018-03-31", "cash": 86270000, "shortTermInvestments": 218000000, "netReceivables": 516510000, "inventory": 945250000, "otherCurrentAssets": 148600000, "totalCurrentAssets": 1915320000, "propertyPlantEquipment": 1844300000, "intangibleAssets": 240050000, "otherAssets": 367480000, "deferredLongTermAssetCharges": 8950000, "totalAssets": 4367150000, "accountsPayable": 651860000, "otherCurrentLiab": 40910000, "otherLiab": 153670000, "totalCurrentLiabilities": 816700000, "totalLiab": 970370000, "commonStock": 243690000, "retainedEarnings": 2777090000, "treasuryStock": -345290000, "capitalSurplus": 721290000, "otherStockholderEquity": 167530000, "totalStockholderEquity": 3396780000, "netTangibleAssets": 3156730000}, {"maxAge": 1, "endDate": "2017-03-31", "cash": 36970000, "shortTermInvestments": 40000, "netReceivables": 400070000, "inventory": 1161010000, "otherCurrentAssets": 71070000, "totalCurrentAssets": 1669850000, "propertyPlantEquipment": 1859020000, "intangibleAssets": 271010000, "otherAssets": 292970000, "totalAssets": 4092850000, "accountsPayable": 531650000, "otherCurrentLiab": 34040000, "otherLiab": 124810000, "totalCurrentLiabilities": 904830000, "totalLiab": 1029640000, "commonStock": 243690000, "retainedEarnings": 2500690000, "treasuryStock": -402460000, "capitalSurplus": 721290000, "otherStockholderEquity": 168870000, "totalStockholderEquity": 3063210000, "netTangibleAssets": 2792200000}], "maxAge": 86400}, "earningsTrend": {"trend": [{"maxAge": 1, "period": "0q", "endDate": "2018-12-31", "growth": {}, "earningsEstimate": {"avg": 0.0, "low": 0.0, "high": 0.0, "yearAgoEps": 3.71, "numberOfAnalysts": 0, "growth": {}}, "revenueEstimate": {"avg": 0, "low": 0, "high": 0, "numberOfAnalysts": 0, "yearAgoRevenue": {}, "growth": {}}, "epsTrend": {"current": 0.0, "7daysAgo": 0.0, "30daysAgo": 0.0, "60daysAgo": 0.0, "90daysAgo": 0.0}, "epsRevisions": {"upLast7days": 0, "upLast30days": 0, "downLast30days": 0, "downLast90days": {}}}, {"maxAge": 1, "period": "+1q", "endDate": "2019-03-31", "growth": {}, "earningsEstimate": {"avg": 0.0, "low": 0.0, "high": 0.0, "yearAgoEps": 3.21, "numberOfAnalysts": 0, "growth": {}}, "revenueEstimate": {"avg": 0, "low": 0, "high": 0, "numberOfAnalysts": 0, "yearAgoRevenue": {}, "growth": {}}, "epsTrend": {"current": 0.0, "7daysAgo": 0.0, "30daysAgo": 0.0, "60daysAgo": 0.0, "90daysAgo": 0.0}, "epsRevisions": {"upLast7days": 0, "upLast30days": 0, "downLast30days": 0, "downLast90days": {}}}, {"maxAge": 1, "period": "0y", "endDate": "2019-03-31", "growth": {}, "earningsEstimate": {"avg": 0.0, "low": 0.0, "high": 0.0, "yearAgoEps": {}, "numberOfAnalysts": 0, "growth": {}}, "revenueEstimate": {"avg": 8779330000, "low": 8763000000, "high": 8793000000, "numberOfAnalysts": 3, "yearAgoRevenue": 8117300000, "growth": 0.081999995}, "epsTrend": {"current": 0.0, "7daysAgo": 14.8, "30daysAgo": 14.8, "60daysAgo": 14.8, "90daysAgo": 14.8}, "epsRevisions": {"upLast7days": 0, "upLast30days": 0, "downLast30days": 0, "downLast90days": {}}}, {"maxAge": 1, "period": "+1y", "endDate": "2020-03-31", "growth": {}, "earningsEstimate": {"avg": 0.0, "low": 0.0, "high": 0.0, "yearAgoEps": {}, "numberOfAnalysts": 0, "growth": {}}, "revenueEstimate": {"avg": 9567000000, "low": 9521000000, "high": 9592000000, "numberOfAnalysts": 3, "yearAgoRevenue": 8779330000, "growth": 0.09}, "epsTrend": {"current": 0.0, "7daysAgo": 17.4, "30daysAgo": 17.4, "60daysAgo": 17.4, "90daysAgo": 17.4}, "epsRevisions": {"upLast7days": 0, "upLast30days": 0, "downLast30days": 0, "downLast90days": {}}}, {"maxAge": 1, "period": "+5y", "endDate": null, "growth": 0.18100001, "earningsEstimate": {"avg": {}, "low": {}, "high": {}, "yearAgoEps": {}, "numberOfAnalysts": {}, "growth": {}}, "revenueEstimate": {"avg": {}, "low": {}, "high": {}, "numberOfAnalysts": {}, "yearAgoRevenue": {}, "growth": {}}, "epsTrend": {"current": {}, "7daysAgo": {}, "30daysAgo": {}, "60daysAgo": {}, "90daysAgo": {}}, "epsRevisions": {"upLast7days": {}, "upLast30days": {}, "downLast30days": {}, "downLast90days": {}}}, {"maxAge": 1, "period": "-5y", "endDate": null, "growth": {}, "earningsEstimate": {"avg": {}, "low": {}, "high": {}, "yearAgoEps": {}, "numberOfAnalysts": {}, "growth": {}}, "revenueEstimate": {"avg": {}, "low": {}, "high": {}, "numberOfAnalysts": {}, "yearAgoRevenue": {}, "growth": {}}, "epsTrend": {"current": {}, "7daysAgo": {}, "30daysAgo": {}, "60daysAgo": {}, "90daysAgo": {}}, "epsRevisions": {"upLast7days": {}, "upLast30days": {}, "downLast30days": {}, "downLast90days": {}}}], "maxAge": 1}, "financialData": {"maxAge": 86400, "currentPrice": 843.7, "targetHighPrice": 700.0, "targetLowPrice": 570.0, "targetMeanPrice": 651.67, "targetMedianPrice": 685.0, "recommendationKey": "none", "numberOfAnalystOpinions": 3, "grossProfits": 2610510000, "financialCurrency": "INR"}}}