{"ATGL.NS": {"assetProfile": {"address1": "Adani Corporate House", "address2": "Shantigram S G Highway", "city": "Ahmedabad", "zip": "382421", "country": "India", "phone": "91 79 2754 1988", "fax": "91 79 2754 2988", "website": "http://www.adanigas.com", "industry": "Utilities\u2014Regulated Gas", "sector": "Utilities", "longBusinessSummary": "Adani Total Gas Limited distributes piped natural gas to industrial, commercial, and residential customers. The company also distributes compressed natural gas to the transportation sector; and supplies PNG to approximately 0.44 million customers through a connected pipeline network of approximately 7,600 km, including 470 km of steel and 7,130 km of polyethylene pipeline. It has gas distribution networks in Ahmedabad, Vadodara, Navsari, Porbandar, Barwala, Kheda, and Surendranagar in Gujarat; Udaipur in Rajasthan; Palwal, Mahendragarh, and Faridabad in Haryana; Khurja in Uttar Pradesh; and Bhind in Madhya Pradesh, India. As of March 31, 2020, the company had 115 CNG filling stations. The company was formerly known as Adani Gas Limited and changed its name to Adani Total Gas Limited in January 2021. Adani Total Gas Limited was founded in 2004 and is based in Ahmedabad, India.", "fullTimeEmployees": 390, "companyOfficers": [{"maxAge": 1, "name": "Mr. Suresh P. Manglani", "age": 55, "title": "Chief Exec. Officer", "yearBorn": 1965, "fiscalYear": 2020, "totalPay": 24300000, "exercisedValue": 0, "unexercisedValue": 0}, {"maxAge": 1, "name": "Mr. Parag  Parikh", "age": 44, "title": "Chief Financial Officer", "yearBorn": 1976, "fiscalYear": 2020, "totalPay": 28846000, "exercisedValue": 0, "unexercisedValue": 0}, {"maxAge": 1, "name": "Mr. Gunjan  Taunk", "title": "Company Sec. & Compliance Officer", "fiscalYear": 2019, "exercisedValue": 0, "unexercisedValue": 0}, {"maxAge": 1, "name": "Mr. Anirban  Kapat", "age": 47, "title": "Associate GM & Head of HR", "yearBorn": 1973, "exercisedValue": 0, "unexercisedValue": 0}, {"maxAge": 1, "name": "Mr. Peeyush  Tripathi", "age": 55, "title": "Sr. VP", "yearBorn": 1965, "exercisedValue": 0, "unexercisedValue": 0}, {"maxAge": 1, "name": "Mr. Bhashit  Dholakia", "age": 51, "title": "Sr. VP", "yearBorn": 1969, "exercisedValue": 0, "unexercisedValue": 0}], "compensationAsOfEpochDate": "2020-12-31 05:30:00", "maxAge": 86400}, "cashflowStatementHistory": {"cashflowStatements": [{"maxAge": 1, "endDate": "2020-03-31", "netIncome": 4363200000, "depreciation": 486500000, "changeToNetincome": -195200000, "changeToAccountReceivables": 139600000, "changeToLiabilities": -181400000, "changeToInventory": 26600000, "changeToOperatingActivities": -177700000, "totalCashFromOperatingActivities": 4485300000, "capitalExpenditures": -4418900000, "investments": -989900000, "otherCashflowsFromInvestingActivities": 795400000, "totalCashflowsFromInvestingActivities": -4609900000, "dividendsPaid": -549900000, "netBorrowings": 56800000, "otherCashflowsFromFinancingActivities": -88600000, "totalCashFromFinancingActivities": -581700000, "changeInCash": -706300000}, {"maxAge": 1, "endDate": "2019-03-31", "netIncome": 2287000000, "depreciation": 657000000, "changeToNetincome": 459400000, "changeToAccountReceivables": 439200000, "changeToLiabilities": -608900000, "changeToInventory": -18000000, "changeToOperatingActivities": 296200000, "totalCashFromOperatingActivities": 3561000000, "capitalExpenditures": -2406900000, "investments": -402800000, "otherCashflowsFromInvestingActivities": 10719800000, "totalCashflowsFromInvestingActivities": 7910100000, "dividendsPaid": -549900000, "netBorrowings": -9540300000, "otherCashflowsFromFinancingActivities": -1231100000, "totalCashFromFinancingActivities": -10771400000, "changeInCash": 699700000}, {"maxAge": 1, "endDate": "2018-03-31", "netIncome": 1619700000, "depreciation": 595500000, "changeToNetincome": 585600000, "changeToAccountReceivables": -875800000, "changeToLiabilities": 844300000, "changeToInventory": -34700000, "changeToOperatingActivities": 69200000, "totalCashFromOperatingActivities": 2768600000, "capitalExpenditures": -1400700000, "investments": -437600000, "otherCashflowsFromInvestingActivities": -8038200000, "totalCashflowsFromInvestingActivities": -9876500000, "dividendsPaid": -549900000, "netBorrowings": 8005300000, "otherCashflowsFromFinancingActivities": -216900000, "totalCashFromFinancingActivities": 7788400000, "changeInCash": 680500000}, {"maxAge": 1, "endDate": "2017-03-31", "netIncome": 1011916000, "depreciation": 561691000, "changeToNetincome": 810166000, "changeToAccountReceivables": -147986000, "changeToLiabilities": 82079000, "changeToInventory": 132000, "changeToOperatingActivities": 265764000, "totalCashFromOperatingActivities": 2583762000, "capitalExpenditures": -1258683000, "investments": -320583000, "otherCashflowsFromInvestingActivities": -1464542000, "totalCashflowsFromInvestingActivities": -3032517000, "dividendsPaid": -549900000, "netBorrowings": 743184000, "otherCashflowsFromFinancingActivities": -241443000, "totalCashFromFinancingActivities": 501741000, "changeInCash": 52985000}], "maxAge": 86400}, "institutionOwnership": {"maxAge": 1, "ownershipList": []}, "majorHoldersBreakdown": {"maxAge": 1, "insidersPercentHeld": 0.80757004, "institutionsPercentHeld": 0.10687, "institutionsFloatPercentHeld": 0.55537, "institutionsCount": 30}, "balanceSheetHistoryQuarterly": {"balanceSheetStatements": [{"maxAge": 1, "endDate": "2020-12-31", "totalStockholderEquity": 16439400000, "netTangibleAssets": 16112800000}, {"maxAge": 1, "endDate": "2020-09-30", "cash": 355100000, "shortTermInvestments": 412800000, "netReceivables": 1017300000, "inventory": 423700000, "otherCurrentAssets": 310300000, "totalCurrentAssets": 2519200000, "longTermInvestments": 7194100000, "propertyPlantEquipment": 16412600000, "goodWill": 254900000, "intangibleAssets": 71700000, "otherAssets": 963400000, "totalAssets": 27415900000, "accountsPayable": 1051600000, "otherCurrentLiab": 4747900000, "longTermDebt": 3367200000, "otherLiab": 1037200000, "totalCurrentLiabilities": 6267500000, "totalLiab": 10976500000, "commonStock": 1099800000, "treasuryStock": 15339600000, "otherStockholderEquity": 15339600000, "totalStockholderEquity": 16439400000, "netTangibleAssets": 16112800000}, {"maxAge": 1, "endDate": "2020-06-30", "totalStockholderEquity": 14708800000, "netTangibleAssets": 14378900000}, {"maxAge": 1, "endDate": "2020-03-31", "cash": 886200000, "shortTermInvestments": 300000, "netReceivables": 3980400000, "inventory": 413000000, "otherCurrentAssets": 118300000, "totalCurrentAssets": 5580700000, "longTermInvestments": 2815600000, "propertyPlantEquipment": 15070800000, "goodWill": 254900000, "intangibleAssets": 75000000, "otherAssets": 966200000, "totalAssets": 24763200000, "accountsPayable": 826100000, "shortLongTermDebt": 482100000, "otherCurrentLiab": 3824100000, "longTermDebt": 2975500000, "otherLiab": 956000000, "totalCurrentLiabilities": 5910900000, "totalLiab": 10054400000, "commonStock": 1099800000, "retainedEarnings": 12146900000, "treasuryStock": 1462100000, "otherStockholderEquity": 1462100000, "totalStockholderEquity": 14708800000, "netTangibleAssets": 14378900000}], "maxAge": 86400}, "indexTrend": {"maxAge": 1, "symbol": "SP5", "peRatio": 19.7411, "pegRatio": 1.34172, "estimates": [{"period": "0q", "growth": 0.549}, {"period": "+1q", "growth": 0.431}, {"period": "0y", "growth": 0.305}, {"period": "+1y", "growth": 0.109}, {"period": "+5y", "growth": 0.120865}, {"period": "-5y"}]}, "defaultKeyStatistics": {"maxAge": 1, "priceHint": 2, "enterpriseValue": 1265416273920, "profitMargins": 0.27997, "floatShares": 267534354, "sharesOutstanding": 1099810048, "heldPercentInsiders": 0.80757004, "heldPercentInstitutions": 0.10687, "beta": 1.255872, "category": null, "bookValue": 14.933, "priceToBook": 77.060875, "fundFamily": null, "legalType": null, "lastFiscalYearEnd": "2020-03-31 05:30:00", "nextFiscalYearEnd": "2022-03-31 05:30:00", "mostRecentQuarter": "2020-12-31 05:30:00", "earningsQuarterlyGrowth": 0.263, "netIncomeToCommon": 4405000192, "trailingEps": 4.007, "lastSplitFactor": null, "enterpriseToRevenue": 80.427, "enterpriseToEbitda": 197.802, "52WeekChange": 10.530561, "SandP52WeekChange": 0.48148263}, "summaryProfile": {"address1": "Adani Corporate House", "address2": "Shantigram S G Highway", "city": "Ahmedabad", "zip": "382421", "country": "India", "phone": "91 79 2754 1988", "fax": "91 79 2754 2988", "website": "http://www.adanigas.com", "industry": "Utilities\u2014Regulated Gas", "sector": "Utilities", "longBusinessSummary": "Adani Total Gas Limited distributes piped natural gas to industrial, commercial, and residential customers. The company also distributes compressed natural gas to the transportation sector; and supplies PNG to approximately 0.44 million customers through a connected pipeline network of approximately 7,600 km, including 470 km of steel and 7,130 km of polyethylene pipeline. It has gas distribution networks in Ahmedabad, Vadodara, Navsari, Porbandar, Barwala, Kheda, and Surendranagar in Gujarat; Udaipur in Rajasthan; Palwal, Mahendragarh, and Faridabad in Haryana; Khurja in Uttar Pradesh; and Bhind in Madhya Pradesh, India. As of March 31, 2020, the company had 115 CNG filling stations. The company was formerly known as Adani Gas Limited and changed its name to Adani Total Gas Limited in January 2021. Adani Total Gas Limited was founded in 2004 and is based in Ahmedabad, India.", "fullTimeEmployees": 390, "companyOfficers": [], "maxAge": 86400}, "netSharePurchaseActivity": {"maxAge": 1, "period": "6m", "buyInfoCount": 0, "buyInfoShares": 0, "sellInfoCount": 0, "netInfoCount": 0, "netInfoShares": 0, "netPercentInsiderShares": 0.0, "totalInsiderShares": 885716160}, "insiderTransactions": {"transactions": [{"maxAge": 1, "shares": 99491719, "filerUrl": "", "transactionText": "", "filerName": "Adani Tradeline, L.L.P.", "filerRelation": "Promoter", "moneyText": "", "startDate": "2020-02-28", "ownership": "D"}, {"maxAge": 1, "shares": 30249700, "filerUrl": "", "transactionText": "", "filerName": "Afro Asia Trade & Investments Ltd", "filerRelation": "Promoter", "moneyText": "", "startDate": "2020-02-28", "ownership": "D"}, {"maxAge": 1, "shares": 30249700, "filerUrl": "", "transactionText": "", "filerName": "Worldwide Emerging Market Holding Ltd", "filerRelation": "Promoter", "moneyText": "", "startDate": "2020-02-28", "ownership": "D"}, {"maxAge": 1, "shares": 217402326, "filerUrl": "", "transactionText": "", "filerName": "Adani (Gautam S & Rajesh S)", "filerRelation": "Promoter", "moneyText": "", "startDate": "2020-02-28", "ownership": "D"}, {"maxAge": 1, "shares": 3688000, "filerUrl": "", "transactionText": "", "filerName": "Flourishing Trade And Investment Ltd", "filerRelation": "Promoter", "moneyText": "", "startDate": "2020-02-28", "ownership": "D"}, {"maxAge": 1, "shares": 30249700, "filerUrl": "", "transactionText": "", "filerName": "Universal Trade & Investments Ltd", "filerRelation": "Promoter", "moneyText": "", "startDate": "2020-02-28", "ownership": "D"}, {"maxAge": 1, "shares": 411331145, "filerUrl": "", "transactionText": "", "filerName": "Total Holding  SAS", "filerRelation": "Institution- Corporation", "moneyText": "", "startDate": "2020-02-28", "ownership": "D"}, {"maxAge": 1, "shares": 34500, "filerUrl": "", "transactionText": "", "filerName": "Rameshchandra (Mahadevia Malay) HUF", "filerRelation": "UNREPORTED", "moneyText": "", "startDate": "2020-02-13", "ownership": "D"}, {"maxAge": 1, "shares": 35000, "filerUrl": "", "transactionText": "", "filerName": "Rameshchandra (Mahadevia Malay) HUF", "filerRelation": "UNREPORTED", "moneyText": "", "startDate": "2020-02-12", "ownership": "D"}, {"maxAge": 1, "shares": 3688000, "filerUrl": "", "transactionText": "", "filerName": "Flourishing Trade And Investment Ltd", "filerRelation": "Institution- Corporation", "moneyText": "", "startDate": "2019-02-19", "ownership": "D"}, {"maxAge": 1, "shares": 750000, "filerUrl": "", "transactionText": "", "filerName": "Adani (Gautam S)", "filerRelation": "UNREPORTED", "moneyText": "", "startDate": "2018-12-12", "ownership": "D"}, {"maxAge": 1, "shares": 100000, "filerUrl": "", "transactionText": "", "filerName": "Adani (Rahi R)", "filerRelation": "UNREPORTED", "moneyText": "", "startDate": "2018-12-12", "ownership": "D"}, {"maxAge": 1, "shares": 750000, "filerUrl": "", "transactionText": "", "filerName": "Adani (Rajesh S)", "filerRelation": "UNREPORTED", "moneyText": "", "startDate": "2018-12-12", "ownership": "D"}, {"maxAge": 1, "shares": 100000, "filerUrl": "", "transactionText": "", "filerName": "Adani (Vanshi R)", "filerRelation": "UNREPORTED", "moneyText": "", "startDate": "2018-12-12", "ownership": "D"}, {"maxAge": 1, "shares": 750000, "filerUrl": "", "transactionText": "", "filerName": "Adani (Rajesh S)", "filerRelation": "UNREPORTED", "moneyText": "", "startDate": "2018-12-06", "ownership": "D"}, {"maxAge": 1, "shares": 750000, "filerUrl": "", "transactionText": "", "filerName": "Adani (Gautam S)", "filerRelation": "UNREPORTED", "moneyText": "", "startDate": "2018-12-06", "ownership": "D"}, {"maxAge": 1, "shares": 1500000, "filerUrl": "", "transactionText": "", "filerName": "Adani (Gautam S & Rajesh S)", "filerRelation": "UNREPORTED", "moneyText": "", "startDate": "2018-12-06", "ownership": "D"}], "maxAge": 1}, "quoteType": {"exchange": "NSI", "quoteType": "EQUITY", "symbol": "ATGL.NS", "underlyingSymbol": "ATGL.NS", "shortName": "ADANI TOTAL GAS LIMITED", "longName": "Adani Total Gas Limited", "firstTradeDateEpochUtc": "2018-11-05 09:00:00", "timeZoneFullName": "Asia/Kolkata", "timeZoneShortName": "IST", "uuid": "676d3bb3-9aa4-3213-bf3c-69cffcfcdff4", "messageBoardId": "finmb_110011311", "gmtOffSetMilliseconds": 19800000, "maxAge": 1}, "incomeStatementHistory": {"incomeStatementHistory": [{"maxAge": 1, "endDate": "2020-03-31", "totalRevenue": 18745500000, "costOfRevenue": 10894000000, "grossProfit": 7851500000, "researchDevelopment": {}, "sellingGeneralAdministrative": 613500000, "nonRecurring": {}, "otherOperatingExpenses": 1287200000, "totalOperatingExpenses": 13304900000, "operatingIncome": 5440600000, "totalOtherIncomeExpenseNet": 34200000, "ebit": 5440600000, "interestExpense": -391300000, "incomeBeforeTax": 5474800000, "incomeTaxExpense": 1111600000, "minorityInterest": {}, "netIncomeFromContinuingOps": 4363200000, "discontinuedOperations": {}, "extraordinaryItems": {}, "effectOfAccountingCharges": {}, "otherItems": {}, "netIncome": 4363200000, "netIncomeApplicableToCommonShares": 4363200000}, {"maxAge": 1, "endDate": "2019-03-31", "totalRevenue": 17196900000, "costOfRevenue": 11156000000, "grossProfit": 6040900000, "researchDevelopment": {}, "sellingGeneralAdministrative": 536100000, "nonRecurring": {}, "otherOperatingExpenses": 952800000, "totalOperatingExpenses": 13313000000, "operatingIncome": 3883900000, "totalOtherIncomeExpenseNet": -318800000, "ebit": 3883900000, "interestExpense": -703600000, "incomeBeforeTax": 3565100000, "incomeTaxExpense": 1278100000, "minorityInterest": {}, "netIncomeFromContinuingOps": 2287000000, "discontinuedOperations": {}, "extraordinaryItems": {}, "effectOfAccountingCharges": {}, "otherItems": {}, "netIncome": 2287000000, "netIncomeApplicableToCommonShares": 2287000000}, {"maxAge": 1, "endDate": "2018-03-31", "totalRevenue": 13738500000, "costOfRevenue": 8928900000, "grossProfit": 4809600000, "researchDevelopment": {}, "sellingGeneralAdministrative": 434500000, "nonRecurring": {}, "otherOperatingExpenses": 721900000, "totalOperatingExpenses": 10690400000, "operatingIncome": 3048100000, "totalOtherIncomeExpenseNet": -484500000, "ebit": 3048100000, "interestExpense": -1174300000, "incomeBeforeTax": 2563600000, "incomeTaxExpense": 943900000, "minorityInterest": {}, "netIncomeFromContinuingOps": 1619700000, "discontinuedOperations": {}, "extraordinaryItems": {}, "effectOfAccountingCharges": {}, "otherItems": {}, "netIncome": 1619700000, "netIncomeApplicableToCommonShares": 1619700000}, {"maxAge": 1, "endDate": "2017-03-31", "totalRevenue": 10912692000, "costOfRevenue": 6943882000, "grossProfit": 3968810000, "researchDevelopment": {}, "sellingGeneralAdministrative": 455321000, "nonRecurring": {}, "otherOperatingExpenses": 692766000, "totalOperatingExpenses": 8647948000, "operatingIncome": 2264744000, "totalOtherIncomeExpenseNet": -703835000, "ebit": 2264744000, "interestExpense": -433910000, "incomeBeforeTax": 1560909000, "incomeTaxExpense": 548993000, "minorityInterest": {}, "netIncomeFromContinuingOps": 1011916000, "discontinuedOperations": {}, "extraordinaryItems": {}, "effectOfAccountingCharges": {}, "otherItems": {}, "netIncome": 1011916000, "netIncomeApplicableToCommonShares": 1011916000}], "maxAge": 86400}, "fundOwnership": {"maxAge": 1, "ownershipList": []}, "summaryDetail": {"maxAge": 1, "priceHint": 2, "previousClose": 1147.7, "open": 1139.95, "dayLow": 1129.0, "dayHigh": 1159.6, "regularMarketPreviousClose": 1147.7, "regularMarketOpen": 1139.95, "regularMarketDayLow": 1129.0, "regularMarketDayHigh": 1159.6, "exDividendDate": "2020-03-26 05:30:00", "payoutRatio": 0.0623, "beta": 1.255872, "trailingPE": 287.18494, "volume": 1275196, "regularMarketVolume": 1275196, "averageVolume": 2534088, "averageVolume10days": 1416412, "averageDailyVolume10Day": 1416412, "bid": 0.0, "ask": 0.0, "marketCap": 1265491247104, "fiftyTwoWeekLow": 96.6, "fiftyTwoWeekHigh": 1249.95, "priceToSalesTrailing12Months": 80.43189, "fiftyDayAverage": 1005.1125, "twoHundredDayAverage": 523.8972, "currency": "INR", "fromCurrency": null, "toCurrency": null, "lastMarket": null, "algorithm": null, "tradeable": false}, "incomeStatementHistoryQuarterly": {"incomeStatementHistory": [{"maxAge": 1, "endDate": "2020-12-31", "totalRevenue": 4961100000, "costOfRevenue": 2340300000, "grossProfit": 2620800000, "researchDevelopment": {}, "sellingGeneralAdministrative": 112100000, "nonRecurring": {}, "otherOperatingExpenses": 381100000, "totalOperatingExpenses": 2994200000, "operatingIncome": 1966900000, "totalOtherIncomeExpenseNet": -6100000, "ebit": 1966900000, "interestExpense": -101200000, "incomeBeforeTax": 1960800000, "incomeTaxExpense": 502100000, "minorityInterest": {}, "netIncomeFromContinuingOps": 1458700000, "discontinuedOperations": {}, "extraordinaryItems": {}, "effectOfAccountingCharges": {}, "otherItems": {}, "netIncome": 1458700000, "netIncomeApplicableToCommonShares": 1458700000}, {"maxAge": 1, "endDate": "2020-09-30", "totalRevenue": 4178600000, "costOfRevenue": 1572300000, "grossProfit": 2606300000, "researchDevelopment": {}, "sellingGeneralAdministrative": 124300000, "nonRecurring": {}, "otherOperatingExpenses": 386700000, "totalOperatingExpenses": 2233500000, "operatingIncome": 1945100000, "totalOtherIncomeExpenseNet": -134600000, "ebit": 1945100000, "interestExpense": -101500000, "incomeBeforeTax": 1810500000, "incomeTaxExpense": 467400000, "minorityInterest": {}, "netIncomeFromContinuingOps": 1343100000, "discontinuedOperations": {}, "extraordinaryItems": {}, "effectOfAccountingCharges": {}, "otherItems": {}, "netIncome": 1343100000, "netIncomeApplicableToCommonShares": 1343100000}, {"maxAge": 1, "endDate": "2020-06-30", "totalRevenue": 1971500000, "costOfRevenue": 754900000, "grossProfit": 1216600000, "researchDevelopment": {}, "sellingGeneralAdministrative": 133500000, "nonRecurring": {}, "otherOperatingExpenses": 309500000, "totalOperatingExpenses": 1340800000, "operatingIncome": 630700000, "totalOtherIncomeExpenseNet": -79100000, "ebit": 630700000, "interestExpense": -88600000, "incomeBeforeTax": 551600000, "incomeTaxExpense": 162500000, "minorityInterest": {}, "netIncomeFromContinuingOps": 389100000, "discontinuedOperations": {}, "extraordinaryItems": {}, "effectOfAccountingCharges": {}, "otherItems": {}, "netIncome": 389100000, "netIncomeApplicableToCommonShares": 389100000}, {"maxAge": 1, "endDate": "2020-03-31", "totalRevenue": 4622500000, "costOfRevenue": 2515600000, "grossProfit": 2106900000, "researchDevelopment": {}, "sellingGeneralAdministrative": 289200000, "nonRecurring": {}, "otherOperatingExpenses": 135000000, "totalOperatingExpenses": 3078500000, "operatingIncome": 1544000000, "totalOtherIncomeExpenseNet": 10400000, "ebit": 1544000000, "interestExpense": -81100000, "incomeBeforeTax": 1554400000, "incomeTaxExpense": 340300000, "minorityInterest": {}, "netIncomeFromContinuingOps": 1214100000, "discontinuedOperations": {}, "extraordinaryItems": {}, "effectOfAccountingCharges": {}, "otherItems": {}, "netIncome": 1214100000, "netIncomeApplicableToCommonShares": 1214100000}], "maxAge": 86400}, "cashflowStatementHistoryQuarterly": {"cashflowStatements": [{"maxAge": 1, "endDate": "2020-12-31", "netIncome": 1458700000, "changeToLiabilities": 0}, {"maxAge": 1, "endDate": "2020-09-30", "netIncome": 1343100000, "changeToLiabilities": 0}, {"maxAge": 1, "endDate": "2020-06-30", "netIncome": 389100000, "changeToLiabilities": 0}, {"maxAge": 1, "endDate": "2020-03-31", "netIncome": 1214100000, "changeToLiabilities": 0}], "maxAge": 86400}, "insiderHolders": {"holders": [{"maxAge": 1, "name": "Adani (Gautam S & Rajesh S)", "relation": "Promoter", "url": "", "transactionDescription": "Sale", "latestTransDate": "2020-02-28", "positionDirect": 402295584, "positionDirectDate": "2020-02-28"}, {"maxAge": 1, "name": "Adani (Gautam S)", "relation": "UNREPORTED", "url": "", "transactionDescription": "Sale", "latestTransDate": "2018-12-12", "positionDirect": 1, "positionDirectDate": "2018-12-12"}, {"maxAge": 1, "name": "Adani (Rahi R)", "relation": "UNREPORTED", "url": "", "transactionDescription": "Purchase", "latestTransDate": "2018-12-12", "positionDirect": 100000, "positionDirectDate": "2018-12-12"}, {"maxAge": 1, "name": "Adani Tradeline, L.L.P.", "relation": "Promoter", "url": "", "transactionDescription": "Sale", "latestTransDate": "2020-02-28", "positionDirect": 0, "positionDirectDate": "2020-02-28"}, {"maxAge": 1, "name": "Afro Asia Trade & Investments Ltd", "relation": "Promoter", "url": "", "transactionDescription": "Sale", "latestTransDate": "2020-02-28", "positionDirect": 0, "positionDirectDate": "2020-02-28"}, {"maxAge": 1, "name": "Flourishing Trade And Investment Ltd", "relation": "Promoter", "url": "", "transactionDescription": "Sale", "latestTransDate": "2020-02-28", "positionDirect": 0, "positionDirectDate": "2020-02-28"}, {"maxAge": 1, "name": "Rameshchandra (Mahadevia Malay) HUF", "relation": "UNREPORTED", "url": "", "transactionDescription": "Acquisition", "latestTransDate": "2020-02-13", "positionDirect": 500, "positionDirectDate": "2020-02-13"}, {"maxAge": 1, "name": "Total Holding  SAS", "relation": "Institution- Corporation", "url": "", "transactionDescription": "Acquisition", "latestTransDate": "2020-02-28", "positionDirect": 411331740, "positionDirectDate": "2020-02-28"}, {"maxAge": 1, "name": "Universal Trade & Investments Ltd", "relation": "Promoter", "url": "", "transactionDescription": "Sale", "latestTransDate": "2020-02-28", "positionDirect": 0, "positionDirectDate": "2020-02-28"}, {"maxAge": 1, "name": "Worldwide Emerging Market Holding Ltd", "relation": "Promoter", "url": "", "transactionDescription": "Sale", "latestTransDate": "2020-02-28", "positionDirect": 0, "positionDirectDate": "2020-02-28"}], "maxAge": 1}, "calendarEvents": {"maxAge": 1, "earnings": {"earningsDate": ["2021-02-03 05:30:S"]}, "exDividendDate": "2020-03-26 05:30:00"}, "price": {"maxAge": 1, "regularMarketChangePercent": 0.0026575315, "regularMarketChange": 3.0500488, "regularMarketTime": "2021-04-30 15:30:00", "priceHint": 2, "regularMarketPrice": 1150.75, "regularMarketDayHigh": 1159.6, "regularMarketDayLow": 1129.0, "regularMarketVolume": 1275196, "averageDailyVolume10Day": 1416412, "averageDailyVolume3Month": 2534088, "regularMarketPreviousClose": 1147.7, "regularMarketSource": "FREE_REALTIME", "regularMarketOpen": 1139.95, "exchange": "NSI", "exchangeName": "NSE", "exchangeDataDelayedBy": 15, "marketState": "CLOSED", "quoteType": "EQUITY", "symbol": "ATGL.NS", "underlyingSymbol": null, "shortName": "ADANI TOTAL GAS LIMITED", "longName": "Adani Total Gas Limited", "currency": "INR", "quoteSourceName": "Delayed Quote", "currencySymbol": "\u20b9", "fromCurrency": null, "toCurrency": null, "lastMarket": null, "marketCap": 1265491247104}, "balanceSheetHistory": {"balanceSheetStatements": [{"maxAge": 1, "endDate": "2020-03-31", "cash": 886200000, "shortTermInvestments": 300000, "netReceivables": 3980400000, "inventory": 413000000, "otherCurrentAssets": 118300000, "totalCurrentAssets": 5580700000, "longTermInvestments": 2815600000, "propertyPlantEquipment": 15070800000, "goodWill": 254900000, "intangibleAssets": 75000000, "otherAssets": 966200000, "totalAssets": 24763200000, "accountsPayable": 826100000, "shortLongTermDebt": 482100000, "otherCurrentLiab": 3824100000, "longTermDebt": 2975500000, "otherLiab": 956000000, "totalCurrentLiabilities": 5910900000, "totalLiab": 10054400000, "commonStock": 1099800000, "retainedEarnings": 12146900000, "treasuryStock": 1462100000, "otherStockholderEquity": 1462100000, "totalStockholderEquity": 14708800000, "netTangibleAssets": 14378900000}, {"maxAge": 1, "endDate": "2019-03-31", "cash": 1592500000, "shortTermInvestments": 300000, "netReceivables": 4593400000, "inventory": 439600000, "otherCurrentAssets": 101400000, "totalCurrentAssets": 6735600000, "longTermInvestments": 1759700000, "propertyPlantEquipment": 11412700000, "goodWill": 254900000, "intangibleAssets": 38900000, "otherAssets": 279300000, "totalAssets": 20481100000, "accountsPayable": 1038500000, "shortLongTermDebt": 482100000, "otherCurrentLiab": 3242000000, "longTermDebt": 3457600000, "otherLiab": 1085600000, "totalCurrentLiabilities": 4918400000, "totalLiab": 9461600000, "commonStock": 1099800000, "retainedEarnings": 8457600000, "treasuryStock": 1462100000, "otherStockholderEquity": 1462100000, "totalStockholderEquity": 11019500000, "netTangibleAssets": 10725700000}, {"maxAge": 1, "endDate": "2018-03-31", "cash": 240300000, "shortTermInvestments": 657000000, "netReceivables": 5041800000, "inventory": 421600000, "otherCurrentAssets": 147700000, "totalCurrentAssets": 6509600000, "longTermInvestments": 1144900000, "propertyPlantEquipment": 9699900000, "goodWill": 254900000, "intangibleAssets": 30700000, "otherAssets": 10385400000, "totalAssets": 28025400000, "accountsPayable": 1371500000, "shortLongTermDebt": 1104400000, "otherCurrentLiab": 350100000, "longTermDebt": 12342600000, "otherLiab": 3344200000, "totalCurrentLiabilities": 3644500000, "totalLiab": 19331300000, "commonStock": 1099800000, "retainedEarnings": 6132200000, "treasuryStock": 1462100000, "otherStockholderEquity": 1462100000, "totalStockholderEquity": 8694100000, "netTangibleAssets": 8408500000}, {"maxAge": 1, "endDate": "2017-03-31", "cash": 156449000, "shortTermInvestments": 55522000, "netReceivables": 5420699000, "inventory": 386850000, "otherCurrentAssets": 301030000, "totalCurrentAssets": 6359351000, "longTermInvestments": 850000000, "propertyPlantEquipment": 8885484000, "goodWill": 254918000, "intangibleAssets": 44144000, "otherAssets": 204165000, "totalAssets": 16598062000, "accountsPayable": 526745000, "shortLongTermDebt": 584290000, "otherCurrentLiab": 407418000, "longTermDebt": 3206727000, "otherLiab": 2927505000, "totalCurrentLiabilities": 3315374000, "totalLiab": 9449606000, "commonStock": 2567420000, "retainedEarnings": 4581036000, "totalStockholderEquity": 7148456000, "netTangibleAssets": 6849394000}], "maxAge": 86400}, "financialData": {"maxAge": 86400, "currentPrice": 1150.75, "recommendationKey": "none", "totalCash": 767900032, "totalCashPerShare": 0.7, "ebitda": 6397374976, "totalDebt": 4079600128, "totalRevenue": 15733699584, "debtToEquity": 24.816, "revenuePerShare": 14.313, "grossProfits": 7851500000, "earningsGrowth": 0.267, "revenueGrowth": 0.014, "grossMargins": 0.54346, "ebitdaMargins": 0.4066, "operatingMargins": 0.38686, "profitMargins": 0.27997, "financialCurrency": "INR"}}}