{"ATHARVENT.BO": {"cashflowStatementHistory": {"cashflowStatements": [{"maxAge": 1, "endDate": "2020-03-31", "netIncome": 40933, "depreciation": 440369, "changeToNetincome": -9173602, "changeToAccountReceivables": -2249430, "changeToLiabilities": -2860415, "changeToOperatingActivities": -1589198, "totalCashFromOperatingActivities": -15391343, "investments": 7578624, "otherCashflowsFromInvestingActivities": 9582913, "totalCashflowsFromInvestingActivities": 14999918, "netBorrowings": 1382843, "otherCashflowsFromFinancingActivities": -785155, "totalCashFromFinancingActivities": 597688, "changeInCash": 206263}, {"maxAge": 1, "endDate": "2019-03-31", "netIncome": 213046, "depreciation": 466194, "changeToNetincome": -10851012, "changeToAccountReceivables": 12664925, "changeToLiabilities": -30137123, "changeToOperatingActivities": -2316508, "totalCashFromOperatingActivities": -29960478, "investments": 7731000, "otherCashflowsFromInvestingActivities": 10387444, "totalCashflowsFromInvestingActivities": 31830827, "netBorrowings": -1305497, "otherCashflowsFromFinancingActivities": -783295, "totalCashFromFinancingActivities": -2088792, "changeInCash": -218443}, {"maxAge": 1, "endDate": "2018-03-31", "netIncome": 1293959, "depreciation": 424284, "changeToNetincome": -3991869, "changeToAccountReceivables": 40806788, "changeToLiabilities": 34258965, "changeToOperatingActivities": -35823027, "totalCashFromOperatingActivities": 36969100, "capitalExpenditures": -8400, "investments": 707110, "otherCashflowsFromInvestingActivities": 12888627, "totalCashflowsFromInvestingActivities": 5482746, "netBorrowings": -1062000, "otherCashflowsFromFinancingActivities": 3046607, "totalCashFromFinancingActivities": 1984607, "changeInCash": 44436453}, {"maxAge": 1, "endDate": "2017-03-31", "netIncome": 2105426, "depreciation": 436722, "changeToNetincome": -12933060, "changeToAccountReceivables": 35925106, "changeToLiabilities": -32858730, "changeToOperatingActivities": -35823027, "totalCashFromOperatingActivities": -7324536, "capitalExpenditures": -6000, "investments": -2170610, "otherCashflowsFromInvestingActivities": 17167884, "totalCashflowsFromInvestingActivities": -6801965, "netBorrowings": 7651474, "otherCashflowsFromFinancingActivities": -261947, "totalCashFromFinancingActivities": 7389527, "changeInCash": -6736974}], "maxAge": 86400}, "institutionOwnership": {"maxAge": 1, "ownershipList": []}, "balanceSheetHistoryQuarterly": {"balanceSheetStatements": [{"maxAge": 1, "endDate": "2020-06-30", "totalStockholderEquity": 195448238, "netTangibleAssets": 195448238}, {"maxAge": 1, "endDate": "2020-03-31", "cash": 329567, "netReceivables": 2923582, "inventory": 4616405, "totalCurrentAssets": 43994554, "longTermInvestments": 76899835, "propertyPlantEquipment": 1280990, "otherAssets": 82913389, "totalAssets": 205088768, "accountsPayable": 1665000, "otherCurrentLiab": 14368, "longTermDebt": 7769162, "totalCurrentLiabilities": 1871368, "totalLiab": 9640530, "commonStock": 170000000, "retainedEarnings": 40933, "treasuryStock": 25407305, "otherStockholderEquity": 25407305, "totalStockholderEquity": 195448238, "netTangibleAssets": 195448238}, {"maxAge": 1, "endDate": "2019-12-31", "totalStockholderEquity": 195473101, "netTangibleAssets": 195473101}, {"maxAge": 1, "endDate": "2019-09-30", "cash": 498590, "shortTermInvestments": 32794835, "netReceivables": 793551, "inventory": 4616405, "otherCurrentAssets": 34625000, "totalCurrentAssets": 73328381, "longTermInvestments": 33331081, "propertyPlantEquipment": 1502203, "otherAssets": 98019175, "totalAssets": 206180840, "accountsPayable": 4169964, "otherCurrentLiab": 1394564, "longTermDebt": 5143211, "totalCurrentLiabilities": 5564528, "totalLiab": 10707739, "commonStock": 170000000, "treasuryStock": 25473101, "otherStockholderEquity": 25473101, "totalStockholderEquity": 195473101, "netTangibleAssets": 195473101}], "maxAge": 86400}, "indexTrend": {"maxAge": 1, "symbol": "SP5", "peRatio": 19.7411, "pegRatio": 1.34172, "estimates": [{"period": "0q", "growth": 0.549}, {"period": "+1q", "growth": 0.431}, {"period": "0y", "growth": 0.305}, {"period": "+1y", "growth": 0.109}, {"period": "+5y", "growth": 0.120859005}, {"period": "-5y"}]}, "insiderTransactions": {"transactions": [{"maxAge": 1, "shares": 25000, "filerUrl": "", "transactionText": "", "filerName": "Aman Shree Trading & Real Estates Pvt Ltd", "filerRelation": "Promoter", "moneyText": "", "startDate": "2019-01-11", "ownership": "D"}, {"maxAge": 1, "shares": 25000, "filerUrl": "", "transactionText": "", "filerName": "Aman Shree Trading & Real Estates Pvt Ltd", "filerRelation": "Promoter", "moneyText": "", "startDate": "2019-01-10", "ownership": "D"}, {"maxAge": 1, "shares": 10000, "filerUrl": "", "transactionText": "", "filerName": "Aman Shree Trading & Real Estates Pvt Ltd", "filerRelation": "Promoter", "moneyText": "", "startDate": "2019-01-09", "ownership": "D"}, {"maxAge": 1, "shares": 67820, "filerUrl": "", "transactionText": "", "filerName": "Aman Shree Trading & Real Estates Pvt Ltd", "filerRelation": "Promoter", "moneyText": "", "startDate": "2019-01-08", "ownership": "D"}, {"maxAge": 1, "shares": 75000, "filerUrl": "", "transactionText": "", "filerName": "Aman Shree Trading & Real Estates Pvt Ltd", "filerRelation": "Promoter", "moneyText": "", "startDate": "2019-01-04", "ownership": "D"}, {"maxAge": 1, "shares": 95000, "filerUrl": "", "transactionText": "", "filerName": "Aman Shree Trading & Real Estates Pvt Ltd", "filerRelation": "Promoter", "moneyText": "", "startDate": "2019-01-03", "ownership": "D"}, {"maxAge": 1, "shares": 281000, "filerUrl": "", "transactionText": "", "filerName": "Aman Shree Trading & Real Estates Pvt Ltd", "filerRelation": "Promoter", "moneyText": "", "startDate": "2019-01-02", "ownership": "D"}, {"maxAge": 1, "shares": 50000, "filerUrl": "", "transactionText": "", "filerName": "Aman Shree Trading & Real Estates Pvt Ltd", "filerRelation": "Promoter", "moneyText": "", "startDate": "2019-01-01", "ownership": "D"}, {"maxAge": 1, "shares": 17629375, "filerUrl": "", "transactionText": "", "filerName": "Aman Shree Trading & Real Estates Pvt Ltd", "filerRelation": "Promoter", "moneyText": "", "startDate": "2018-12-31", "ownership": "D"}], "maxAge": 1}, "quoteType": {"exchange": "BSE", "quoteType": "EQUITY", "symbol": "ATHARVENT.BO", "underlyingSymbol": "ATHARVENT.BO", "shortName": "ATHARV ENTERPRISES LTD.", "longName": "Atharv Enterprises Limited", "firstTradeDateEpochUtc": "2002-03-15 09:15:00", "timeZoneFullName": "Asia/Kolkata", "timeZoneShortName": "IST", "uuid": "72ccf335-5ef7-3898-9538-d7ada1ed2681", "messageBoardId": null, "gmtOffSetMilliseconds": 19800000, "maxAge": 1}, "incomeStatementHistory": {"incomeStatementHistory": [{"maxAge": 1, "endDate": "2020-03-31", "totalRevenue": 9973124, "costOfRevenue": 0, "grossProfit": 9973124, "researchDevelopment": {}, "sellingGeneralAdministrative": 6314298, "nonRecurring": {}, "otherOperatingExpenses": 2378001, "totalOperatingExpenses": 9132668, "operatingIncome": 840456, "totalOtherIncomeExpenseNet": -785155, "ebit": 840456, "interestExpense": -785155, "incomeBeforeTax": 55301, "incomeTaxExpense": 14368, "minorityInterest": {}, "netIncomeFromContinuingOps": 40933, "discontinuedOperations": {}, "extraordinaryItems": {}, "effectOfAccountingCharges": {}, "otherItems": {}, "netIncome": 40933, "netIncomeApplicableToCommonShares": 40933}, {"maxAge": 1, "endDate": "2019-03-31", "totalRevenue": 11013490, "costOfRevenue": 47037, "grossProfit": 10966453, "researchDevelopment": {}, "sellingGeneralAdministrative": 5332063, "nonRecurring": {}, "otherOperatingExpenses": 4065573, "totalOperatingExpenses": 9910867, "operatingIncome": 1102623, "totalOtherIncomeExpenseNet": -814723, "ebit": 1102623, "interestExpense": -814723, "incomeBeforeTax": 287900, "incomeTaxExpense": 74854, "minorityInterest": {}, "netIncomeFromContinuingOps": 213046, "discontinuedOperations": {}, "extraordinaryItems": {}, "effectOfAccountingCharges": {}, "otherItems": {}, "netIncome": 213046, "netIncomeApplicableToCommonShares": 213046}, {"maxAge": 1, "endDate": "2018-03-31", "totalRevenue": 11823851, "costOfRevenue": 0, "grossProfit": 11823851, "researchDevelopment": {}, "sellingGeneralAdministrative": 4121091, "nonRecurring": {}, "otherOperatingExpenses": 4343492, "totalOperatingExpenses": 8888867, "operatingIncome": 2934984, "totalOtherIncomeExpenseNet": -1017838, "ebit": 2934984, "interestExpense": -1017838, "incomeBeforeTax": 1917146, "incomeTaxExpense": 623187, "minorityInterest": {}, "netIncomeFromContinuingOps": 1293959, "discontinuedOperations": {}, "extraordinaryItems": {}, "effectOfAccountingCharges": {}, "otherItems": {}, "netIncome": 1293959, "netIncomeApplicableToCommonShares": 1293959}, {"maxAge": 1, "endDate": "2017-03-31", "totalRevenue": 13195007, "costOfRevenue": 152870, "grossProfit": 13042137, "researchDevelopment": {}, "sellingGeneralAdministrative": 5124455, "nonRecurring": {}, "otherOperatingExpenses": 3634307, "totalOperatingExpenses": 9348354, "operatingIncome": 3846653, "totalOtherIncomeExpenseNet": -296147, "ebit": 3846653, "interestExpense": -296146, "incomeBeforeTax": 3550506, "incomeTaxExpense": 1445080, "minorityInterest": {}, "netIncomeFromContinuingOps": 2105426, "discontinuedOperations": {}, "extraordinaryItems": {}, "effectOfAccountingCharges": {}, "otherItems": {}, "netIncome": 2105426, "netIncomeApplicableToCommonShares": 2105426}], "maxAge": 86400}, "fundOwnership": {"maxAge": 1, "ownershipList": []}, "summaryDetail": {"maxAge": 1, "priceHint": 4, "previousClose": 1.0, "open": 1.0, "dayLow": 1.0, "dayHigh": 1.0, "regularMarketPreviousClose": 1.0, "regularMarketOpen": 1.0, "regularMarketDayLow": 1.0, "regularMarketDayHigh": 1.0, "volume": 3515, "regularMarketVolume": 3515, "averageVolume": 39205, "averageVolume10days": 5768, "averageDailyVolume10Day": 5768, "bid": 0.0, "ask": 1.0, "bidSize": 0, "askSize": 0, "marketCap": 17000000, "fiftyTwoWeekLow": 0.36, "fiftyTwoWeekHigh": 1.26, "fiftyDayAverage": 1.0238235, "twoHundredDayAverage": 0.8090441, "currency": "INR", "fromCurrency": null, "toCurrency": null, "lastMarket": null, "algorithm": null, "tradeable": false}, "incomeStatementHistoryQuarterly": {"incomeStatementHistory": [{"maxAge": 1, "endDate": "2020-06-30", "totalRevenue": 1155459, "costOfRevenue": 0, "grossProfit": 1155459, "researchDevelopment": {}, "sellingGeneralAdministrative": 1175073, "nonRecurring": {}, "otherOperatingExpenses": 59683, "totalOperatingExpenses": 1340264, "operatingIncome": -184805, "totalOtherIncomeExpenseNet": -201212, "ebit": -184805, "interestExpense": -201212, "incomeBeforeTax": -386017, "incomeTaxExpense": 0, "minorityInterest": {}, "netIncomeFromContinuingOps": -386017, "discontinuedOperations": {}, "extraordinaryItems": {}, "effectOfAccountingCharges": {}, "otherItems": {}, "netIncome": -386017, "netIncomeApplicableToCommonShares": -386017}, {"maxAge": 1, "endDate": "2020-03-31", "totalRevenue": 2605629, "costOfRevenue": 0, "grossProfit": 2605629, "researchDevelopment": {}, "sellingGeneralAdministrative": 1787297, "nonRecurring": {}, "otherOperatingExpenses": 545370, "totalOperatingExpenses": 2445860, "operatingIncome": 159769, "totalOtherIncomeExpenseNet": -217404, "ebit": 159769, "interestExpense": -217404, "incomeBeforeTax": -57635, "incomeTaxExpense": -14979, "minorityInterest": {}, "netIncomeFromContinuingOps": -42656, "discontinuedOperations": {}, "extraordinaryItems": {}, "effectOfAccountingCharges": {}, "otherItems": {}, "netIncome": -42656, "netIncomeApplicableToCommonShares": -42656}, {"maxAge": 1, "endDate": "2019-12-31", "totalRevenue": 2978518, "costOfRevenue": 0, "grossProfit": 2978518, "researchDevelopment": {}, "sellingGeneralAdministrative": 1546089, "nonRecurring": {}, "otherOperatingExpenses": 1066026, "totalOperatingExpenses": 2720135, "operatingIncome": 258383, "totalOtherIncomeExpenseNet": -234353, "ebit": 258383, "interestExpense": -234353, "incomeBeforeTax": 24030, "incomeTaxExpense": 6237, "minorityInterest": {}, "netIncomeFromContinuingOps": 17793, "discontinuedOperations": {}, "extraordinaryItems": {}, "effectOfAccountingCharges": {}, "otherItems": {}, "netIncome": 17793, "netIncomeApplicableToCommonShares": 17793}, {"maxAge": 1, "endDate": "2019-09-30", "totalRevenue": 1913513, "costOfRevenue": 0, "grossProfit": 1913513, "researchDevelopment": {}, "sellingGeneralAdministrative": 1404000, "nonRecurring": {}, "otherOperatingExpenses": 196743, "totalOperatingExpenses": 1710321, "operatingIncome": 203192, "totalOtherIncomeExpenseNet": -159546, "ebit": 203192, "interestExpense": -159546, "incomeBeforeTax": 43646, "incomeTaxExpense": 11343, "minorityInterest": {}, "netIncomeFromContinuingOps": 32303, "discontinuedOperations": {}, "extraordinaryItems": {}, "effectOfAccountingCharges": {}, "otherItems": {}, "netIncome": 32303, "netIncomeApplicableToCommonShares": 32303}], "maxAge": 86400}, "cashflowStatementHistoryQuarterly": {"cashflowStatements": [{"maxAge": 1, "endDate": "2020-06-30", "netIncome": -386017, "changeToLiabilities": 0}, {"maxAge": 1, "endDate": "2020-03-31", "netIncome": -42656, "changeToLiabilities": 0}, {"maxAge": 1, "endDate": "2019-12-31", "netIncome": 17793, "changeToLiabilities": 0}, {"maxAge": 1, "endDate": "2019-09-30", "netIncome": 32303, "changeToLiabilities": 0}], "maxAge": 86400}, "insiderHolders": {"holders": [{"maxAge": 1, "name": "Aman Shree Trading & Real Estates Pvt Ltd", "relation": "Promoter", "url": "", "transactionDescription": "Sale", "latestTransDate": "2019-01-11", "positionDirect": 1117805, "positionDirectDate": "2019-01-11"}], "maxAge": 1}, "calendarEvents": {"maxAge": 1, "earnings": {"earningsDate": []}}, "price": {"maxAge": 1, "regularMarketChangePercent": 0.0, "regularMarketChange": 0.0, "regularMarketTime": "2021-04-30 15:14:13", "priceHint": 4, "regularMarketPrice": 1.0, "regularMarketDayHigh": 1.0, "regularMarketDayLow": 1.0, "regularMarketVolume": 3515, "averageDailyVolume10Day": 5768, "averageDailyVolume3Month": 39205, "regularMarketPreviousClose": 1.0, "regularMarketSource": "FREE_REALTIME", "regularMarketOpen": 1.0, "exchange": "BSE", "exchangeName": "BSE", "exchangeDataDelayedBy": 0, "marketState": "CLOSED", "quoteType": "EQUITY", "symbol": "ATHARVENT.BO", "underlyingSymbol": null, "shortName": "ATHARV ENTERPRISES LTD.", "longName": "Atharv Enterprises Limited", "currency": "INR", "quoteSourceName": "Delayed Quote", "currencySymbol": "\u20b9", "fromCurrency": null, "toCurrency": null, "lastMarket": null, "marketCap": 17000000}, "balanceSheetHistory": {"balanceSheetStatements": [{"maxAge": 1, "endDate": "2020-03-31", "cash": 329567, "netReceivables": 2923582, "inventory": 4616405, "totalCurrentAssets": 43994554, "longTermInvestments": 76899835, "propertyPlantEquipment": 1280990, "otherAssets": 82913389, "totalAssets": 205088768, "accountsPayable": 1665000, "otherCurrentLiab": 14368, "longTermDebt": 7769162, "totalCurrentLiabilities": 1871368, "totalLiab": 9640530, "commonStock": 170000000, "retainedEarnings": 40933, "treasuryStock": 25407305, "otherStockholderEquity": 25407305, "totalStockholderEquity": 195448238, "netTangibleAssets": 195448238}, {"maxAge": 1, "endDate": "2019-03-31", "cash": 123305, "netReceivables": 757972, "inventory": 4616405, "otherCurrentAssets": 35125000, "totalCurrentAssets": 40622682, "longTermInvestments": 87898185, "propertyPlantEquipment": 1721359, "otherAssets": 72676277, "totalAssets": 202918503, "otherCurrentLiab": 839878, "longTermDebt": 6386319, "totalCurrentLiabilities": 1124878, "totalLiab": 7511197, "commonStock": 170000000, "retainedEarnings": 213047, "treasuryStock": 25194259, "otherStockholderEquity": 25194259, "totalStockholderEquity": 195407306, "netTangibleAssets": 195407306}, {"maxAge": 1, "endDate": "2018-03-31", "cash": 341748, "netReceivables": 168904908, "inventory": 4616404, "totalCurrentAssets": 173903800, "longTermInvestments": 3894624, "propertyPlantEquipment": 2187553, "otherAssets": 58380685, "totalAssets": 238366662, "accountsPayable": 34093086, "otherCurrentLiab": 861250, "longTermDebt": 7691816, "otherLiab": 1, "totalCurrentLiabilities": 35480586, "totalLiab": 43172403, "commonStock": 170000000, "retainedEarnings": 25194259, "capitalSurplus": 14945300, "totalStockholderEquity": 195194259, "netTangibleAssets": 195194259}, {"maxAge": 1, "endDate": "2017-03-31", "cash": 730989, "netReceivables": 162416096, "inventory": 4616404, "otherCurrentAssets": 1, "totalCurrentAssets": 167830636, "longTermInvestments": 4601734, "propertyPlantEquipment": 2603437, "otherAssets": 72635460, "totalAssets": 247671267, "accountsPayable": 43066003, "otherCurrentLiab": 1353465, "longTermDebt": 8956156, "totalCurrentLiabilities": 44814811, "totalLiab": 53770967, "commonStock": 170000000, "retainedEarnings": 8955000, "capitalSurplus": 14945300, "totalStockholderEquity": 193900300, "netTangibleAssets": 193900300}], "maxAge": 86400}, "financialData": {"maxAge": 86400, "currentPrice": 1.0, "recommendationKey": "none", "grossProfits": 9973124, "financialCurrency": "INR"}}}