{"ATHENAGLO.BO": {"cashflowStatementHistory": {"cashflowStatements": [{"maxAge": 1, "endDate": "2020-03-31", "netIncome": -32682000, "depreciation": 35067000, "changeToNetincome": 81254000, "changeToAccountReceivables": -15587000, "changeToLiabilities": 2630000, "changeToInventory": -2290000, "changeToOperatingActivities": 20999000, "totalCashFromOperatingActivities": 89391000, "capitalExpenditures": -35837000, "investments": -24281000, "totalCashflowsFromInvestingActivities": -97951000, "netBorrowings": 54442000, "otherCashflowsFromFinancingActivities": -38292000, "totalCashFromFinancingActivities": 16150000, "changeInCash": 7590000}, {"maxAge": 1, "endDate": "2019-03-31", "netIncome": -10228000, "depreciation": 2497000, "changeToNetincome": 7254000, "changeToAccountReceivables": -22039000, "changeToLiabilities": 165000, "changeToInventory": -11635000, "changeToOperatingActivities": 22041000, "totalCashFromOperatingActivities": -11945000, "capitalExpenditures": -8441000, "investments": -2216000, "totalCashflowsFromInvestingActivities": -32731000, "netBorrowings": 46536000, "otherCashflowsFromFinancingActivities": -6953000, "totalCashFromFinancingActivities": 39583000, "changeInCash": -5093000}, {"maxAge": 1, "endDate": "2018-03-31", "netIncome": 3736000, "depreciation": 2640000, "changeToNetincome": 10890000, "changeToAccountReceivables": -20885000, "changeToLiabilities": 0, "changeToInventory": -11635000, "changeToOperatingActivities": 51314000, "totalCashFromOperatingActivities": 47695000, "capitalExpenditures": -1948000, "investments": 12172000, "otherCashflowsFromInvestingActivities": 1000, "totalCashflowsFromInvestingActivities": -33506000, "netBorrowings": -9052000, "otherCashflowsFromFinancingActivities": 280000, "totalCashFromFinancingActivities": -8772000, "changeInCash": 5417000}, {"maxAge": 1, "endDate": "2017-03-31", "netIncome": -34314320, "depreciation": 2689308, "changeToNetincome": 36892053, "changeToAccountReceivables": 7496549, "changeToLiabilities": 0, "changeToInventory": -11635000, "changeToOperatingActivities": -11813136, "totalCashFromOperatingActivities": 950454, "capitalExpenditures": -19415423, "investments": 100, "otherCashflowsFromInvestingActivities": 1000, "totalCashflowsFromInvestingActivities": -19415323, "netBorrowings": 11649350, "otherCashflowsFromFinancingActivities": 1973306, "totalCashFromFinancingActivities": 13622656, "changeInCash": -4842214}], "maxAge": 86400}, "institutionOwnership": {"ownershipList": [], "maxAge": 1}, "balanceSheetHistoryQuarterly": {"balanceSheetStatements": [{"maxAge": 1, "endDate": "2020-06-30", "totalStockholderEquity": -108540000, "netTangibleAssets": -214929000}, {"maxAge": 1, "endDate": "2020-03-31", "cash": 11773000, "netReceivables": 71202000, "inventory": 14217000, "otherCurrentAssets": 56702000, "totalCurrentAssets": 154831000, "propertyPlantEquipment": 43612000, "intangibleAssets": 106389000, "otherAssets": 33337000, "deferredLongTermAssetCharges": 6193000, "totalAssets": 338169000, "accountsPayable": 2802000, "shortLongTermDebt": 1623000, "otherCurrentLiab": 27528000, "longTermDebt": 7419000, "otherLiab": 263614000, "deferredLongTermLiab": 22085000, "minorityInterest": -16246000, "totalCurrentLiabilities": 191922000, "totalLiab": 462955000, "commonStock": 113586000, "retainedEarnings": -340792000, "treasuryStock": 21135000, "capitalSurplus": 97531000, "otherStockholderEquity": 21135000, "totalStockholderEquity": -108540000, "netTangibleAssets": -214929000}, {"maxAge": 1, "endDate": "2019-12-31", "totalStockholderEquity": -127867000, "netTangibleAssets": -214027000}, {"maxAge": 1, "endDate": "2019-09-30", "cash": 5195000, "netReceivables": 39139000, "inventory": 13276000, "otherCurrentAssets": 68722000, "totalCurrentAssets": 126332000, "propertyPlantEquipment": 43711000, "intangibleAssets": 86160000, "otherAssets": 51408000, "deferredLongTermAssetCharges": 3431000, "totalAssets": 307611000, "accountsPayable": 1735000, "otherCurrentLiab": 104388000, "longTermDebt": 2196000, "otherLiab": 267004000, "deferredLongTermLiab": 42924000, "minorityInterest": 11356000, "totalCurrentLiabilities": 154922000, "totalLiab": 424122000, "commonStock": 113586000, "treasuryStock": -241453000, "otherStockholderEquity": -241453000, "totalStockholderEquity": -127867000, "netTangibleAssets": -214027000}], "maxAge": 86400}, "indexTrend": {"maxAge": 1, "symbol": "SP5", "peRatio": 19.7411, "pegRatio": 1.34172, "estimates": [{"period": "0q", "growth": 0.549}, {"period": "+1q", "growth": 0.431}, {"period": "0y", "growth": 0.305}, {"period": "+1y", "growth": 0.109}, {"period": "+5y", "growth": 0.120859005}, {"period": "-5y"}]}, "insiderTransactions": {"transactions": [{"maxAge": 1, "shares": 510000, "filerUrl": "", "transactionText": "", "filerName": "Satyendra (M)", "filerRelation": "Chairman of the Board", "moneyText": "", "startDate": "2017-02-10", "ownership": "D"}, {"maxAge": 1, "shares": 1000000, "filerUrl": "", "transactionText": "", "filerName": "Satyendra (M)", "filerRelation": "Chairman of the Board", "moneyText": "", "startDate": "2016-05-30", "ownership": "D"}, {"maxAge": 1, "shares": 638979, "filerUrl": "", "transactionText": "", "filerName": "Satyendra (M)", "filerRelation": "Chairman of the Board", "moneyText": "", "startDate": "2016-01-01", "ownership": "D"}], "maxAge": 1}, "quoteType": {"exchange": "BSE", "quoteType": "EQUITY", "symbol": "ATHENAGLO.BO", "underlyingSymbol": "ATHENAGLO.BO", "shortName": "Athena Global Technologies Lim", "longName": "Athena Global Technologies Limited", "firstTradeDateEpochUtc": "2000-07-28 09:15:00", "timeZoneFullName": "Asia/Kolkata", "timeZoneShortName": "IST", "uuid": "f7d6110f-cb58-3d94-b5ff-e67a19e0820d", "gmtOffSetMilliseconds": 19800000, "maxAge": 1}, "incomeStatementHistory": {"incomeStatementHistory": [{"maxAge": 1, "endDate": "2020-03-31", "totalRevenue": 264082000, "costOfRevenue": 120077000, "grossProfit": 144005000, "researchDevelopment": {}, "sellingGeneralAdministrative": 14253000, "nonRecurring": {}, "otherOperatingExpenses": 90001000, "totalOperatingExpenses": 294852000, "operatingIncome": -30770000, "totalOtherIncomeExpenseNet": -11949000, "ebit": -30770000, "interestExpense": -14191000, "incomeBeforeTax": -42719000, "incomeTaxExpense": 14655000, "minorityInterest": -16246000, "netIncomeFromContinuingOps": -57374000, "discontinuedOperations": {}, "extraordinaryItems": {}, "effectOfAccountingCharges": {}, "otherItems": {}, "netIncome": -32682000, "netIncomeApplicableToCommonShares": -32682000}, {"maxAge": 1, "endDate": "2019-03-31", "totalRevenue": 141469000, "costOfRevenue": 62631000, "grossProfit": 78838000, "researchDevelopment": {}, "sellingGeneralAdministrative": 7024000, "nonRecurring": {}, "otherOperatingExpenses": 68319000, "totalOperatingExpenses": 140471000, "operatingIncome": 998000, "totalOtherIncomeExpenseNet": -6263000, "ebit": 998000, "interestExpense": -6302000, "incomeBeforeTax": -5265000, "incomeTaxExpense": 7401000, "minorityInterest": 8035000, "netIncomeFromContinuingOps": -12666000, "discontinuedOperations": {}, "extraordinaryItems": {}, "effectOfAccountingCharges": {}, "otherItems": {}, "netIncome": -10228000, "netIncomeApplicableToCommonShares": -10228000}, {"maxAge": 1, "endDate": "2018-03-31", "totalRevenue": 79855000, "costOfRevenue": 38027000, "grossProfit": 41828000, "researchDevelopment": {}, "sellingGeneralAdministrative": 6187000, "nonRecurring": {}, "otherOperatingExpenses": 53697000, "totalOperatingExpenses": 106225000, "operatingIncome": -26370000, "totalOtherIncomeExpenseNet": 25631000, "ebit": -26370000, "interestExpense": -858000, "incomeBeforeTax": -739000, "incomeTaxExpense": -4079000, "minorityInterest": 10251000, "netIncomeFromContinuingOps": 3340000, "discontinuedOperations": {}, "extraordinaryItems": {}, "effectOfAccountingCharges": {}, "otherItems": {}, "netIncome": 3736000, "netIncomeApplicableToCommonShares": 3736000}, {"maxAge": 1, "endDate": "2017-03-31", "totalRevenue": 105785570, "costOfRevenue": 80691201, "grossProfit": 25094369, "researchDevelopment": {}, "sellingGeneralAdministrative": 9125138, "nonRecurring": {}, "otherOperatingExpenses": 48850858, "totalOperatingExpenses": 141356505, "operatingIncome": -35570935, "totalOtherIncomeExpenseNet": 1444035, "ebit": -35570935, "interestExpense": -758158, "incomeBeforeTax": -34126900, "incomeTaxExpense": 187420, "minorityInterest": 100, "netIncomeFromContinuingOps": -34314320, "discontinuedOperations": {}, "extraordinaryItems": {}, "effectOfAccountingCharges": {}, "otherItems": {}, "netIncome": -34314320, "netIncomeApplicableToCommonShares": -34314320}], "maxAge": 86400}, "fundOwnership": {"ownershipList": [], "maxAge": 1}, "summaryDetail": {"maxAge": 1, "priceHint": 2, "previousClose": 31.55, "open": 32.5, "dayLow": 31.55, "dayHigh": 32.5, "regularMarketPreviousClose": 31.55, "regularMarketOpen": 32.5, "regularMarketDayLow": 31.55, "regularMarketDayHigh": 32.5, "volume": 200, "regularMarketVolume": 200, "averageVolume": 8858, "averageVolume10days": 11460, "averageDailyVolume10Day": 11460, "bid": 31.3, "ask": 0.0, "bidSize": 0, "askSize": 0, "marketCap": 358363808, "fiftyTwoWeekLow": 24.05, "fiftyTwoWeekHigh": 54.0, "fiftyDayAverage": 40.66212, "twoHundredDayAverage": 33.575367, "currency": "INR", "fromCurrency": null, "lastMarket": null, "algorithm": null, "tradeable": false}, "incomeStatementHistoryQuarterly": {"incomeStatementHistory": [{"maxAge": 1, "endDate": "2020-06-30", "totalRevenue": 38640000, "costOfRevenue": 33668000, "grossProfit": 4972000, "researchDevelopment": {}, "sellingGeneralAdministrative": {}, "nonRecurring": {}, "otherOperatingExpenses": 32704000, "totalOperatingExpenses": 72852000, "operatingIncome": -34212000, "totalOtherIncomeExpenseNet": -4536000, "ebit": -34212000, "interestExpense": -12405000, "incomeBeforeTax": -38748000, "incomeTaxExpense": 3152000, "minorityInterest": {}, "netIncomeFromContinuingOps": -41900000, "discontinuedOperations": {}, "extraordinaryItems": {}, "effectOfAccountingCharges": {}, "otherItems": {}, "netIncome": -41900000, "netIncomeApplicableToCommonShares": -41900000}, {"maxAge": 1, "endDate": "2020-03-31", "totalRevenue": 95633000, "costOfRevenue": 41601000, "grossProfit": 54032000, "researchDevelopment": {}, "sellingGeneralAdministrative": 14253000, "nonRecurring": {}, "otherOperatingExpenses": -1121000, "totalOperatingExpenses": 99043000, "operatingIncome": -3410000, "totalOtherIncomeExpenseNet": -2376000, "ebit": -3410000, "interestExpense": -12405000, "incomeBeforeTax": -5786000, "incomeTaxExpense": 4557000, "minorityInterest": -16246000, "netIncomeFromContinuingOps": -10343000, "discontinuedOperations": {}, "extraordinaryItems": {}, "effectOfAccountingCharges": {}, "otherItems": {}, "netIncome": 14349000, "netIncomeApplicableToCommonShares": 14349000}, {"maxAge": 1, "endDate": "2019-12-31", "totalRevenue": 70485000, "costOfRevenue": 29543000, "grossProfit": 40942000, "researchDevelopment": {}, "sellingGeneralAdministrative": 14253000, "nonRecurring": {}, "otherOperatingExpenses": 39167000, "totalOperatingExpenses": 77458000, "operatingIncome": -6973000, "totalOtherIncomeExpenseNet": -1910000, "ebit": -6973000, "interestExpense": -8766000, "incomeBeforeTax": -8883000, "incomeTaxExpense": 4935000, "minorityInterest": -16246000, "netIncomeFromContinuingOps": -13818000, "discontinuedOperations": {}, "extraordinaryItems": {}, "effectOfAccountingCharges": {}, "otherItems": {}, "netIncome": -13818000, "netIncomeApplicableToCommonShares": -13818000}, {"maxAge": 1, "endDate": "2019-09-30", "totalRevenue": 53989000, "costOfRevenue": 30016000, "grossProfit": 23973000, "researchDevelopment": {}, "sellingGeneralAdministrative": 14253000, "nonRecurring": {}, "otherOperatingExpenses": 25500000, "totalOperatingExpenses": 64382000, "operatingIncome": -10393000, "totalOtherIncomeExpenseNet": -8689000, "ebit": -10393000, "interestExpense": -13630000, "incomeBeforeTax": -19082000, "incomeTaxExpense": 2404000, "minorityInterest": 11356000, "netIncomeFromContinuingOps": -21486000, "discontinuedOperations": {}, "extraordinaryItems": {}, "effectOfAccountingCharges": {}, "otherItems": {}, "netIncome": -21486000, "netIncomeApplicableToCommonShares": -21486000}], "maxAge": 86400}, "cashflowStatementHistoryQuarterly": {"cashflowStatements": [{"maxAge": 1, "endDate": "2020-06-30", "netIncome": -41900000, "changeToLiabilities": 0}, {"maxAge": 1, "endDate": "2020-03-31", "netIncome": 14349000, "changeToLiabilities": 0}, {"maxAge": 1, "endDate": "2019-12-31", "netIncome": -13818000, "changeToLiabilities": 0}, {"maxAge": 1, "endDate": "2019-09-30", "netIncome": -21486000, "changeToLiabilities": 0}], "maxAge": 86400}, "insiderHolders": {"holders": [{"maxAge": 1, "name": "Satyendra (M)", "relation": "Chairman of the Board", "url": "", "transactionDescription": "Other", "latestTransDate": "2017-02-10", "positionDirect": 4479212, "positionDirectDate": "2017-02-10"}], "maxAge": 1}, "calendarEvents": {"maxAge": 1, "earnings": {"earningsDate": []}}, "upgradeDowngradeHistory": {"history": [], "maxAge": 86400}, "price": {"maxAge": 1, "regularMarketChangePercent": 0.0, "regularMarketChange": 0.0, "regularMarketTime": "2021-04-29 13:38:18", "priceHint": 2, "regularMarketPrice": 31.55, "regularMarketDayHigh": 32.5, "regularMarketDayLow": 31.55, "regularMarketVolume": 200, "averageDailyVolume10Day": 11460, "averageDailyVolume3Month": 8858, "regularMarketPreviousClose": 31.55, "regularMarketSource": "FREE_REALTIME", "regularMarketOpen": 32.5, "exchange": "BSE", "exchangeName": "BSE", "exchangeDataDelayedBy": 0, "marketState": "CLOSED", "quoteType": "EQUITY", "symbol": "ATHENAGLO.BO", "underlyingSymbol": null, "shortName": "Athena Global Technologies Lim", "longName": "Athena Global Technologies Limited", "currency": "INR", "quoteSourceName": "Delayed Quote", "currencySymbol": "\u20b9", "fromCurrency": null, "lastMarket": null, "marketCap": 358363808}, "balanceSheetHistory": {"balanceSheetStatements": [{"maxAge": 1, "endDate": "2020-03-31", "cash": 11773000, "netReceivables": 71202000, "inventory": 14217000, "otherCurrentAssets": 56702000, "totalCurrentAssets": 154831000, "propertyPlantEquipment": 43612000, "intangibleAssets": 106389000, "otherAssets": 33337000, "deferredLongTermAssetCharges": 6193000, "totalAssets": 338169000, "accountsPayable": 2802000, "shortLongTermDebt": 1623000, "otherCurrentLiab": 27528000, "longTermDebt": 7419000, "otherLiab": 263614000, "deferredLongTermLiab": 22085000, "minorityInterest": -16246000, "totalCurrentLiabilities": 191922000, "totalLiab": 462955000, "commonStock": 113586000, "retainedEarnings": -340792000, "treasuryStock": 21135000, "capitalSurplus": 97531000, "otherStockholderEquity": 21135000, "totalStockholderEquity": -108540000, "netTangibleAssets": -214929000}, {"maxAge": 1, "endDate": "2019-03-31", "cash": 4184000, "netReceivables": 54332000, "inventory": 11927000, "otherCurrentAssets": 51703000, "totalCurrentAssets": 123509000, "longTermInvestments": 5020000, "propertyPlantEquipment": 43711000, "intangibleAssets": 70867000, "otherAssets": 59961000, "deferredLongTermAssetCharges": 1822000, "totalAssets": 298048000, "accountsPayable": 165000, "shortLongTermDebt": 1731000, "otherCurrentLiab": 5045000, "longTermDebt": 2790000, "otherLiab": 259686000, "deferredLongTermLiab": 53119000, "minorityInterest": 8035000, "totalCurrentLiabilities": 119925000, "totalLiab": 382401000, "commonStock": 113586000, "retainedEarnings": -308111000, "treasuryStock": 4606000, "capitalSurplus": 97531000, "otherStockholderEquity": 4606000, "totalStockholderEquity": -92388000, "netTangibleAssets": -163255000}, {"maxAge": 1, "endDate": "2018-03-31", "cash": 9277000, "netReceivables": 41095000, "inventory": 292000, "otherCurrentAssets": 49302000, "totalCurrentAssets": 100782000, "propertyPlantEquipment": 43346000, "intangibleAssets": 45977000, "otherAssets": 39067000, "deferredLongTermAssetCharges": 7817000, "totalAssets": 229172000, "shortLongTermDebt": 1336000, "otherCurrentLiab": 18349000, "longTermDebt": 4522000, "otherLiab": 187181000, "deferredLongTermLiab": 26237000, "minorityInterest": 10251000, "totalCurrentLiabilities": 114614000, "totalLiab": 306317000, "commonStock": 109686000, "retainedEarnings": -297882000, "treasuryStock": 10289000, "capitalSurplus": 90511000, "otherStockholderEquity": 10289000, "totalStockholderEquity": -87396000, "netTangibleAssets": -133373000}, {"maxAge": 1, "endDate": "2017-03-31", "cash": 3859359, "netReceivables": 25306689, "otherCurrentAssets": 32095741, "totalCurrentAssets": 61733733, "propertyPlantEquipment": 44316320, "intangibleAssets": 17506576, "otherAssets": 18352150, "deferredLongTermAssetCharges": 3349967, "totalAssets": 141908779, "shortLongTermDebt": 1211754, "otherCurrentLiab": 12349962, "longTermDebt": 5857574, "otherLiab": 117387503, "deferredLongTermLiab": 9696479, "minorityInterest": 100, "totalCurrentLiabilities": 126302090, "totalLiab": 249547167, "commonStock": 103686000, "retainedEarnings": -301618988, "treasuryStock": 10583184, "capitalSurplus": 79711316, "otherStockholderEquity": 10583184, "totalStockholderEquity": -107638488, "netTangibleAssets": -125145064}], "maxAge": 86400}, "financialData": {"maxAge": 86400, "currentPrice": 31.55, "recommendationKey": "none", "grossProfits": 144005000, "financialCurrency": "INR"}}}