{"ATULAUTO.BO": {"recommendationTrend": {"trend": [{"period": "0m", "strongBuy": 0, "buy": 0, "hold": 0, "sell": 0, "strongSell": 0}, {"period": "-1m", "strongBuy": 0, "buy": 0, "hold": 0, "sell": 0, "strongSell": 0}, {"period": "-2m", "strongBuy": 0, "buy": 0, "hold": 0, "sell": 0, "strongSell": 0}, {"period": "-3m", "strongBuy": 0, "buy": 0, "hold": 0, "sell": 0, "strongSell": 0}], "maxAge": 86400}, "cashflowStatementHistory": {"cashflowStatements": [{"maxAge": 1, "endDate": "2020-03-31", "netIncome": 536000000, "depreciation": 62198000, "changeToNetincome": -55898000, "changeToAccountReceivables": 217000000, "changeToLiabilities": -264900000, "changeToInventory": 94200000, "changeToOperatingActivities": -14600000, "totalCashFromOperatingActivities": 574000000, "capitalExpenditures": -750200000, "investments": 99200000, "otherCashflowsFromInvestingActivities": 63500000, "totalCashflowsFromInvestingActivities": -583100000, "dividendsPaid": -60300000, "netBorrowings": 7400000, "otherCashflowsFromFinancingActivities": -21300000, "totalCashFromFinancingActivities": -74200000, "changeInCash": -83400000}, {"maxAge": 1, "endDate": "2019-03-31", "netIncome": 550500000, "depreciation": 53598000, "changeToNetincome": -29898000, "changeToAccountReceivables": -221300000, "changeToLiabilities": 77800000, "changeToInventory": -114100000, "changeToOperatingActivities": 35200000, "totalCashFromOperatingActivities": 351800000, "capitalExpenditures": -602500000, "investments": 386700000, "otherCashflowsFromInvestingActivities": -62700000, "totalCashflowsFromInvestingActivities": -276700000, "dividendsPaid": -115200000, "netBorrowings": 7400000, "otherCashflowsFromFinancingActivities": -30100000, "totalCashFromFinancingActivities": -145300000, "changeInCash": -70200000}, {"maxAge": 1, "endDate": "2018-03-31", "netIncome": 478920000, "depreciation": 51540000, "changeToNetincome": -31712000, "changeToAccountReceivables": -314874000, "changeToLiabilities": 134349000, "changeToInventory": -98013000, "changeToOperatingActivities": 40845000, "totalCashFromOperatingActivities": 261055000, "capitalExpenditures": -68499000, "investments": -324736000, "otherCashflowsFromInvestingActivities": 781000, "totalCashflowsFromInvestingActivities": -391828000, "dividendsPaid": -93266000, "netBorrowings": 7400000, "otherCashflowsFromFinancingActivities": -18986000, "totalCashFromFinancingActivities": -112252000, "effectOfExchangeRate": -40000, "changeInCash": -243066000}, {"maxAge": 1, "endDate": "2017-03-31", "netIncome": 367228000, "depreciation": 53008000, "changeToNetincome": -28169000, "changeToAccountReceivables": 286461000, "changeToLiabilities": -348000, "changeToInventory": -15106000, "changeToOperatingActivities": 44345000, "totalCashFromOperatingActivities": 711117000, "capitalExpenditures": -82123000, "investments": -210410000, "otherCashflowsFromInvestingActivities": 830000, "totalCashflowsFromInvestingActivities": -290408000, "dividendsPaid": -115209000, "netBorrowings": 7400000, "otherCashflowsFromFinancingActivities": -23454000, "totalCashFromFinancingActivities": -138663000, "effectOfExchangeRate": 858000, "changeInCash": 282904000}], "maxAge": 86400}, "institutionOwnership": {"maxAge": 1, "ownershipList": []}, "balanceSheetHistoryQuarterly": {"balanceSheetStatements": [{"maxAge": 1, "endDate": "2020-06-30", "totalStockholderEquity": 3078300000, "netTangibleAssets": 3078300000}, {"maxAge": 1, "endDate": "2020-03-31", "cash": 11300000, "shortTermInvestments": 9000000, "netReceivables": 819500000, "inventory": 480300000, "otherCurrentAssets": 23000000, "totalCurrentAssets": 1350500000, "longTermInvestments": 179300000, "propertyPlantEquipment": 2097900000, "otherAssets": 177100000, "totalAssets": 3804800000, "accountsPayable": 389300000, "otherCurrentLiab": 172300000, "otherLiab": 38800000, "totalCurrentLiabilities": 684600000, "totalLiab": 726600000, "commonStock": 109700000, "retainedEarnings": 2915400000, "treasuryStock": 5300000, "capitalSurplus": 47800000, "otherStockholderEquity": 5300000, "totalStockholderEquity": 3078200000, "netTangibleAssets": 3078200000}, {"maxAge": 1, "endDate": "2019-12-31", "totalStockholderEquity": 2878400000, "netTangibleAssets": 2878400000}, {"maxAge": 1, "endDate": "2019-09-30", "cash": 109600000, "shortTermInvestments": 172600000, "netReceivables": 1075300000, "inventory": 507300000, "otherCurrentAssets": 38000000, "totalCurrentAssets": 1902800000, "longTermInvestments": 172300000, "propertyPlantEquipment": 1608200000, "otherAssets": 270800000, "totalAssets": 3954100000, "accountsPayable": 631200000, "otherCurrentLiab": 376800000, "otherLiab": 46500000, "totalCurrentLiabilities": 1029200000, "totalLiab": 1075700000, "commonStock": 109700000, "treasuryStock": 2768700000, "otherStockholderEquity": 2768700000, "totalStockholderEquity": 2878400000, "netTangibleAssets": 2878400000}], "maxAge": 86400}, "earningsHistory": {"history": [{"maxAge": 1, "epsActual": 2.83, "epsEstimate": 3.1, "epsDifference": -0.27, "surprisePercent": -0.087, "quarter": "2017-03-31", "period": "-4q"}, {"maxAge": 1, "epsActual": 3.56, "epsEstimate": 3.1, "epsDifference": 0.46, "surprisePercent": 0.148, "quarter": "2017-06-30", "period": "-3q"}, {"maxAge": 1, "epsActual": 7.74, "epsEstimate": 6.4, "epsDifference": 1.34, "surprisePercent": 0.20899999, "quarter": "2017-09-30", "period": "-2q"}, {"maxAge": 1, "epsActual": 4.42, "epsEstimate": 5.6, "epsDifference": -1.18, "surprisePercent": -0.21100001, "quarter": "2017-12-31", "period": "-1q"}], "maxAge": 86400}, "indexTrend": {"maxAge": 1, "symbol": "SP5", "peRatio": 19.7411, "pegRatio": 1.34172, "estimates": [{"period": "0q", "growth": 0.549}, {"period": "+1q", "growth": 0.431}, {"period": "0y", "growth": 0.305}, {"period": "+1y", "growth": 0.109}, {"period": "+5y", "growth": 0.120865}, {"period": "-5y"}]}, "industryTrend": {"maxAge": 1, "symbol": null, "estimates": []}, "insiderTransactions": {"transactions": [{"maxAge": 1, "shares": 497957, "filerUrl": "", "transactionText": "", "filerName": "Birla Sun Life Trustee - Equity Fund", "filerRelation": "Investment Management Company", "moneyText": "", "startDate": "2020-08-25", "ownership": "D"}, {"maxAge": 1, "shares": 14157, "filerUrl": "", "transactionText": "", "filerName": "Kedia Securities Pvt Ltd", "filerRelation": "Promoter", "moneyText": "", "startDate": "2020-05-27", "ownership": "D"}, {"maxAge": 1, "shares": 14475, "filerUrl": "", "transactionText": "", "filerName": "Kedia Securities Pvt Ltd", "filerRelation": "Promoter", "moneyText": "", "startDate": "2020-05-19", "ownership": "D"}, {"maxAge": 1, "shares": 39429, "filerUrl": "", "transactionText": "", "filerName": "Kedia Securities Pvt Ltd", "filerRelation": "Promoter", "moneyText": "", "startDate": "2020-05-13", "ownership": "D"}], "maxAge": 1}, "quoteType": {"exchange": "BSE", "quoteType": "EQUITY", "symbol": "ATULAUTO.BO", "underlyingSymbol": "ATULAUTO.BO", "shortName": "ATUL AUTO LTD.", "longName": "Atul Auto Limited", "firstTradeDateEpochUtc": "2000-03-28 09:15:00", "timeZoneFullName": "Asia/Kolkata", "timeZoneShortName": "IST", "uuid": "e0747d90-553a-3e32-8a1a-54050836ff8f", "messageBoardId": null, "gmtOffSetMilliseconds": 19800000, "maxAge": 1}, "incomeStatementHistory": {"incomeStatementHistory": [{"maxAge": 1, "endDate": "2020-03-31", "totalRevenue": 6175100000, "costOfRevenue": 4556600000, "grossProfit": 1618500000, "researchDevelopment": 43400000, "sellingGeneralAdministrative": 685000000, "nonRecurring": {}, "otherOperatingExpenses": 185000000, "totalOperatingExpenses": 5532198000, "operatingIncome": 642902000, "totalOtherIncomeExpenseNet": 39498000, "ebit": 642902000, "interestExpense": -10300000, "incomeBeforeTax": 682400000, "incomeTaxExpense": 146400000, "minorityInterest": {}, "netIncomeFromContinuingOps": 536000000, "discontinuedOperations": {}, "extraordinaryItems": {}, "effectOfAccountingCharges": {}, "otherItems": {}, "netIncome": 536000000, "netIncomeApplicableToCommonShares": 536000000}, {"maxAge": 1, "endDate": "2019-03-31", "totalRevenue": 6613500000, "costOfRevenue": 4991200000, "grossProfit": 1622300000, "researchDevelopment": 20900000, "sellingGeneralAdministrative": 573000000, "nonRecurring": {}, "otherOperatingExpenses": 209300000, "totalOperatingExpenses": 5847998000, "operatingIncome": 765502000, "totalOtherIncomeExpenseNet": 73298000, "ebit": 765502000, "interestExpense": -8600000, "incomeBeforeTax": 838800000, "incomeTaxExpense": 288300000, "minorityInterest": {}, "netIncomeFromContinuingOps": 550500000, "discontinuedOperations": {}, "extraordinaryItems": {}, "effectOfAccountingCharges": {}, "otherItems": {}, "netIncome": 550500000, "netIncomeApplicableToCommonShares": 550500000}, {"maxAge": 1, "endDate": "2018-03-31", "totalRevenue": 5540717000, "costOfRevenue": 4091815000, "grossProfit": 1448902000, "researchDevelopment": 20900000, "sellingGeneralAdministrative": 473332000, "nonRecurring": {}, "otherOperatingExpenses": 248912000, "totalOperatingExpenses": 4864878000, "operatingIncome": 675839000, "totalOtherIncomeExpenseNet": 35494000, "ebit": 675839000, "interestExpense": -1597000, "incomeBeforeTax": 711333000, "incomeTaxExpense": 232413000, "minorityInterest": {}, "netIncomeFromContinuingOps": 478920000, "discontinuedOperations": {}, "extraordinaryItems": {}, "effectOfAccountingCharges": {}, "otherItems": {}, "netIncome": 478920000, "netIncomeApplicableToCommonShares": 478920000}, {"maxAge": 1, "endDate": "2017-03-31", "totalRevenue": 4737159000, "costOfRevenue": 3493259000, "grossProfit": 1243900000, "researchDevelopment": 20900000, "sellingGeneralAdministrative": 465966000, "nonRecurring": {}, "otherOperatingExpenses": 181042000, "totalOperatingExpenses": 4193108000, "operatingIncome": 544051000, "totalOtherIncomeExpenseNet": 13684000, "ebit": 544051000, "interestExpense": -3958000, "incomeBeforeTax": 557735000, "incomeTaxExpense": 190507000, "minorityInterest": {}, "netIncomeFromContinuingOps": 367228000, "discontinuedOperations": {}, "extraordinaryItems": {}, "effectOfAccountingCharges": {}, "otherItems": {}, "netIncome": 367228000, "netIncomeApplicableToCommonShares": 367228000}], "maxAge": 86400}, "fundOwnership": {"maxAge": 1, "ownershipList": []}, "summaryDetail": {"maxAge": 1, "priceHint": 2, "previousClose": 172.7, "open": 170.65, "dayLow": 169.85, "dayHigh": 194.25, "regularMarketPreviousClose": 172.7, "regularMarketOpen": 170.65, "regularMarketDayLow": 169.85, "regularMarketDayHigh": 194.25, "trailingPE": 11.285652, "forwardPE": 7.7169333, "volume": 114280, "regularMarketVolume": 114280, "averageVolume": 19581, "averageVolume10days": 14556, "averageDailyVolume10Day": 14556, "bid": 182.0, "ask": 184.0, "bidSize": 0, "askSize": 0, "marketCap": 4019994112, "fiftyTwoWeekLow": 117.0, "fiftyTwoWeekHigh": 243.25, "fiftyDayAverage": 183.85286, "twoHundredDayAverage": 175.87701, "trailingAnnualDividendRate": 4.0, "trailingAnnualDividendYield": 0.023161553, "currency": "INR", "fromCurrency": null, "toCurrency": null, "lastMarket": null, "algorithm": null, "tradeable": false}, "sectorTrend": {"maxAge": 1, "symbol": null, "estimates": []}, "incomeStatementHistoryQuarterly": {"incomeStatementHistory": [{"maxAge": 1, "endDate": "2020-06-30", "totalRevenue": 265500000, "costOfRevenue": 210400000, "grossProfit": 55100000, "researchDevelopment": 3200000, "sellingGeneralAdministrative": 77600000, "nonRecurring": {}, "otherOperatingExpenses": 46500000, "totalOperatingExpenses": 353900000, "operatingIncome": -88400000, "totalOtherIncomeExpenseNet": 4400000, "ebit": -88400000, "interestExpense": -3100000, "incomeBeforeTax": -84000000, "incomeTaxExpense": -20500000, "minorityInterest": {}, "netIncomeFromContinuingOps": -63500000, "discontinuedOperations": {}, "extraordinaryItems": {}, "effectOfAccountingCharges": {}, "otherItems": {}, "netIncome": -63500000, "netIncomeApplicableToCommonShares": -63500000}, {"maxAge": 1, "endDate": "2020-03-31", "totalRevenue": 1047600000, "costOfRevenue": 876600000, "grossProfit": 171000000, "researchDevelopment": 11600000, "sellingGeneralAdministrative": 269700000, "nonRecurring": {}, "otherOperatingExpenses": -160300000, "totalOperatingExpenses": 1011898000, "operatingIncome": 35702000, "totalOtherIncomeExpenseNet": 8798000, "ebit": 35702000, "interestExpense": -20500000, "incomeBeforeTax": 44500000, "incomeTaxExpense": 4700000, "minorityInterest": {}, "netIncomeFromContinuingOps": 39800000, "discontinuedOperations": {}, "extraordinaryItems": {}, "effectOfAccountingCharges": {}, "otherItems": {}, "netIncome": 39800000, "netIncomeApplicableToCommonShares": 39800000}, {"maxAge": 1, "endDate": "2019-12-31", "totalRevenue": 1928300000, "costOfRevenue": 1375300000, "grossProfit": 553000000, "researchDevelopment": 12800000, "sellingGeneralAdministrative": 141400000, "nonRecurring": {}, "otherOperatingExpenses": 126600000, "totalOperatingExpenses": 1672300000, "operatingIncome": 256000000, "totalOtherIncomeExpenseNet": 11000000, "ebit": 256000000, "interestExpense": -2100000, "incomeBeforeTax": 267000000, "incomeTaxExpense": 66700000, "minorityInterest": {}, "netIncomeFromContinuingOps": 200300000, "discontinuedOperations": {}, "extraordinaryItems": {}, "effectOfAccountingCharges": {}, "otherItems": {}, "netIncome": 200300000, "netIncomeApplicableToCommonShares": 200300000}, {"maxAge": 1, "endDate": "2019-09-30", "totalRevenue": 1721800000, "costOfRevenue": 1244100000, "grossProfit": 477700000, "researchDevelopment": 14100000, "sellingGeneralAdministrative": 141000000, "nonRecurring": {}, "otherOperatingExpenses": 121600000, "totalOperatingExpenses": 1536800000, "operatingIncome": 185000000, "totalOtherIncomeExpenseNet": 8100000, "ebit": 185000000, "interestExpense": -4600000, "incomeBeforeTax": 193100000, "incomeTaxExpense": 13400000, "minorityInterest": {}, "netIncomeFromContinuingOps": 179700000, "discontinuedOperations": {}, "extraordinaryItems": {}, "effectOfAccountingCharges": {}, "otherItems": {}, "netIncome": 179700000, "netIncomeApplicableToCommonShares": 179700000}], "maxAge": 86400}, "cashflowStatementHistoryQuarterly": {"cashflowStatements": [{"maxAge": 1, "endDate": "2020-06-30", "netIncome": -63500000, "changeToLiabilities": 0}, {"maxAge": 1, "endDate": "2020-03-31", "netIncome": 39800000, "changeToLiabilities": 0}, {"maxAge": 1, "endDate": "2019-12-31", "netIncome": 200300000, "changeToLiabilities": 0}, {"maxAge": 1, "endDate": "2019-09-30", "netIncome": 179700000, "changeToLiabilities": 0}], "maxAge": 86400}, "insiderHolders": {"holders": [{"maxAge": 1, "name": "Birla Sun Life Trustee - Equity Fund", "relation": "Investment Management Company", "url": "", "transactionDescription": "Sale", "latestTransDate": "2020-08-25", "positionDirect": 601665, "positionDirectDate": "2020-08-25"}, {"maxAge": 1, "name": "Kedia Securities Pvt Ltd", "relation": "Promoter", "url": "", "transactionDescription": "Acquisition", "latestTransDate": "2020-05-27", "positionDirect": 321512, "positionDirectDate": "2020-05-27"}], "maxAge": 1}, "earnings": {"maxAge": 86400, "earningsChart": {"quarterly": [{"date": "1Q2017", "actual": 2.83, "estimate": 3.1}, {"date": "2Q2017", "actual": 3.56, "estimate": 3.1}, {"date": "3Q2017", "actual": 7.74, "estimate": 6.4}, {"date": "4Q2017", "actual": 4.42, "estimate": 5.6}], "currentQuarterEstimateDate": "1Q", "currentQuarterEstimateYear": 2018, "earningsDate": []}, "financialsChart": {"yearly": [{"date": 2017, "revenue": 4737159000, "earnings": 367228000}, {"date": 2018, "revenue": 5540717000, "earnings": 478920000}, {"date": 2019, "revenue": 6613500000, "earnings": 550500000}, {"date": 2020, "revenue": 6175100000, "earnings": 536000000}], "quarterly": [{"date": "3Q2019", "revenue": 1721800000, "earnings": 179700000}, {"date": "4Q2019", "revenue": 1928300000, "earnings": 200300000}, {"date": "1Q2020", "revenue": 1047600000, "earnings": 39800000}, {"date": "2Q2020", "revenue": 265500000, "earnings": -63500000}]}, "financialCurrency": "INR"}, "calendarEvents": {"maxAge": 1, "earnings": {"earningsDate": [], "revenueLow": 1440000000, "revenueHigh": 1526000000}}, "price": {"maxAge": 1, "regularMarketChangePercent": 0.060799073, "regularMarketChange": 10.5, "regularMarketTime": "2021-04-30 15:29:55", "priceHint": 2, "regularMarketPrice": 183.2, "regularMarketDayHigh": 194.25, "regularMarketDayLow": 169.85, "regularMarketVolume": 114280, "averageDailyVolume10Day": 14556, "averageDailyVolume3Month": 19581, "regularMarketPreviousClose": 172.7, "regularMarketSource": "FREE_REALTIME", "regularMarketOpen": 170.65, "exchange": "BSE", "exchangeName": "BSE", "exchangeDataDelayedBy": 0, "marketState": "CLOSED", "quoteType": "EQUITY", "symbol": "ATULAUTO.BO", "underlyingSymbol": null, "shortName": "ATUL AUTO LTD.", "longName": "Atul Auto Limited", "currency": "INR", "quoteSourceName": "Delayed Quote", "currencySymbol": "\u20b9", "fromCurrency": null, "toCurrency": null, "lastMarket": null, "marketCap": 4019994112}, "balanceSheetHistory": {"balanceSheetStatements": [{"maxAge": 1, "endDate": "2020-03-31", "cash": 11300000, "shortTermInvestments": 9000000, "netReceivables": 819500000, "inventory": 480300000, "otherCurrentAssets": 23000000, "totalCurrentAssets": 1350500000, "longTermInvestments": 179300000, "propertyPlantEquipment": 2097900000, "otherAssets": 177100000, "totalAssets": 3804800000, "accountsPayable": 389300000, "otherCurrentLiab": 172300000, "otherLiab": 38800000, "totalCurrentLiabilities": 684600000, "totalLiab": 726600000, "commonStock": 109700000, "retainedEarnings": 2915400000, "treasuryStock": 5300000, "capitalSurplus": 47800000, "otherStockholderEquity": 5300000, "totalStockholderEquity": 3078200000, "netTangibleAssets": 3078200000}, {"maxAge": 1, "endDate": "2019-03-31", "cash": 94700000, "shortTermInvestments": 68900000, "netReceivables": 1024600000, "inventory": 574500000, "otherCurrentAssets": 25700000, "totalCurrentAssets": 1890500000, "longTermInvestments": 165700000, "propertyPlantEquipment": 1299600000, "otherAssets": 212500000, "totalAssets": 3568300000, "accountsPayable": 587800000, "otherCurrentLiab": 162300000, "otherLiab": 53900000, "totalCurrentLiabilities": 894900000, "totalLiab": 948800000, "commonStock": 109700000, "retainedEarnings": 2456700000, "treasuryStock": 5300000, "capitalSurplus": 47800000, "otherStockholderEquity": 5300000, "totalStockholderEquity": 2619500000, "netTangibleAssets": 2619500000}, {"maxAge": 1, "endDate": "2018-03-31", "cash": 164865000, "shortTermInvestments": 10095000, "netReceivables": 793045000, "inventory": 460349000, "otherCurrentAssets": 17628000, "totalCurrentAssets": 1905280000, "longTermInvestments": 147272000, "propertyPlantEquipment": 912885000, "otherAssets": 41861000, "totalAssets": 3007298000, "accountsPayable": 493977000, "otherCurrentLiab": 137423000, "otherLiab": 54822000, "totalCurrentLiabilities": 744300000, "totalLiab": 799122000, "commonStock": 109716000, "retainedEarnings": 2045339000, "treasuryStock": 5329000, "capitalSurplus": 47792000, "otherStockholderEquity": 5329000, "totalStockholderEquity": 2208176000, "netTangibleAssets": 2208176000}, {"maxAge": 1, "endDate": "2017-03-31", "cash": 407931000, "shortTermInvestments": 13134000, "netReceivables": 482863000, "inventory": 362337000, "otherCurrentAssets": 12585000, "totalCurrentAssets": 1441385000, "longTermInvestments": 76104000, "propertyPlantEquipment": 893371000, "otherAssets": 39568000, "totalAssets": 2450428000, "accountsPayable": 359627000, "otherCurrentLiab": 109947000, "otherLiab": 63491000, "totalCurrentLiabilities": 547114000, "totalLiab": 610605000, "commonStock": 109716000, "retainedEarnings": 1676986000, "treasuryStock": 5329000, "capitalSurplus": 47792000, "otherStockholderEquity": 5329000, "totalStockholderEquity": 1839823000, "netTangibleAssets": 1839823000}], "maxAge": 86400}, "earningsTrend": {"trend": [{"maxAge": 1, "period": "0q", "endDate": "2018-03-31", "growth": {}, "earningsEstimate": {"avg": 0.0, "low": 0.0, "high": 0.0, "yearAgoEps": 2.83, "numberOfAnalysts": 0, "growth": {}}, "revenueEstimate": {"avg": 0, "low": 1440000000, "high": 1526000000, "numberOfAnalysts": 6, "yearAgoRevenue": 1032800000, "growth": {}}, "epsTrend": {"current": 0.0, "7daysAgo": 6.25, "30daysAgo": 6.25, "60daysAgo": 6.25, "90daysAgo": 6.25}, "epsRevisions": {"upLast7days": 0, "upLast30days": 0, "downLast30days": 0, "downLast90days": {}}}, {"maxAge": 1, "period": "+1q", "endDate": "2018-06-30", "growth": {}, "earningsEstimate": {"avg": 0.0, "low": 0.0, "high": 0.0, "yearAgoEps": 3.56, "numberOfAnalysts": 0, "growth": {}}, "revenueEstimate": {"avg": 0, "low": 1348000000, "high": 1440000000, "numberOfAnalysts": 5, "yearAgoRevenue": 1165300000, "growth": {}}, "epsTrend": {"current": 0.0, "7daysAgo": 4.78, "30daysAgo": 4.78, "60daysAgo": 4.78, "90daysAgo": 4.78}, "epsRevisions": {"upLast7days": 0, "upLast30days": 0, "downLast30days": 0, "downLast90days": {}}}, {"maxAge": 1, "period": "0y", "endDate": "2018-03-31", "growth": {}, "earningsEstimate": {"avg": 0.0, "low": 0.0, "high": 0.0, "yearAgoEps": {}, "numberOfAnalysts": 0, "growth": {}}, "revenueEstimate": {"avg": 5559800000, "low": 5180000000, "high": 5642000000, "numberOfAnalysts": 9, "yearAgoRevenue": 4722000000, "growth": 0.177}, "epsTrend": {"current": 0.0, "7daysAgo": 21.26, "30daysAgo": 21.26, "60daysAgo": 21.26, "90daysAgo": 21.26}, "epsRevisions": {"upLast7days": 0, "upLast30days": 0, "downLast30days": 0, "downLast90days": {}}}, {"maxAge": 1, "period": "+1y", "endDate": "2019-03-31", "growth": {}, "earningsEstimate": {"avg": 0.0, "low": 0.0, "high": 0.0, "yearAgoEps": {}, "numberOfAnalysts": 0, "growth": {}}, "revenueEstimate": {"avg": 6365400000, "low": 6262630000, "high": 6522000000, "numberOfAnalysts": 8, "yearAgoRevenue": 5559800000, "growth": 0.145}, "epsTrend": {"current": 0.0, "7daysAgo": 23.74, "30daysAgo": 23.74, "60daysAgo": 23.74, "90daysAgo": 23.74}, "epsRevisions": {"upLast7days": 0, "upLast30days": 0, "downLast30days": 0, "downLast90days": {}}}, {"maxAge": 1, "period": "+5y", "endDate": null, "growth": 0.319, "earningsEstimate": {"avg": {}, "low": {}, "high": {}, "yearAgoEps": {}, "numberOfAnalysts": {}, "growth": {}}, "revenueEstimate": {"avg": {}, "low": {}, "high": {}, "numberOfAnalysts": {}, "yearAgoRevenue": {}, "growth": {}}, "epsTrend": {"current": {}, "7daysAgo": {}, "30daysAgo": {}, "60daysAgo": {}, "90daysAgo": {}}, "epsRevisions": {"upLast7days": {}, "upLast30days": {}, "downLast30days": {}, "downLast90days": {}}}, {"maxAge": 1, "period": "-5y", "endDate": null, "growth": {}, "earningsEstimate": {"avg": {}, "low": {}, "high": {}, "yearAgoEps": {}, "numberOfAnalysts": {}, "growth": {}}, "revenueEstimate": {"avg": {}, "low": {}, "high": {}, "numberOfAnalysts": {}, "yearAgoRevenue": {}, "growth": {}}, "epsTrend": {"current": {}, "7daysAgo": {}, "30daysAgo": {}, "60daysAgo": {}, "90daysAgo": {}}, "epsRevisions": {"upLast7days": {}, "upLast30days": {}, "downLast30days": {}, "downLast90days": {}}}], "maxAge": 1}, "financialData": {"maxAge": 86400, "currentPrice": 183.2, "targetHighPrice": 580.0, "targetLowPrice": 396.0, "targetMeanPrice": 466.86, "targetMedianPrice": 441.0, "recommendationKey": "none", "numberOfAnalystOpinions": 7, "grossProfits": 1618500000, "financialCurrency": "INR"}}}