{"ATUL.BO": {"recommendationTrend": {"trend": [{"period": "0m", "strongBuy": 0, "buy": 0, "hold": 0, "sell": 0, "strongSell": 0}, {"period": "-1m", "strongBuy": 0, "buy": 0, "hold": 0, "sell": 0, "strongSell": 0}, {"period": "-2m", "strongBuy": 0, "buy": 0, "hold": 0, "sell": 0, "strongSell": 0}, {"period": "-3m", "strongBuy": 0, "buy": 0, "hold": 0, "sell": 0, "strongSell": 0}], "maxAge": 86400}, "cashflowStatementHistory": {"cashflowStatements": [{"maxAge": 1, "endDate": "2020-03-31", "netIncome": 6664600000, "depreciation": 1289900000, "changeToNetincome": -809700000, "changeToAccountReceivables": -36400000, "changeToLiabilities": 1113000000, "changeToInventory": 46500000, "changeToOperatingActivities": 544300000, "totalCashFromOperatingActivities": 8813800000, "capitalExpenditures": -3739900000, "investments": -4372300000, "otherCashflowsFromInvestingActivities": 242500000, "totalCashflowsFromInvestingActivities": -7856600000, "dividendsPaid": -1515300000, "netBorrowings": 537000000, "otherCashflowsFromFinancingActivities": -127200000, "totalCashFromFinancingActivities": -1075900000, "effectOfExchangeRate": 4700000, "changeInCash": -114000000, "issuanceOfStock": 29600000}, {"maxAge": 1, "endDate": "2019-03-31", "netIncome": 4322300000, "depreciation": 1188600000, "changeToNetincome": -48600000, "changeToAccountReceivables": 115900000, "changeToLiabilities": -709100000, "changeToInventory": -1004000000, "changeToOperatingActivities": 170200000, "totalCashFromOperatingActivities": 4035800000, "capitalExpenditures": -2083500000, "investments": -2088500000, "otherCashflowsFromInvestingActivities": 99100000, "totalCashflowsFromInvestingActivities": -4074600000, "dividendsPaid": -412300000, "netBorrowings": 388500000, "otherCashflowsFromFinancingActivities": 12900000, "totalCashFromFinancingActivities": -10800000, "effectOfExchangeRate": -1200000, "changeInCash": -50800000, "issuanceOfStock": 100000}, {"maxAge": 1, "endDate": "2018-03-31", "netIncome": 2764800000, "depreciation": 1103700000, "changeToNetincome": 282800000, "changeToAccountReceivables": -1982900000, "changeToLiabilities": 1214600000, "changeToInventory": 78300000, "changeToOperatingActivities": 95700000, "totalCashFromOperatingActivities": 3557100000, "capitalExpenditures": -1430400000, "investments": -11200000, "otherCashflowsFromInvestingActivities": 142300000, "totalCashflowsFromInvestingActivities": -1301300000, "dividendsPaid": -381100000, "netBorrowings": -1517800000, "otherCashflowsFromFinancingActivities": -175100000, "totalCashFromFinancingActivities": -2074000000, "effectOfExchangeRate": 10500000, "changeInCash": 192300000, "issuanceOfStock": 100000}, {"maxAge": 1, "endDate": "2017-03-31", "netIncome": 3229700000, "depreciation": 953400000, "changeToNetincome": 284600000, "changeToAccountReceivables": -822000000, "changeToLiabilities": 223900000, "changeToInventory": -25300000, "changeToOperatingActivities": 72100000, "totalCashFromOperatingActivities": 3917400000, "capitalExpenditures": -2167100000, "investments": 195900000, "otherCashflowsFromInvestingActivities": -21200000, "totalCashflowsFromInvestingActivities": -1732100000, "dividendsPaid": -296700000, "netBorrowings": -1429200000, "otherCashflowsFromFinancingActivities": -392400000, "totalCashFromFinancingActivities": -2118300000, "effectOfExchangeRate": -13300000, "changeInCash": 53700000, "issuanceOfStock": 100000}], "maxAge": 86400}, "institutionOwnership": {"maxAge": 1, "ownershipList": []}, "balanceSheetHistoryQuarterly": {"balanceSheetStatements": [{"maxAge": 1, "endDate": "2020-06-30", "totalStockholderEquity": 31549000000, "netTangibleAssets": 31095100000}, {"maxAge": 1, "endDate": "2020-03-31", "cash": 353700000, "netReceivables": 8331600000, "inventory": 5033700000, "otherCurrentAssets": 143900000, "totalCurrentAssets": 20818100000, "longTermInvestments": 4856300000, "propertyPlantEquipment": 14296600000, "goodWill": 291400000, "intangibleAssets": 162500000, "otherAssets": 1079900000, "deferredLongTermAssetCharges": 69100000, "totalAssets": 41504800000, "accountsPayable": 4776300000, "shortLongTermDebt": 115000000, "otherCurrentLiab": 1538100000, "longTermDebt": 865800000, "otherLiab": 1441500000, "minorityInterest": 263700000, "totalCurrentLiabilities": 7317700000, "totalLiab": 9692100000, "commonStock": 296600000, "retainedEarnings": 26742500000, "treasuryStock": 4163300000, "capitalSurplus": 346600000, "otherStockholderEquity": 4163300000, "totalStockholderEquity": 31549000000, "netTangibleAssets": 31095100000}, {"maxAge": 1, "endDate": "2019-12-31", "totalStockholderEquity": 29264500000, "netTangibleAssets": 28765800000}, {"maxAge": 1, "endDate": "2019-09-30", "cash": 516600000, "shortTermInvestments": 4486500000, "netReceivables": 7733200000, "inventory": 5518600000, "otherCurrentAssets": 1549500000, "totalCurrentAssets": 19804400000, "longTermInvestments": 4599100000, "propertyPlantEquipment": 13003300000, "goodWill": 323100000, "intangibleAssets": 175600000, "otherAssets": 906100000, "deferredLongTermAssetCharges": 4900000, "totalAssets": 38811600000, "accountsPayable": 5145500000, "otherCurrentLiab": 1646900000, "longTermDebt": 834900000, "otherLiab": 1591800000, "minorityInterest": 262500000, "totalCurrentLiabilities": 6857900000, "totalLiab": 9284600000, "commonStock": 296600000, "treasuryStock": 28967900000, "otherStockholderEquity": 28967900000, "totalStockholderEquity": 29264500000, "netTangibleAssets": 28765800000}], "maxAge": 86400}, "earningsHistory": {"history": [{"maxAge": 1, "epsActual": 22.25, "epsEstimate": 22.9, "epsDifference": -0.65, "surprisePercent": -0.027999999, "quarter": "2017-12-31", "period": "-4q"}, {"maxAge": 1, "epsActual": 33.68, "epsEstimate": 25.5, "epsDifference": 8.18, "surprisePercent": 0.32099998, "quarter": "2018-03-31", "period": "-3q"}, {"maxAge": 1, "epsActual": 28.38, "epsEstimate": 30.0, "epsDifference": -1.62, "surprisePercent": -0.054, "quarter": "2018-06-30", "period": "-2q"}, {"maxAge": 1, "epsActual": 40.13, "epsEstimate": 31.1, "epsDifference": 9.03, "surprisePercent": 0.29, "quarter": "2018-09-30", "period": "-1q"}], "maxAge": 86400}, "indexTrend": {"maxAge": 1, "symbol": "SP5", "peRatio": 19.7411, "pegRatio": 1.34172, "estimates": [{"period": "0q", "growth": 0.549}, {"period": "+1q", "growth": 0.431}, {"period": "0y", "growth": 0.305}, {"period": "+1y", "growth": 0.109}, {"period": "+5y", "growth": 0.120865}, {"period": "-5y"}]}, "industryTrend": {"maxAge": 1, "symbol": null, "estimates": []}, "insiderTransactions": {"transactions": [{"maxAge": 1, "shares": 600, "value": 49788, "filerUrl": "", "transactionText": "Acquisition at price 82.98 per share.", "filerName": "Akshita Holdings Pvt Ltd", "filerRelation": "Institution- Corporation", "moneyText": "", "startDate": "2020-09-30", "ownership": "D"}, {"maxAge": 1, "shares": 200, "value": 16311, "filerUrl": "", "transactionText": "Acquisition at price 81.56 per share.", "filerName": "Akshita Holdings Pvt Ltd", "filerRelation": "Promoter", "moneyText": "", "startDate": "2020-09-28", "ownership": "D"}, {"maxAge": 1, "shares": 200, "value": 16116, "filerUrl": "", "transactionText": "Acquisition at price 80.58 per share.", "filerName": "Akshita Holdings Pvt Ltd", "filerRelation": "Promoter", "moneyText": "", "startDate": "2020-09-24", "ownership": "D"}, {"maxAge": 1, "shares": 100, "filerUrl": "", "transactionText": "", "filerName": "Adhinami Investments Pvt Ltd", "filerRelation": "Promoter", "moneyText": "", "startDate": "2020-03-18", "ownership": "D"}, {"maxAge": 1, "shares": 100, "filerUrl": "", "transactionText": "", "filerName": "Akshita Holdings Pvt Ltd", "filerRelation": "Promoter", "moneyText": "", "startDate": "2020-03-18", "ownership": "D"}, {"maxAge": 1, "shares": 742846, "filerUrl": "", "transactionText": "", "filerName": "Adhigam Investments Pvt Ltd", "filerRelation": "Promoter", "moneyText": "", "startDate": "2020-02-29", "ownership": "D"}, {"maxAge": 1, "shares": 185100, "filerUrl": "", "transactionText": "", "filerName": "AgriMore, Ltd.", "filerRelation": "Promoter", "moneyText": "", "startDate": "2020-02-29", "ownership": "D"}, {"maxAge": 1, "shares": 160, "filerUrl": "", "transactionText": "", "filerName": "Aayojan Resources Pvt Ltd", "filerRelation": "Promoter", "moneyText": "", "startDate": "2020-02-28", "ownership": "D"}, {"maxAge": 1, "shares": 150, "filerUrl": "", "transactionText": "", "filerName": "Aayojan Resources Pvt Ltd", "filerRelation": "Promoter", "moneyText": "", "startDate": "2020-02-25", "ownership": "D"}, {"maxAge": 1, "shares": 150, "filerUrl": "", "transactionText": "", "filerName": "Aayojan Resources Pvt Ltd", "filerRelation": "Promoter", "moneyText": "", "startDate": "2020-02-18", "ownership": "D"}, {"maxAge": 1, "shares": 150, "filerUrl": "", "transactionText": "", "filerName": "Adhinami Investments Pvt Ltd", "filerRelation": "Promoter", "moneyText": "", "startDate": "2020-02-11", "ownership": "D"}, {"maxAge": 1, "shares": 300, "filerUrl": "", "transactionText": "", "filerName": "Aayojan Resources Pvt Ltd", "filerRelation": "Promoter", "moneyText": "", "startDate": "2019-12-23", "ownership": "D"}, {"maxAge": 1, "shares": 300, "filerUrl": "", "transactionText": "", "filerName": "Adhinami Investments Pvt Ltd", "filerRelation": "Promoter", "moneyText": "", "startDate": "2019-12-03", "ownership": "D"}, {"maxAge": 1, "shares": 300, "filerUrl": "", "transactionText": "", "filerName": "Adhinami Investments Pvt Ltd", "filerRelation": "Promoter", "moneyText": "", "startDate": "2019-11-26", "ownership": "D"}, {"maxAge": 1, "shares": 200, "filerUrl": "", "transactionText": "", "filerName": "Adhinami Investments Pvt Ltd", "filerRelation": "Promoter", "moneyText": "", "startDate": "2019-11-11", "ownership": "D"}, {"maxAge": 1, "shares": 300, "filerUrl": "", "transactionText": "", "filerName": "Adhinami Investments Pvt Ltd", "filerRelation": "Promoter", "moneyText": "", "startDate": "2019-11-06", "ownership": "D"}, {"maxAge": 1, "shares": 300, "filerUrl": "", "transactionText": "", "filerName": "Adhinami Investments Pvt Ltd", "filerRelation": "Promoter", "moneyText": "", "startDate": "2019-09-20", "ownership": "D"}, {"maxAge": 1, "shares": 300, "filerUrl": "", "transactionText": "", "filerName": "Adhinami Investments Pvt Ltd", "filerRelation": "Promoter", "moneyText": "", "startDate": "2019-09-03", "ownership": "D"}, {"maxAge": 1, "shares": 300, "filerUrl": "", "transactionText": "", "filerName": "Adhinami Investments Pvt Ltd", "filerRelation": "Promoter", "moneyText": "", "startDate": "2019-08-28", "ownership": "D"}, {"maxAge": 1, "shares": 400, "filerUrl": "", "transactionText": "", "filerName": "Adhinami Investments Pvt Ltd", "filerRelation": "Promoter", "moneyText": "", "startDate": "2019-08-21", "ownership": "D"}, {"maxAge": 1, "shares": 300, "filerUrl": "", "transactionText": "", "filerName": "Akshita Holdings Pvt Ltd", "filerRelation": "Promoter", "moneyText": "", "startDate": "2019-08-16", "ownership": "D"}, {"maxAge": 1, "shares": 200, "filerUrl": "", "transactionText": "", "filerName": "Akshita Holdings Pvt Ltd", "filerRelation": "Promoter", "moneyText": "", "startDate": "2019-08-08", "ownership": "D"}, {"maxAge": 1, "shares": 7166, "filerUrl": "", "transactionText": "", "filerName": "Arvind Farms Pvt. Ltd.", "filerRelation": "Promoter", "moneyText": "", "startDate": "2019-08-05", "ownership": "D"}, {"maxAge": 1, "shares": 800, "filerUrl": "", "transactionText": "", "filerName": "Akshita Holdings Pvt Ltd", "filerRelation": "Promoter", "moneyText": "", "startDate": "2019-08-02", "ownership": "D"}, {"maxAge": 1, "shares": 6800, "filerUrl": "", "transactionText": "", "filerName": "Arvind Farms Pvt. Ltd.", "filerRelation": "Promoter", "moneyText": "", "startDate": "2019-07-31", "ownership": "D"}, {"maxAge": 1, "shares": 1350, "filerUrl": "", "transactionText": "", "filerName": "Arvind Farms Pvt. Ltd.", "filerRelation": "Promoter", "moneyText": "", "startDate": "2019-07-30", "ownership": "D"}, {"maxAge": 1, "shares": 200, "filerUrl": "", "transactionText": "", "filerName": "AgriMore, Ltd.", "filerRelation": "Promoter", "moneyText": "", "startDate": "2019-07-29", "ownership": "D"}, {"maxAge": 1, "shares": 150, "filerUrl": "", "transactionText": "", "filerName": "Aayojan Resources Pvt Ltd", "filerRelation": "Promoter", "moneyText": "", "startDate": "2019-06-26", "ownership": "D"}, {"maxAge": 1, "shares": 150, "filerUrl": "", "transactionText": "", "filerName": "Aayojan Resources Pvt Ltd", "filerRelation": "Promoter", "moneyText": "", "startDate": "2019-06-18", "ownership": "D"}, {"maxAge": 1, "shares": 200, "filerUrl": "", "transactionText": "", "filerName": "AgriMore, Ltd.", "filerRelation": "Promoter", "moneyText": "", "startDate": "2019-06-14", "ownership": "D"}, {"maxAge": 1, "shares": 200, "filerUrl": "", "transactionText": "", "filerName": "AgriMore, Ltd.", "filerRelation": "Promoter", "moneyText": "", "startDate": "2019-06-06", "ownership": "D"}, {"maxAge": 1, "shares": 800, "filerUrl": "", "transactionText": "", "filerName": "Srinivasa Rangan (V)", "filerRelation": "Non-Independent Executive Director", "moneyText": "", "startDate": "2019-06-06", "ownership": "D"}, {"maxAge": 1, "shares": 300, "filerUrl": "", "transactionText": "", "filerName": "Srinivasa Rangan (V)", "filerRelation": "Director (Non-Executive)", "moneyText": "", "startDate": "2019-06-04", "ownership": "D"}, {"maxAge": 1, "shares": 858, "filerUrl": "", "transactionText": "", "filerName": "Srinivasa Rangan (V)", "filerRelation": "Director (Non-Executive)", "moneyText": "", "startDate": "2019-06-03", "ownership": "D"}, {"maxAge": 1, "shares": 42, "filerUrl": "", "transactionText": "", "filerName": "Srinivasa Rangan (V)", "filerRelation": "Director (Non-Executive)", "moneyText": "", "startDate": "2019-05-31", "ownership": "D"}, {"maxAge": 1, "shares": 1000, "filerUrl": "", "transactionText": "", "filerName": "AgriMore, Ltd.", "filerRelation": "Promoter", "moneyText": "", "startDate": "2019-05-10", "ownership": "D"}, {"maxAge": 1, "shares": 1000, "filerUrl": "", "transactionText": "", "filerName": "AgriMore, Ltd.", "filerRelation": "Promoter", "moneyText": "", "startDate": "2019-05-02", "ownership": "D"}, {"maxAge": 1, "shares": 900, "filerUrl": "", "transactionText": "", "filerName": "AgriMore, Ltd.", "filerRelation": "Promoter", "moneyText": "", "startDate": "2019-02-22", "ownership": "D"}, {"maxAge": 1, "shares": 1023, "filerUrl": "", "transactionText": "", "filerName": "AgriMore, Ltd.", "filerRelation": "Promoter", "moneyText": "", "startDate": "2019-02-21", "ownership": "D"}, {"maxAge": 1, "shares": 777, "filerUrl": "", "transactionText": "", "filerName": "AgriMore, Ltd.", "filerRelation": "Promoter", "moneyText": "", "startDate": "2019-02-19", "ownership": "D"}, {"maxAge": 1, "shares": 300, "filerUrl": "", "transactionText": "", "filerName": "AgriMore, Ltd.", "filerRelation": "Promoter", "moneyText": "", "startDate": "2019-02-14", "ownership": "D"}, {"maxAge": 1, "shares": 250, "filerUrl": "", "transactionText": "", "filerName": "AgriMore, Ltd.", "filerRelation": "Promoter", "moneyText": "", "startDate": "2019-01-28", "ownership": "D"}, {"maxAge": 1, "shares": 307, "filerUrl": "", "transactionText": "", "filerName": "AgriMore, Ltd.", "filerRelation": "Promoter", "moneyText": "", "startDate": "2019-01-21", "ownership": "D"}, {"maxAge": 1, "shares": 200, "filerUrl": "", "transactionText": "", "filerName": "Aayojan Resources Pvt Ltd", "filerRelation": "Promoter", "moneyText": "", "startDate": "2018-12-11", "ownership": "D"}, {"maxAge": 1, "shares": 200, "filerUrl": "", "transactionText": "", "filerName": "Aayojan Resources Pvt Ltd", "filerRelation": "Promoter", "moneyText": "", "startDate": "2018-12-06", "ownership": "D"}, {"maxAge": 1, "shares": 400, "filerUrl": "", "transactionText": "", "filerName": "Aayojan Resources Pvt Ltd", "filerRelation": "Promoter", "moneyText": "", "startDate": "2018-11-29", "ownership": "D"}, {"maxAge": 1, "shares": 7854, "filerUrl": "", "transactionText": "", "filerName": "Ayohan Resources Pvt. Ltd.", "filerRelation": "Promoter", "moneyText": "", "startDate": "2018-11-21", "ownership": "D"}, {"maxAge": 1, "shares": 200, "filerUrl": "", "transactionText": "", "filerName": "Aagam Holding Pvt. Ltd.", "filerRelation": "Promoter", "moneyText": "", "startDate": "2018-11-12", "ownership": "D"}, {"maxAge": 1, "shares": 200, "filerUrl": "", "transactionText": "", "filerName": "Aagam Holding Pvt. Ltd.", "filerRelation": "Promoter", "moneyText": "", "startDate": "2018-11-07", "ownership": "D"}, {"maxAge": 1, "shares": 100, "filerUrl": "", "transactionText": "", "filerName": "Aagam Holding Pvt. Ltd.", "filerRelation": "Promoter", "moneyText": "", "startDate": "2018-11-01", "ownership": "D"}, {"maxAge": 1, "shares": 200, "filerUrl": "", "transactionText": "", "filerName": "Aagam Holding Pvt. Ltd.", "filerRelation": "Promoter", "moneyText": "", "startDate": "2018-10-31", "ownership": "D"}], "maxAge": 1}, "quoteType": {"exchange": "BSE", "quoteType": "EQUITY", "symbol": "ATUL.BO", "underlyingSymbol": "ATUL.BO", "shortName": "ATUL LTD.", "longName": "Atul Ltd", "firstTradeDateEpochUtc": "2000-01-03 09:15:00", "timeZoneFullName": "Asia/Kolkata", "timeZoneShortName": "IST", "uuid": "65f588bd-d121-33c7-8bc0-4f530a5cc704", "messageBoardId": null, "gmtOffSetMilliseconds": 19800000, "maxAge": 1}, "incomeStatementHistory": {"incomeStatementHistory": [{"maxAge": 1, "endDate": "2020-03-31", "totalRevenue": 40930600000, "costOfRevenue": 21015300000, "grossProfit": 19915300000, "researchDevelopment": {}, "sellingGeneralAdministrative": 3030900000, "nonRecurring": {}, "otherOperatingExpenses": 7804600000, "totalOperatingExpenses": 33199500000, "operatingIncome": 7731100000, "totalOtherIncomeExpenseNet": 723100000, "ebit": 7731100000, "interestExpense": -87800000, "incomeBeforeTax": 8454200000, "incomeTaxExpense": 1745100000, "minorityInterest": 263700000, "netIncomeFromContinuingOps": 6709100000, "discontinuedOperations": {}, "extraordinaryItems": {}, "effectOfAccountingCharges": {}, "otherItems": {}, "netIncome": 6664600000, "netIncomeApplicableToCommonShares": 6664600000}, {"maxAge": 1, "endDate": "2019-03-31", "totalRevenue": 40378100000, "costOfRevenue": 22152500000, "grossProfit": 18225600000, "researchDevelopment": {}, "sellingGeneralAdministrative": 2628800000, "nonRecurring": {}, "otherOperatingExpenses": 7907300000, "totalOperatingExpenses": 33880000000, "operatingIncome": 6498100000, "totalOtherIncomeExpenseNet": 305300000, "ebit": 6498100000, "interestExpense": -71900000, "incomeBeforeTax": 6803400000, "incomeTaxExpense": 2443200000, "minorityInterest": 238000000, "netIncomeFromContinuingOps": 4360200000, "discontinuedOperations": {}, "extraordinaryItems": {}, "effectOfAccountingCharges": {}, "otherItems": {}, "netIncome": 4322300000, "netIncomeApplicableToCommonShares": 4322300000}, {"maxAge": 1, "endDate": "2018-03-31", "totalRevenue": 32957700000, "costOfRevenue": 18856500000, "grossProfit": 14101200000, "researchDevelopment": {}, "sellingGeneralAdministrative": 2162400000, "nonRecurring": {}, "otherOperatingExpenses": 6878000000, "totalOperatingExpenses": 29003000000, "operatingIncome": 3954700000, "totalOtherIncomeExpenseNet": 167400000, "ebit": 3954700000, "interestExpense": -122500000, "incomeBeforeTax": 4122100000, "incomeTaxExpense": 1309700000, "minorityInterest": 200100000, "netIncomeFromContinuingOps": 2812400000, "discontinuedOperations": {}, "extraordinaryItems": {}, "effectOfAccountingCharges": {}, "otherItems": {}, "netIncome": 2764800000, "netIncomeApplicableToCommonShares": 2764800000}, {"maxAge": 1, "endDate": "2017-03-31", "totalRevenue": 28339400000, "costOfRevenue": 15111000000, "grossProfit": 13228400000, "researchDevelopment": {}, "sellingGeneralAdministrative": 2031100000, "nonRecurring": {}, "otherOperatingExpenses": 6023000000, "totalOperatingExpenses": 24140200000, "operatingIncome": 4199200000, "totalOtherIncomeExpenseNet": 261400000, "ebit": 4199200000, "interestExpense": -236200000, "incomeBeforeTax": 4460600000, "incomeTaxExpense": 1227100000, "minorityInterest": 152500000, "netIncomeFromContinuingOps": 3233500000, "discontinuedOperations": {}, "extraordinaryItems": {}, "effectOfAccountingCharges": {}, "otherItems": {}, "netIncome": 3229700000, "netIncomeApplicableToCommonShares": 3229700000}], "maxAge": 86400}, "fundOwnership": {"maxAge": 1, "ownershipList": [{"maxAge": 1, "reportDate": "2020-07-31", "organization": "iShares Core MSCI Emerging Markets ETF", "pctHeld": 0.0042, "position": 123162, "value": 621623246}, {"maxAge": 1, "reportDate": "2020-07-31", "organization": "DFA Emerging Markets Core Equity Portfolio", "pctHeld": 0.0038, "position": 111614, "value": 563338180}, {"maxAge": 1, "reportDate": "2020-07-31", "organization": "Goldman Sachs Emerging Markets Equity Fund", "pctHeld": 0.0033000002, "position": 97517, "value": 492187802}, {"maxAge": 1, "reportDate": "2020-07-31", "organization": "DFA Emerging Markets Small Cap Series", "pctHeld": 0.0025, "position": 73157, "value": 369238010}, {"maxAge": 1, "reportDate": "2020-08-31", "organization": "iShares MSCI India Small Cap ETF", "pctHeld": 0.0011, "position": 32032, "value": 185018433}, {"maxAge": 1, "reportDate": "2020-06-30", "organization": "College Retirement Equities Fund-Stock Account", "pctHeld": 0.0004, "position": 13221, "value": 60031933}, {"maxAge": 1, "reportDate": "2020-06-30", "organization": "Allianz Fds Multi Strategy Tr-AllianzGI NFJ Emerging Markets Value Fd", "pctHeld": 0.00029999999, "position": 10229, "value": 46446308}, {"maxAge": 1, "reportDate": "2020-08-31", "organization": "SPDR (R) Idx Shares-SPDR (R) Emerging Markets Small Cap ETF", "pctHeld": 0.00029999999, "position": 8276, "value": 47802589}, {"maxAge": 1, "reportDate": "2020-08-31", "organization": "SPDR Portfolio Emerging Markets ETF", "pctHeld": 0.0002, "position": 6659, "value": 38462716}, {"maxAge": 1, "reportDate": "2020-07-31", "organization": "Goldman Sachs Emerging Markets Equity Insights Fund", "pctHeld": 0.0002, "position": 5893, "value": 29743149}]}, "summaryDetail": {"maxAge": 1, "priceHint": 2, "previousClose": 8364.15, "open": 8457.0, "dayLow": 8020.0, "dayHigh": 8505.1, "regularMarketPreviousClose": 8364.15, "regularMarketOpen": 8457.0, "regularMarketDayLow": 8020.0, "regularMarketDayHigh": 8505.1, "trailingPE": 37.665558, "forwardPE": 49.181213, "volume": 4194, "regularMarketVolume": 4194, "averageVolume": 4781, "averageVolume10days": 2555, "averageDailyVolume10Day": 2555, "bid": 8087.85, "ask": 0.0, "bidSize": 0, "askSize": 0, "marketCap": 240032825344, "fiftyTwoWeekLow": 3256.6, "fiftyTwoWeekHigh": 8505.1, "fiftyDayAverage": 6533.1685, "twoHundredDayAverage": 6206.096, "trailingAnnualDividendRate": 15.0, "trailingAnnualDividendYield": 0.001793368, "currency": "INR", "fromCurrency": null, "toCurrency": null, "lastMarket": null, "algorithm": null, "tradeable": false}, "sectorTrend": {"maxAge": 1, "symbol": null, "estimates": []}, "incomeStatementHistoryQuarterly": {"incomeStatementHistory": [{"maxAge": 1, "endDate": "2020-06-30", "totalRevenue": 6605600000, "costOfRevenue": 3376600000, "grossProfit": 3229000000, "researchDevelopment": {}, "sellingGeneralAdministrative": 740200000, "nonRecurring": {}, "otherOperatingExpenses": 902200000, "totalOperatingExpenses": 5350200000, "operatingIncome": 1255400000, "totalOtherIncomeExpenseNet": 382500000, "ebit": 1255400000, "interestExpense": -26700000, "incomeBeforeTax": 1637900000, "incomeTaxExpense": 458500000, "minorityInterest": {}, "netIncomeFromContinuingOps": 1179400000, "discontinuedOperations": {}, "extraordinaryItems": {}, "effectOfAccountingCharges": {}, "otherItems": {}, "netIncome": 1177800000, "netIncomeApplicableToCommonShares": 1177800000}, {"maxAge": 1, "endDate": "2020-03-31", "totalRevenue": 9654700000, "costOfRevenue": 3121200000, "grossProfit": 6533500000, "researchDevelopment": {}, "sellingGeneralAdministrative": 807000000, "nonRecurring": {}, "otherOperatingExpenses": 3786300000, "totalOperatingExpenses": 8098600000, "operatingIncome": 1556100000, "totalOtherIncomeExpenseNet": 328100000, "ebit": 1556100000, "interestExpense": -17400000, "incomeBeforeTax": 1884200000, "incomeTaxExpense": 459500000, "minorityInterest": 263700000, "netIncomeFromContinuingOps": 1424700000, "discontinuedOperations": {}, "extraordinaryItems": {}, "effectOfAccountingCharges": {}, "otherItems": {}, "netIncome": 1412500000, "netIncomeApplicableToCommonShares": 1412500000}, {"maxAge": 1, "endDate": "2019-12-31", "totalRevenue": 10414100000, "costOfRevenue": 5915800000, "grossProfit": 4498300000, "researchDevelopment": {}, "sellingGeneralAdministrative": 754200000, "nonRecurring": {}, "otherOperatingExpenses": 1251200000, "totalOperatingExpenses": 8245200000, "operatingIncome": 2168900000, "totalOtherIncomeExpenseNet": 100300000, "ebit": 2168900000, "interestExpense": -31400000, "incomeBeforeTax": 2269200000, "incomeTaxExpense": 572400000, "minorityInterest": 263700000, "netIncomeFromContinuingOps": 1696800000, "discontinuedOperations": {}, "extraordinaryItems": {}, "effectOfAccountingCharges": {}, "otherItems": {}, "netIncome": 1689100000, "netIncomeApplicableToCommonShares": 1689100000}, {"maxAge": 1, "endDate": "2019-09-30", "totalRevenue": 10456300000, "costOfRevenue": 6037100000, "grossProfit": 4419200000, "researchDevelopment": {}, "sellingGeneralAdministrative": 771200000, "nonRecurring": {}, "otherOperatingExpenses": 1403800000, "totalOperatingExpenses": 8535100000, "operatingIncome": 1921200000, "totalOtherIncomeExpenseNet": 202800000, "ebit": 1921200000, "interestExpense": -20300000, "incomeBeforeTax": 2124000000, "incomeTaxExpense": 23800000, "minorityInterest": 262500000, "netIncomeFromContinuingOps": 2100200000, "discontinuedOperations": {}, "extraordinaryItems": {}, "effectOfAccountingCharges": {}, "otherItems": {}, "netIncome": 2089700000, "netIncomeApplicableToCommonShares": 2089700000}], "maxAge": 86400}, "cashflowStatementHistoryQuarterly": {"cashflowStatements": [{"maxAge": 1, "endDate": "2020-06-30", "netIncome": 1177800000, "changeToLiabilities": 0}, {"maxAge": 1, "endDate": "2020-03-31", "netIncome": 1412500000, "changeToLiabilities": 0}, {"maxAge": 1, "endDate": "2019-12-31", "netIncome": 1689100000, "changeToLiabilities": 0}, {"maxAge": 1, "endDate": "2019-09-30", "netIncome": 2089700000, "changeToLiabilities": 0}], "maxAge": 86400}, "insiderHolders": {"holders": [{"maxAge": 1, "name": "Aagam Holding Pvt. Ltd.", "relation": "Promoter", "url": "", "transactionDescription": "Acquisition", "latestTransDate": "2018-11-12", "positionDirect": 6650700, "positionDirectDate": "2018-11-12"}, {"maxAge": 1, "name": "Aayojan Resources Pvt Ltd", "relation": "Promoter", "url": "", "transactionDescription": "Acquisition", "latestTransDate": "2020-02-28", "positionDirect": 614460, "positionDirectDate": "2020-02-28"}, {"maxAge": 1, "name": "Adhigam Investments Pvt Ltd", "relation": "Promoter", "url": "", "transactionDescription": "Other", "latestTransDate": "2020-02-29", "positionDirect": 1193401, "positionDirectDate": "2020-02-29"}, {"maxAge": 1, "name": "Adhinami Investments Pvt Ltd", "relation": "Promoter", "url": "", "transactionDescription": "Acquisition", "latestTransDate": "2020-03-18", "positionDirect": 455350, "positionDirectDate": "2020-03-18"}, {"maxAge": 1, "name": "AgriMore, Ltd.", "relation": "Promoter", "url": "", "transactionDescription": "Other", "latestTransDate": "2020-02-29", "positionDirect": 0, "positionDirectDate": "2020-02-29"}, {"maxAge": 1, "name": "Akshita Holdings Pvt Ltd", "relation": "Institution- Corporation", "url": "", "transactionDescription": "Acquisition", "latestTransDate": "2020-09-30", "positionDirect": 464400, "positionDirectDate": "2020-09-30"}, {"maxAge": 1, "name": "Arvind Farms Pvt. Ltd.", "relation": "Promoter", "url": "", "transactionDescription": "Acquisition", "latestTransDate": "2019-08-05", "positionDirect": 2796208, "positionDirectDate": "2019-08-05"}, {"maxAge": 1, "name": "Ayohan Resources Pvt. Ltd.", "relation": "Promoter", "url": "", "transactionDescription": "Acquisition", "latestTransDate": "2018-11-21", "positionDirect": 612800, "positionDirectDate": "2018-11-21"}, {"maxAge": 1, "name": "Srinivasa Rangan (V)", "relation": "Non-Independent Executive Director", "url": "", "transactionDescription": "Acquisition", "latestTransDate": "2019-06-06", "positionDirect": 5000, "positionDirectDate": "2019-06-06"}], "maxAge": 1}, "earnings": {"maxAge": 86400, "earningsChart": {"quarterly": [{"date": "4Q2017", "actual": 22.25, "estimate": 22.9}, {"date": "1Q2018", "actual": 33.68, "estimate": 25.5}, {"date": "2Q2018", "actual": 28.38, "estimate": 30.0}, {"date": "3Q2018", "actual": 40.13, "estimate": 31.1}], "currentQuarterEstimateDate": "4Q", "currentQuarterEstimateYear": 2018, "earningsDate": ["2020-07-24 05:30:S"]}, "financialsChart": {"yearly": [{"date": 2017, "revenue": 28339400000, "earnings": 3229700000}, {"date": 2018, "revenue": 32957700000, "earnings": 2764800000}, {"date": 2019, "revenue": 40378100000, "earnings": 4322300000}, {"date": 2020, "revenue": 40930600000, "earnings": 6664600000}], "quarterly": [{"date": "3Q2019", "revenue": 10456300000, "earnings": 2089700000}, {"date": "4Q2019", "revenue": 10414100000, "earnings": 1689100000}, {"date": "1Q2020", "revenue": 9654700000, "earnings": 1412500000}, {"date": "2Q2020", "revenue": 6605600000, "earnings": 1177800000}]}, "financialCurrency": "INR"}, "calendarEvents": {"maxAge": 1, "earnings": {"earningsDate": ["2020-07-24 05:30:S"], "revenueAverage": 9730210000, "revenueLow": 9730210000, "revenueHigh": 9730210000}}, "price": {"maxAge": 1, "regularMarketChangePercent": -0.033033874, "regularMarketChange": -276.3003, "regularMarketTime": "2021-04-30 15:57:05", "priceHint": 2, "regularMarketPrice": 8087.85, "regularMarketDayHigh": 8505.1, "regularMarketDayLow": 8020.0, "regularMarketVolume": 4194, "averageDailyVolume10Day": 2555, "averageDailyVolume3Month": 4781, "regularMarketPreviousClose": 8364.15, "regularMarketSource": "FREE_REALTIME", "regularMarketOpen": 8457.0, "exchange": "BSE", "exchangeName": "BSE", "exchangeDataDelayedBy": 0, "marketState": "CLOSED", "quoteType": "EQUITY", "symbol": "ATUL.BO", "underlyingSymbol": null, "shortName": "ATUL LTD.", "longName": "Atul Ltd", "currency": "INR", "quoteSourceName": "Delayed Quote", "currencySymbol": "\u20b9", "fromCurrency": null, "toCurrency": null, "lastMarket": null, "marketCap": 240032825344}, "balanceSheetHistory": {"balanceSheetStatements": [{"maxAge": 1, "endDate": "2020-03-31", "cash": 353700000, "netReceivables": 8331600000, "inventory": 5033700000, "otherCurrentAssets": 143900000, "totalCurrentAssets": 20818100000, "longTermInvestments": 4856300000, "propertyPlantEquipment": 14296600000, "goodWill": 291400000, "intangibleAssets": 162500000, "otherAssets": 1079900000, "deferredLongTermAssetCharges": 69100000, "totalAssets": 41504800000, "accountsPayable": 4776300000, "shortLongTermDebt": 115000000, "otherCurrentLiab": 1538100000, "longTermDebt": 865800000, "otherLiab": 1441500000, "minorityInterest": 263700000, "totalCurrentLiabilities": 7317700000, "totalLiab": 9692100000, "commonStock": 296600000, "retainedEarnings": 26742500000, "treasuryStock": 4163300000, "capitalSurplus": 346600000, "otherStockholderEquity": 4163300000, "totalStockholderEquity": 31549000000, "netTangibleAssets": 31095100000}, {"maxAge": 1, "endDate": "2019-03-31", "cash": 545000000, "netReceivables": 8487700000, "inventory": 5118200000, "otherCurrentAssets": 117600000, "totalCurrentAssets": 16622700000, "longTermInvestments": 5432000000, "propertyPlantEquipment": 12214200000, "goodWill": 323100000, "intangibleAssets": 196100000, "otherAssets": 651600000, "deferredLongTermAssetCharges": 5200000, "totalAssets": 35439700000, "accountsPayable": 3796300000, "shortLongTermDebt": 22100000, "otherCurrentLiab": 1203900000, "longTermDebt": 431400000, "otherLiab": 1940900000, "minorityInterest": 238000000, "totalCurrentLiabilities": 5772300000, "totalLiab": 8144600000, "commonStock": 296600000, "retainedEarnings": 21622000000, "treasuryStock": 4791900000, "capitalSurplus": 346600000, "otherStockholderEquity": 4791900000, "totalStockholderEquity": 27057100000, "netTangibleAssets": 26537900000}, {"maxAge": 1, "endDate": "2018-03-31", "cash": 493900000, "netReceivables": 8504400000, "inventory": 4114300000, "otherCurrentAssets": 118700000, "totalCurrentAssets": 13554900000, "longTermInvestments": 4646500000, "propertyPlantEquipment": 10965000000, "goodWill": 237500000, "intangibleAssets": 100000, "otherAssets": 731900000, "deferredLongTermAssetCharges": 50100000, "totalAssets": 30135900000, "accountsPayable": 4590200000, "shortLongTermDebt": 100000, "otherCurrentLiab": 560600000, "otherLiab": 1809200000, "minorityInterest": 200100000, "totalCurrentLiabilities": 5687400000, "totalLiab": 7496600000, "commonStock": 296600000, "retainedEarnings": 17608700000, "treasuryStock": 4187300000, "capitalSurplus": 346600000, "otherStockholderEquity": 4187300000, "totalStockholderEquity": 22439200000, "netTangibleAssets": 22201600000}, {"maxAge": 1, "endDate": "2017-03-31", "cash": 283000000, "netReceivables": 5758400000, "inventory": 4192400000, "otherCurrentAssets": 743900000, "totalCurrentAssets": 11270900000, "longTermInvestments": 4264300000, "propertyPlantEquipment": 10580300000, "goodWill": 237500000, "intangibleAssets": 200000, "otherAssets": 918100000, "deferredLongTermAssetCharges": 26700000, "totalAssets": 27271300000, "accountsPayable": 3374900000, "shortLongTermDebt": 227200000, "otherCurrentLiab": 417800000, "longTermDebt": 3800000, "otherLiab": 1579600000, "minorityInterest": 152500000, "totalCurrentLiabilities": 5876000000, "totalLiab": 7459400000, "commonStock": 296600000, "retainedEarnings": 15241500000, "treasuryStock": 3774700000, "capitalSurplus": 346600000, "otherStockholderEquity": 3774700000, "totalStockholderEquity": 19659400000, "netTangibleAssets": 19421700000}], "maxAge": 86400}, "earningsTrend": {"trend": [{"maxAge": 1, "period": "0q", "endDate": "2018-12-31", "growth": {}, "earningsEstimate": {"avg": 0.0, "low": 0.0, "high": 0.0, "yearAgoEps": 22.25, "numberOfAnalysts": 0, "growth": {}}, "revenueEstimate": {"avg": 9730210000, "low": 9730210000, "high": 9730210000, "numberOfAnalysts": 1, "yearAgoRevenue": 8036800000, "growth": 0.21100001}, "epsTrend": {"current": 0.0, "7daysAgo": 33.42, "30daysAgo": 33.42, "60daysAgo": 33.42, "90daysAgo": 33.42}, "epsRevisions": {"upLast7days": 0, "upLast30days": 0, "downLast30days": 0, "downLast90days": {}}}, {"maxAge": 1, "period": "+1q", "endDate": "2019-03-31", "growth": {}, "earningsEstimate": {"avg": 0.0, "low": 0.0, "high": 0.0, "yearAgoEps": 33.68, "numberOfAnalysts": 0, "growth": {}}, "revenueEstimate": {"avg": 8755000000, "low": 8755000000, "high": 8755000000, "numberOfAnalysts": 1, "yearAgoRevenue": 8922400000, "growth": -0.019}, "epsTrend": {"current": 0.0, "7daysAgo": 35.48, "30daysAgo": 35.48, "60daysAgo": 35.48, "90daysAgo": 35.48}, "epsRevisions": {"upLast7days": 0, "upLast30days": 0, "downLast30days": 0, "downLast90days": {}}}, {"maxAge": 1, "period": "0y", "endDate": "2019-03-31", "growth": {}, "earningsEstimate": {"avg": 0.0, "low": 0.0, "high": 0.0, "yearAgoEps": {}, "numberOfAnalysts": 0, "growth": {}}, "revenueEstimate": {"avg": 39933200000, "low": 39235000000, "high": 40783000000, "numberOfAnalysts": 4, "yearAgoRevenue": 31860200000, "growth": 0.253}, "epsTrend": {"current": 0.0, "7daysAgo": 141.85, "30daysAgo": 141.85, "60daysAgo": 141.85, "90daysAgo": 141.85}, "epsRevisions": {"upLast7days": 0, "upLast30days": 0, "downLast30days": 0, "downLast90days": {}}}, {"maxAge": 1, "period": "+1y", "endDate": "2020-03-31", "growth": {}, "earningsEstimate": {"avg": 0.0, "low": 0.0, "high": 0.0, "yearAgoEps": {}, "numberOfAnalysts": 0, "growth": {}}, "revenueEstimate": {"avg": 44583800000, "low": 44336000000, "high": 44736000000, "numberOfAnalysts": 4, "yearAgoRevenue": 39933200000, "growth": 0.116000004}, "epsTrend": {"current": 0.0, "7daysAgo": 164.45, "30daysAgo": 164.45, "60daysAgo": 164.45, "90daysAgo": 164.45}, "epsRevisions": {"upLast7days": 0, "upLast30days": 0, "downLast30days": 0, "downLast90days": {}}}, {"maxAge": 1, "period": "+5y", "endDate": null, "growth": 0.20799999, "earningsEstimate": {"avg": {}, "low": {}, "high": {}, "yearAgoEps": {}, "numberOfAnalysts": {}, "growth": {}}, "revenueEstimate": {"avg": {}, "low": {}, "high": {}, "numberOfAnalysts": {}, "yearAgoRevenue": {}, "growth": {}}, "epsTrend": {"current": {}, "7daysAgo": {}, "30daysAgo": {}, "60daysAgo": {}, "90daysAgo": {}}, "epsRevisions": {"upLast7days": {}, "upLast30days": {}, "downLast30days": {}, "downLast90days": {}}}, {"maxAge": 1, "period": "-5y", "endDate": null, "growth": {}, "earningsEstimate": {"avg": {}, "low": {}, "high": {}, "yearAgoEps": {}, "numberOfAnalysts": {}, "growth": {}}, "revenueEstimate": {"avg": {}, "low": {}, "high": {}, "numberOfAnalysts": {}, "yearAgoRevenue": {}, "growth": {}}, "epsTrend": {"current": {}, "7daysAgo": {}, "30daysAgo": {}, "60daysAgo": {}, "90daysAgo": {}}, "epsRevisions": {"upLast7days": {}, "upLast30days": {}, "downLast30days": {}, "downLast90days": {}}}], "maxAge": 1}, "financialData": {"maxAge": 86400, "currentPrice": 8087.85, "targetHighPrice": 4000.0, "targetLowPrice": 3234.0, "targetMeanPrice": 3672.8, "targetMedianPrice": 3880.0, "recommendationKey": "none", "numberOfAnalystOpinions": 5, "grossProfits": 19915300000, "financialCurrency": "INR"}}}