{"ATVPR.BO": {"recommendationTrend": {"trend": [{"period": "0m", "strongBuy": 0, "buy": 0, "hold": 0, "sell": 0, "strongSell": 0}, {"period": "-1m", "strongBuy": 0, "buy": 0, "hold": 0, "sell": 0, "strongSell": 0}, {"period": "-2m", "strongBuy": 0, "buy": 0, "hold": 0, "sell": 0, "strongSell": 0}, {"period": "-3m", "strongBuy": 0, "buy": 0, "hold": 0, "sell": 0, "strongSell": 0}], "maxAge": 86400}, "cashflowStatementHistory": {"cashflowStatements": [{"maxAge": 1, "endDate": "2020-03-31", "netIncome": 24522000, "depreciation": 9216000, "changeToNetincome": 3048000, "changeToAccountReceivables": 16056000, "changeToLiabilities": -2526000, "changeToInventory": 4231000, "changeToOperatingActivities": 35730000, "totalCashFromOperatingActivities": 90277000, "capitalExpenditures": -1544000, "otherCashflowsFromInvestingActivities": 551000, "totalCashflowsFromInvestingActivities": -993000, "netBorrowings": -76463000, "otherCashflowsFromFinancingActivities": -191000, "totalCashFromFinancingActivities": -76654000, "changeInCash": 12631000}, {"maxAge": 1, "endDate": "2019-03-31", "netIncome": -36397000, "depreciation": 10209000, "changeToNetincome": -703000, "changeToAccountReceivables": 264560000, "changeToLiabilities": -8022000, "changeToInventory": -92825000, "changeToOperatingActivities": -99712000, "totalCashFromOperatingActivities": 37110000, "capitalExpenditures": -14335000, "otherCashflowsFromInvestingActivities": 1331000, "totalCashflowsFromInvestingActivities": -13004000, "netBorrowings": -68040000, "otherCashflowsFromFinancingActivities": -19000, "totalCashFromFinancingActivities": -68059000, "changeInCash": -43953000}, {"maxAge": 1, "endDate": "2018-03-31", "netIncome": 384419000, "depreciation": 5635000, "changeToNetincome": -407995000, "changeToAccountReceivables": 141445000, "changeToLiabilities": -25449000, "changeToInventory": -15783000, "changeToOperatingActivities": 123392000, "totalCashFromOperatingActivities": 205664000, "capitalExpenditures": -64652000, "otherCashflowsFromInvestingActivities": 2405000, "totalCashflowsFromInvestingActivities": 333053000, "netBorrowings": -496749000, "otherCashflowsFromFinancingActivities": -19000, "totalCashFromFinancingActivities": -496749000, "changeInCash": 41968000}, {"maxAge": 1, "endDate": "2017-03-31", "netIncome": 1512696000, "depreciation": 6620000, "changeToNetincome": -1468045000, "changeToAccountReceivables": -86065000, "changeToLiabilities": -50738000, "changeToInventory": -16887000, "changeToOperatingActivities": -38587000, "totalCashFromOperatingActivities": -141006000, "capitalExpenditures": -242000, "otherCashflowsFromInvestingActivities": 6530000, "totalCashflowsFromInvestingActivities": 143166000, "netBorrowings": -1412000, "otherCashflowsFromFinancingActivities": -19000, "totalCashFromFinancingActivities": -1412000, "changeInCash": 748000}], "maxAge": 86400}, "institutionOwnership": {"maxAge": 1, "ownershipList": []}, "balanceSheetHistoryQuarterly": {"balanceSheetStatements": [{"maxAge": 1, "endDate": "2020-06-30", "totalStockholderEquity": 1800868000, "netTangibleAssets": 1800868000}, {"maxAge": 1, "endDate": "2020-03-31", "cash": 19494000, "netReceivables": 57181000, "inventory": 195964000, "otherCurrentAssets": 102471000, "totalCurrentAssets": 375110000, "propertyPlantEquipment": 2193477000, "otherAssets": 7527000, "totalAssets": 2576114000, "accountsPayable": 19942000, "otherCurrentLiab": 89928000, "longTermDebt": 639824000, "otherLiab": 2212000, "totalCurrentLiabilities": 133210000, "totalLiab": 775246000, "commonStock": 525557000, "retainedEarnings": 225761000, "treasuryStock": 36907000, "capitalSurplus": 1012643000, "otherStockholderEquity": 36907000, "totalStockholderEquity": 1800868000, "netTangibleAssets": 1800868000}, {"maxAge": 1, "endDate": "2019-12-31", "totalStockholderEquity": 1805371000, "netTangibleAssets": 1805371000}, {"maxAge": 1, "endDate": "2019-09-30", "cash": 11691000, "netReceivables": 68847000, "inventory": 185270000, "otherCurrentAssets": 129880000, "totalCurrentAssets": 395688000, "propertyPlantEquipment": 2216878000, "otherAssets": 39909000, "totalAssets": 2652475000, "accountsPayable": 12419000, "otherCurrentLiab": 117495000, "longTermDebt": 712886000, "otherLiab": 2533000, "totalCurrentLiabilities": 131685000, "totalLiab": 847104000, "commonStock": 525557000, "treasuryStock": 1279814000, "otherStockholderEquity": 1279814000, "totalStockholderEquity": 1805371000, "netTangibleAssets": 1805371000}], "maxAge": 86400}, "earningsHistory": {"history": [{"maxAge": 1, "epsActual": {}, "epsEstimate": {}, "epsDifference": {}, "surprisePercent": {}, "quarter": {}, "period": "-4q"}, {"maxAge": 1, "epsActual": {}, "epsEstimate": {}, "epsDifference": {}, "surprisePercent": {}, "quarter": {}, "period": "-3q"}, {"maxAge": 1, "epsActual": {}, "epsEstimate": {}, "epsDifference": {}, "surprisePercent": {}, "quarter": {}, "period": "-2q"}, {"maxAge": 1, "epsActual": {}, "epsEstimate": {}, "epsDifference": {}, "surprisePercent": {}, "quarter": {}, "period": "-1q"}], "maxAge": 86400}, "indexTrend": {"maxAge": 1, "symbol": "SP5", "peRatio": 19.7411, "pegRatio": 1.34172, "estimates": [{"period": "0q", "growth": 0.549}, {"period": "+1q", "growth": 0.431}, {"period": "0y", "growth": 0.305}, {"period": "+1y", "growth": 0.109}, {"period": "+5y", "growth": 0.120859005}, {"period": "-5y"}]}, "industryTrend": {"maxAge": 1, "symbol": null, "estimates": []}, "insiderTransactions": {"transactions": [{"maxAge": 1, "shares": 390, "filerUrl": "", "transactionText": "", "filerName": "Yamuna Estates Pvt Ltd", "filerRelation": "Promoter", "moneyText": "", "startDate": "2019-05-14", "ownership": "D"}, {"maxAge": 1, "shares": 5439, "filerUrl": "", "transactionText": "", "filerName": "Mangalam Aromatics Pvt. Ltd.", "filerRelation": "Promoter", "moneyText": "", "startDate": "2019-05-14", "ownership": "D"}, {"maxAge": 1, "shares": 929, "filerUrl": "", "transactionText": "", "filerName": "Apple Steels Pvt Ltd", "filerRelation": "Promoter", "moneyText": "", "startDate": "2019-05-14", "ownership": "D"}, {"maxAge": 1, "shares": 170, "filerUrl": "", "transactionText": "", "filerName": "Maharshi Agro Pvt. Ltd.", "filerRelation": "Promoter", "moneyText": "", "startDate": "2019-05-14", "ownership": "D"}, {"maxAge": 1, "shares": 50, "filerUrl": "", "transactionText": "", "filerName": "Krishna Suppliers Pvt Ltd", "filerRelation": "Promoter", "moneyText": "", "startDate": "2019-05-14", "ownership": "D"}, {"maxAge": 1, "shares": 13290, "filerUrl": "", "transactionText": "", "filerName": "Soubhagya Finance Pvt. Ltd.", "filerRelation": "Promoter", "moneyText": "", "startDate": "2019-05-14", "ownership": "D"}, {"maxAge": 1, "shares": 50, "filerUrl": "", "transactionText": "", "filerName": "Krishna Advisors Pvt Ltd", "filerRelation": "Promoter", "moneyText": "", "startDate": "2019-05-14", "ownership": "D"}, {"maxAge": 1, "shares": 43001, "filerUrl": "", "transactionText": "", "filerName": "Manmohak Farm Products Pvt. Ltd.", "filerRelation": "Promoter", "moneyText": "", "startDate": "2019-05-14", "ownership": "D"}, {"maxAge": 1, "shares": 348544, "filerUrl": "", "transactionText": "", "filerName": "Marsh Energy Pvt. Ltd.", "filerRelation": "Promoter", "moneyText": "", "startDate": "2019-05-14", "ownership": "D"}, {"maxAge": 1, "shares": 100000, "filerUrl": "", "transactionText": "", "filerName": "Chaturvedi Holdings Pvt Ltd", "filerRelation": "Promoter", "moneyText": "", "startDate": "2019-05-14", "ownership": "D"}, {"maxAge": 1, "shares": 798882, "filerUrl": "", "transactionText": "", "filerName": "Chaturvedi (Mahesh & Sons) HUF", "filerRelation": "Promoter", "moneyText": "", "startDate": "2019-05-14", "ownership": "D"}, {"maxAge": 1, "shares": 232519, "filerUrl": "", "transactionText": "", "filerName": "Chaturvedi Growth Funds Pvt Ltd", "filerRelation": "Promoter", "moneyText": "", "startDate": "2019-05-14", "ownership": "D"}, {"maxAge": 1, "shares": 54500, "filerUrl": "", "transactionText": "", "filerName": "Rainbow Multi Techs Pvt. Ltd.", "filerRelation": "Promoter", "moneyText": "", "startDate": "2019-05-14", "ownership": "D"}, {"maxAge": 1, "shares": 1636160, "filerUrl": "", "transactionText": "", "filerName": "Chaturvedi Holdings Pvt Ltd", "filerRelation": "Institution- Corporation", "moneyText": "", "startDate": "2018-11-29", "ownership": "D"}, {"maxAge": 1, "shares": 1886160, "filerUrl": "", "transactionText": "", "filerName": "Chaturvedi (Mahesh)", "filerRelation": "UNREPORTED", "moneyText": "", "startDate": "2018-11-29", "ownership": "D"}, {"maxAge": 1, "shares": 576653, "filerUrl": "", "transactionText": "", "filerName": "Chaturvedi (Mahesh & Sons) HUF", "filerRelation": "UNREPORTED", "moneyText": "", "startDate": "2018-11-29", "ownership": "D"}, {"maxAge": 1, "shares": 576653, "filerUrl": "", "transactionText": "", "filerName": "Soubhagya Finance Pvt. Ltd.", "filerRelation": "Institution- Corporation", "moneyText": "", "startDate": "2018-11-29", "ownership": "D"}], "maxAge": 1}, "quoteType": {"exchange": "BSE", "quoteType": "EQUITY", "symbol": "ATVPR.BO", "underlyingSymbol": "ATVPR.BO", "shortName": "ATV PROJECTS INDIA LTD.", "longName": "ATV Projects India Limited", "firstTradeDateEpochUtc": "2000-09-28 09:15:00", "timeZoneFullName": "Asia/Kolkata", "timeZoneShortName": "IST", "uuid": "ced0f4f3-64b6-33d3-9302-bd30e81b18a9", "messageBoardId": null, "gmtOffSetMilliseconds": 19800000, "maxAge": 1}, "incomeStatementHistory": {"incomeStatementHistory": [{"maxAge": 1, "endDate": "2020-03-31", "totalRevenue": 377435000, "costOfRevenue": 207199000, "grossProfit": 170236000, "researchDevelopment": {}, "sellingGeneralAdministrative": 36625000, "nonRecurring": {}, "otherOperatingExpenses": 96826000, "totalOperatingExpenses": 349866000, "operatingIncome": 27569000, "totalOtherIncomeExpenseNet": 360000, "ebit": 27569000, "interestExpense": -191000, "incomeBeforeTax": 27929000, "incomeTaxExpense": 3407000, "minorityInterest": {}, "netIncomeFromContinuingOps": 24522000, "discontinuedOperations": {}, "extraordinaryItems": {}, "effectOfAccountingCharges": {}, "otherItems": {}, "netIncome": 24522000, "netIncomeApplicableToCommonShares": 24522000}, {"maxAge": 1, "endDate": "2019-03-31", "totalRevenue": 408383000, "costOfRevenue": 249218000, "grossProfit": 159165000, "researchDevelopment": {}, "sellingGeneralAdministrative": 34646000, "nonRecurring": {}, "otherOperatingExpenses": 95143000, "totalOperatingExpenses": 389216000, "operatingIncome": 19167000, "totalOtherIncomeExpenseNet": -54955000, "ebit": 19167000, "interestExpense": -19000, "incomeBeforeTax": -35788000, "incomeTaxExpense": 609000, "minorityInterest": {}, "netIncomeFromContinuingOps": -36397000, "discontinuedOperations": {}, "extraordinaryItems": {}, "effectOfAccountingCharges": {}, "otherItems": {}, "netIncome": -36397000, "netIncomeApplicableToCommonShares": -36397000}, {"maxAge": 1, "endDate": "2018-03-31", "totalRevenue": 560781000, "costOfRevenue": 415562000, "grossProfit": 145219000, "researchDevelopment": {}, "sellingGeneralAdministrative": 32349000, "nonRecurring": {}, "otherOperatingExpenses": 80360000, "totalOperatingExpenses": 533906000, "operatingIncome": 26875000, "totalOtherIncomeExpenseNet": 357375000, "ebit": 26875000, "interestExpense": -19000, "incomeBeforeTax": 384250000, "incomeTaxExpense": -169000, "minorityInterest": {}, "netIncomeFromContinuingOps": 384419000, "discontinuedOperations": {}, "extraordinaryItems": {}, "effectOfAccountingCharges": {}, "otherItems": {}, "netIncome": 384419000, "netIncomeApplicableToCommonShares": 384419000}, {"maxAge": 1, "endDate": "2017-03-31", "totalRevenue": 598076000, "costOfRevenue": 384957000, "grossProfit": 213119000, "researchDevelopment": {}, "sellingGeneralAdministrative": 28744000, "nonRecurring": {}, "otherOperatingExpenses": 127085000, "totalOperatingExpenses": 547406000, "operatingIncome": 50670000, "totalOtherIncomeExpenseNet": 1463161000, "ebit": 50670000, "interestExpense": -19000, "incomeBeforeTax": 1513831000, "incomeTaxExpense": 1135000, "minorityInterest": {}, "netIncomeFromContinuingOps": 1512696000, "discontinuedOperations": {}, "extraordinaryItems": {}, "effectOfAccountingCharges": {}, "otherItems": {}, "netIncome": 1512696000, "netIncomeApplicableToCommonShares": 1512696000}], "maxAge": 86400}, "fundOwnership": {"maxAge": 1, "ownershipList": []}, "summaryDetail": {"maxAge": 1, "priceHint": 4, "previousClose": 4.39, "open": 4.51, "dayLow": 4.26, "dayHigh": 4.51, "regularMarketPreviousClose": 4.39, "regularMarketOpen": 4.51, "regularMarketDayLow": 4.26, "regularMarketDayHigh": 4.51, "trailingPE": 9.331941, "volume": 3657, "regularMarketVolume": 3657, "averageVolume": 25204, "averageVolume10days": 6603, "averageDailyVolume10Day": 6603, "bid": 4.31, "ask": 4.48, "bidSize": 0, "askSize": 0, "marketCap": 237434768, "fiftyTwoWeekLow": 2.59, "fiftyTwoWeekHigh": 7.14, "fiftyDayAverage": 5.3194284, "twoHundredDayAverage": 4.39073, "currency": "INR", "fromCurrency": null, "toCurrency": null, "lastMarket": null, "algorithm": null, "tradeable": false}, "sectorTrend": {"maxAge": 1, "symbol": null, "estimates": []}, "incomeStatementHistoryQuarterly": {"incomeStatementHistory": [{"maxAge": 1, "endDate": "2020-06-30", "totalRevenue": 41217000, "costOfRevenue": 16403000, "grossProfit": 24814000, "researchDevelopment": {}, "sellingGeneralAdministrative": 6359000, "nonRecurring": {}, "otherOperatingExpenses": 13488000, "totalOperatingExpenses": 38282000, "operatingIncome": 2935000, "totalOtherIncomeExpenseNet": 372000, "ebit": 2935000, "interestExpense": -35000, "incomeBeforeTax": 3307000, "incomeTaxExpense": 318000, "minorityInterest": {}, "netIncomeFromContinuingOps": 2989000, "discontinuedOperations": {}, "extraordinaryItems": {}, "effectOfAccountingCharges": {}, "otherItems": {}, "netIncome": 2989000, "netIncomeApplicableToCommonShares": 2989000}, {"maxAge": 1, "endDate": "2020-03-31", "totalRevenue": 104325000, "costOfRevenue": 46850000, "grossProfit": 57475000, "researchDevelopment": {}, "sellingGeneralAdministrative": 13778000, "nonRecurring": {}, "otherOperatingExpenses": 33013000, "totalOperatingExpenses": 94994000, "operatingIncome": 9331000, "totalOtherIncomeExpenseNet": 1000, "ebit": 9331000, "interestExpense": -41000, "incomeBeforeTax": 9332000, "incomeTaxExpense": 4321000, "minorityInterest": {}, "netIncomeFromContinuingOps": 5011000, "discontinuedOperations": {}, "extraordinaryItems": {}, "effectOfAccountingCharges": {}, "otherItems": {}, "netIncome": 5011000, "netIncomeApplicableToCommonShares": 5011000}, {"maxAge": 1, "endDate": "2019-12-31", "totalRevenue": 88020000, "costOfRevenue": 40095000, "grossProfit": 47925000, "researchDevelopment": {}, "sellingGeneralAdministrative": 9459000, "nonRecurring": {}, "otherOperatingExpenses": 25570000, "totalOperatingExpenses": 77748000, "operatingIncome": 10272000, "totalOtherIncomeExpenseNet": 10000, "ebit": 10272000, "interestExpense": -26000, "incomeBeforeTax": 10282000, "incomeTaxExpense": -285000, "minorityInterest": {}, "netIncomeFromContinuingOps": 10567000, "discontinuedOperations": {}, "extraordinaryItems": {}, "effectOfAccountingCharges": {}, "otherItems": {}, "netIncome": 10567000, "netIncomeApplicableToCommonShares": 10567000}, {"maxAge": 1, "endDate": "2019-09-30", "totalRevenue": 96015000, "costOfRevenue": 60692000, "grossProfit": 35323000, "researchDevelopment": {}, "sellingGeneralAdministrative": 6994000, "nonRecurring": {}, "otherOperatingExpenses": 19869000, "totalOperatingExpenses": 90170000, "operatingIncome": 5845000, "totalOtherIncomeExpenseNet": -57000, "ebit": 5845000, "interestExpense": -69000, "incomeBeforeTax": 5788000, "incomeTaxExpense": -306000, "minorityInterest": {}, "netIncomeFromContinuingOps": 6094000, "discontinuedOperations": {}, "extraordinaryItems": {}, "effectOfAccountingCharges": {}, "otherItems": {}, "netIncome": 6094000, "netIncomeApplicableToCommonShares": 6094000}], "maxAge": 86400}, "cashflowStatementHistoryQuarterly": {"cashflowStatements": [{"maxAge": 1, "endDate": "2020-06-30", "netIncome": 2989000, "changeToLiabilities": 0}, {"maxAge": 1, "endDate": "2020-03-31", "netIncome": 5011000, "changeToLiabilities": 0}, {"maxAge": 1, "endDate": "2019-12-31", "netIncome": 10567000, "changeToLiabilities": 0}, {"maxAge": 1, "endDate": "2019-09-30", "netIncome": 6094000, "changeToLiabilities": 0}], "maxAge": 86400}, "insiderHolders": {"holders": [{"maxAge": 1, "name": "Apple Steels Pvt Ltd", "relation": "Promoter", "url": "", "transactionDescription": "Sale", "latestTransDate": "2019-05-14", "positionDirect": 0, "positionDirectDate": "2019-05-14"}, {"maxAge": 1, "name": "Chaturvedi Holdings Pvt Ltd", "relation": "Promoter", "url": "", "transactionDescription": "Sale", "latestTransDate": "2019-05-14", "positionDirect": 0, "positionDirectDate": "2019-05-14"}, {"maxAge": 1, "name": "Krishna Advisors Pvt Ltd", "relation": "Promoter", "url": "", "transactionDescription": "Sale", "latestTransDate": "2019-05-14", "positionDirect": 54222, "positionDirectDate": "2019-05-14"}, {"maxAge": 1, "name": "Krishna Suppliers Pvt Ltd", "relation": "Promoter", "url": "", "transactionDescription": "Sale", "latestTransDate": "2019-05-14", "positionDirect": 0, "positionDirectDate": "2019-05-14"}, {"maxAge": 1, "name": "Maharshi Agro Pvt. Ltd.", "relation": "Promoter", "url": "", "transactionDescription": "Sale", "latestTransDate": "2019-05-14", "positionDirect": 0, "positionDirectDate": "2019-05-14"}, {"maxAge": 1, "name": "Mangalam Aromatics Pvt. Ltd.", "relation": "Promoter", "url": "", "transactionDescription": "Sale", "latestTransDate": "2019-05-14", "positionDirect": 632489, "positionDirectDate": "2019-05-14"}, {"maxAge": 1, "name": "Manmohak Farm Products Pvt. Ltd.", "relation": "Promoter", "url": "", "transactionDescription": "Sale", "latestTransDate": "2019-05-14", "positionDirect": 0, "positionDirectDate": "2019-05-14"}, {"maxAge": 1, "name": "Marsh Energy Pvt. Ltd.", "relation": "Promoter", "url": "", "transactionDescription": "Sale", "latestTransDate": "2019-05-14", "positionDirect": 0, "positionDirectDate": "2019-05-14"}, {"maxAge": 1, "name": "Soubhagya Finance Pvt. Ltd.", "relation": "Promoter", "url": "", "transactionDescription": "Sale", "latestTransDate": "2019-05-14", "positionDirect": 0, "positionDirectDate": "2019-05-14"}, {"maxAge": 1, "name": "Yamuna Estates Pvt Ltd", "relation": "Promoter", "url": "", "transactionDescription": "Sale", "latestTransDate": "2019-05-14", "positionDirect": 0, "positionDirectDate": "2019-05-14"}], "maxAge": 1}, "earnings": {"maxAge": 86400, "earningsChart": {"quarterly": [], "earningsDate": ["2020-01-17 05:30:S"]}, "financialsChart": {"yearly": [{"date": 2017, "revenue": 598076000, "earnings": 1512696000}, {"date": 2018, "revenue": 560781000, "earnings": 384419000}, {"date": 2019, "revenue": 408383000, "earnings": -36397000}, {"date": 2020, "revenue": 377435000, "earnings": 24522000}], "quarterly": [{"date": "3Q2019", "revenue": 96015000, "earnings": 6094000}, {"date": "4Q2019", "revenue": 88020000, "earnings": 10567000}, {"date": "1Q2020", "revenue": 104325000, "earnings": 5011000}, {"date": "2Q2020", "revenue": 41217000, "earnings": 2989000}]}, "financialCurrency": "INR"}, "calendarEvents": {"maxAge": 1, "earnings": {"earningsDate": ["2020-01-17 05:30:S"]}}, "price": {"maxAge": 1, "regularMarketChangePercent": 0.018223219, "regularMarketChange": 0.07999992, "regularMarketTime": "2021-04-30 15:29:11", "priceHint": 4, "regularMarketPrice": 4.47, "regularMarketDayHigh": 4.51, "regularMarketDayLow": 4.26, "regularMarketVolume": 3657, "averageDailyVolume10Day": 6603, "averageDailyVolume3Month": 25204, "regularMarketPreviousClose": 4.39, "regularMarketSource": "FREE_REALTIME", "regularMarketOpen": 4.51, "exchange": "BSE", "exchangeName": "BSE", "exchangeDataDelayedBy": 0, "marketState": "CLOSED", "quoteType": "EQUITY", "symbol": "ATVPR.BO", "underlyingSymbol": null, "shortName": "ATV PROJECTS INDIA LTD.", "longName": "ATV Projects India Limited", "currency": "INR", "quoteSourceName": "Delayed Quote", "currencySymbol": "\u20b9", "fromCurrency": null, "toCurrency": null, "lastMarket": null, "marketCap": 237434768}, "balanceSheetHistory": {"balanceSheetStatements": [{"maxAge": 1, "endDate": "2020-03-31", "cash": 19494000, "netReceivables": 57181000, "inventory": 195964000, "otherCurrentAssets": 102471000, "totalCurrentAssets": 375110000, "propertyPlantEquipment": 2193477000, "otherAssets": 7527000, "totalAssets": 2576114000, "accountsPayable": 19942000, "otherCurrentLiab": 89928000, "longTermDebt": 639824000, "otherLiab": 2212000, "totalCurrentLiabilities": 133210000, "totalLiab": 775246000, "commonStock": 525557000, "retainedEarnings": 225761000, "treasuryStock": 36907000, "capitalSurplus": 1012643000, "otherStockholderEquity": 36907000, "totalStockholderEquity": 1800868000, "netTangibleAssets": 1800868000}, {"maxAge": 1, "endDate": "2019-03-31", "cash": 6863000, "netReceivables": 82648000, "inventory": 200195000, "otherCurrentAssets": 139291000, "totalCurrentAssets": 428997000, "propertyPlantEquipment": 2221231000, "otherAssets": 40561000, "totalAssets": 2690789000, "accountsPayable": 22468000, "otherCurrentLiab": 133143000, "longTermDebt": 716286000, "otherLiab": 3162000, "totalCurrentLiabilities": 174914000, "totalLiab": 894362000, "commonStock": 525557000, "retainedEarnings": 221320000, "treasuryStock": 36907000, "capitalSurplus": 1012643000, "otherStockholderEquity": 36907000, "totalStockholderEquity": 1796427000, "netTangibleAssets": 1796427000}, {"maxAge": 1, "endDate": "2018-03-31", "cash": 50816000, "netReceivables": 331630000, "inventory": 107370000, "otherCurrentAssets": 83290000, "totalCurrentAssets": 573106000, "propertyPlantEquipment": 2171353000, "otherAssets": 40561000, "totalAssets": 2785020000, "accountsPayable": 30490000, "otherCurrentLiab": 162317000, "longTermDebt": 784327000, "otherLiab": 2552000, "totalCurrentLiabilities": 211217000, "totalLiab": 998096000, "commonStock": 525557000, "retainedEarnings": 211817000, "treasuryStock": 36907000, "capitalSurplus": 1012643000, "otherStockholderEquity": 36907000, "totalStockholderEquity": 1786924000, "netTangibleAssets": 1786924000}, {"maxAge": 1, "endDate": "2017-03-31", "cash": 8848000, "netReceivables": 471017000, "inventory": 91587000, "otherCurrentAssets": 119284000, "totalCurrentAssets": 690736000, "propertyPlantEquipment": 1796647000, "otherAssets": 40238000, "totalAssets": 2527621000, "accountsPayable": 55939000, "otherCurrentLiab": 70434000, "longTermDebt": 1281077000, "otherLiab": 2722000, "totalCurrentLiabilities": 146886000, "totalLiab": 1430685000, "commonStock": 525557000, "retainedEarnings": -478171000, "treasuryStock": 36907000, "capitalSurplus": 1012643000, "otherStockholderEquity": 36907000, "totalStockholderEquity": 1096936000, "netTangibleAssets": 1096936000}], "maxAge": 86400}, "earningsTrend": {"trend": [{"maxAge": 1, "period": "0q", "endDate": null, "growth": {}, "earningsEstimate": {"avg": 0.0, "low": 0.0, "high": 0.0, "yearAgoEps": {}, "numberOfAnalysts": 0, "growth": {}}, "revenueEstimate": {"avg": 0, "low": 0, "high": 0, "numberOfAnalysts": 0, "yearAgoRevenue": {}, "growth": {}}, "epsTrend": {"current": 0.0, "7daysAgo": 0.0, "30daysAgo": 0.0, "60daysAgo": 0.0, "90daysAgo": 0.0}, "epsRevisions": {"upLast7days": 0, "upLast30days": 0, "downLast30days": 0, "downLast90days": {}}}, {"maxAge": 1, "period": "+1q", "endDate": null, "growth": {}, "earningsEstimate": {"avg": 0.0, "low": 0.0, "high": 0.0, "yearAgoEps": {}, "numberOfAnalysts": 0, "growth": {}}, "revenueEstimate": {"avg": 0, "low": 0, "high": 0, "numberOfAnalysts": 0, "yearAgoRevenue": {}, "growth": {}}, "epsTrend": {"current": 0.0, "7daysAgo": 0.0, "30daysAgo": 0.0, "60daysAgo": 0.0, "90daysAgo": 0.0}, "epsRevisions": {"upLast7days": 0, "upLast30days": 0, "downLast30days": 0, "downLast90days": {}}}, {"maxAge": 1, "period": "0y", "endDate": null, "growth": {}, "earningsEstimate": {"avg": 0.0, "low": 0.0, "high": 0.0, "yearAgoEps": {}, "numberOfAnalysts": 0, "growth": {}}, "revenueEstimate": {"avg": 0, "low": 0, "high": 0, "numberOfAnalysts": 0, "yearAgoRevenue": {}, "growth": {}}, "epsTrend": {"current": 0.0, "7daysAgo": 0.0, "30daysAgo": 0.0, "60daysAgo": 0.0, "90daysAgo": 0.0}, "epsRevisions": {"upLast7days": 0, "upLast30days": 0, "downLast30days": 0, "downLast90days": {}}}, {"maxAge": 1, "period": "+1y", "endDate": null, "growth": {}, "earningsEstimate": {"avg": 0.0, "low": 0.0, "high": 0.0, "yearAgoEps": {}, "numberOfAnalysts": 0, "growth": {}}, "revenueEstimate": {"avg": 0, "low": 0, "high": 0, "numberOfAnalysts": 0, "yearAgoRevenue": {}, "growth": {}}, "epsTrend": {"current": 0.0, "7daysAgo": 0.0, "30daysAgo": 0.0, "60daysAgo": 0.0, "90daysAgo": 0.0}, "epsRevisions": {"upLast7days": 0, "upLast30days": 0, "downLast30days": 0, "downLast90days": {}}}, {"maxAge": 1, "period": "+5y", "endDate": null, "growth": {}, "earningsEstimate": {"avg": {}, "low": {}, "high": {}, "yearAgoEps": {}, "numberOfAnalysts": {}, "growth": {}}, "revenueEstimate": {"avg": {}, "low": {}, "high": {}, "numberOfAnalysts": {}, "yearAgoRevenue": {}, "growth": {}}, "epsTrend": {"current": {}, "7daysAgo": {}, "30daysAgo": {}, "60daysAgo": {}, "90daysAgo": {}}, "epsRevisions": {"upLast7days": {}, "upLast30days": {}, "downLast30days": {}, "downLast90days": {}}}, {"maxAge": 1, "period": "-5y", "endDate": null, "growth": {}, "earningsEstimate": {"avg": {}, "low": {}, "high": {}, "yearAgoEps": {}, "numberOfAnalysts": {}, "growth": {}}, "revenueEstimate": {"avg": {}, "low": {}, "high": {}, "numberOfAnalysts": {}, "yearAgoRevenue": {}, "growth": {}}, "epsTrend": {"current": {}, "7daysAgo": {}, "30daysAgo": {}, "60daysAgo": {}, "90daysAgo": {}}, "epsRevisions": {"upLast7days": {}, "upLast30days": {}, "downLast30days": {}, "downLast90days": {}}}], "maxAge": 1}, "financialData": {"maxAge": 86400, "currentPrice": 4.47, "recommendationKey": "none", "grossProfits": 170236000, "financialCurrency": "INR"}}}