{"AURIONPRO.BO": {"recommendationTrend": {"trend": [{"period": "0m", "strongBuy": 0, "buy": 0, "hold": 0, "sell": 0, "strongSell": 0}, {"period": "-1m", "strongBuy": 0, "buy": 0, "hold": 0, "sell": 0, "strongSell": 0}, {"period": "-2m", "strongBuy": 0, "buy": 0, "hold": 0, "sell": 0, "strongSell": 0}, {"period": "-3m", "strongBuy": 0, "buy": 0, "hold": 0, "sell": 0, "strongSell": 0}], "maxAge": 86400}, "cashflowStatementHistory": {"cashflowStatements": [{"maxAge": 1, "endDate": "2020-03-31", "netIncome": 319309000, "depreciation": 173959000, "changeToNetincome": 13040000, "changeToAccountReceivables": 79223000, "changeToLiabilities": -582458000, "changeToInventory": 72964000, "totalCashFromOperatingActivities": 219306000, "capitalExpenditures": -546686000, "otherCashflowsFromInvestingActivities": 27555000, "totalCashflowsFromInvestingActivities": -519131000, "dividendsPaid": -59419000, "netBorrowings": 38487000, "otherCashflowsFromFinancingActivities": 270109000, "totalCashFromFinancingActivities": 147664000, "changeInCash": -152160000, "repurchaseOfStock": -101513000}, {"maxAge": 1, "endDate": "2019-03-31", "netIncome": 569547000, "depreciation": 112273000, "changeToNetincome": 195815000, "changeToAccountReceivables": -921410000, "changeToLiabilities": 731773000, "changeToInventory": -134570000, "totalCashFromOperatingActivities": 635980000, "capitalExpenditures": -1592281000, "investments": -144517000, "otherCashflowsFromInvestingActivities": -60002000, "totalCashflowsFromInvestingActivities": -1796800000, "dividendsPaid": -47229000, "netBorrowings": 414562000, "otherCashflowsFromFinancingActivities": -99599000, "totalCashFromFinancingActivities": 267954000, "changeInCash": -892866000, "repurchaseOfStock": -101513000, "issuanceOfStock": 220000}, {"maxAge": 1, "endDate": "2018-03-31", "netIncome": 885589000, "depreciation": 140387000, "changeToNetincome": 930566000, "changeToAccountReceivables": -796507000, "changeToLiabilities": 170119000, "changeToInventory": -68311000, "totalCashFromOperatingActivities": 1321244000, "capitalExpenditures": -77700000, "investments": -857000, "otherCashflowsFromInvestingActivities": -28562000, "totalCashflowsFromInvestingActivities": -77743000, "dividendsPaid": -26217000, "netBorrowings": -365240000, "otherCashflowsFromFinancingActivities": -106206000, "totalCashFromFinancingActivities": -353799000, "changeInCash": 889702000, "repurchaseOfStock": -101513000, "issuanceOfStock": 143864000}, {"maxAge": 1, "endDate": "2017-03-31", "netIncome": 450172000, "depreciation": 154754000, "changeToNetincome": -20808000, "changeToAccountReceivables": 110348000, "changeToLiabilities": 249082000, "changeToInventory": -22069000, "totalCashFromOperatingActivities": 1094443000, "capitalExpenditures": -755524000, "investments": 18255000, "otherCashflowsFromInvestingActivities": -59108000, "totalCashflowsFromInvestingActivities": -513243000, "dividendsPaid": -78938000, "netBorrowings": -298271000, "otherCashflowsFromFinancingActivities": -169107000, "totalCashFromFinancingActivities": -521549000, "changeInCash": 41033000, "repurchaseOfStock": -101513000, "issuanceOfStock": 24767000}], "maxAge": 86400}, "institutionOwnership": {"maxAge": 1, "ownershipList": []}, "balanceSheetHistoryQuarterly": {"balanceSheetStatements": [{"maxAge": 1, "endDate": "2020-06-30", "totalStockholderEquity": 5433994000, "netTangibleAssets": 1822456000}, {"maxAge": 1, "endDate": "2020-03-31", "cash": 200148000, "netReceivables": 3092454000, "inventory": 266405000, "otherCurrentAssets": 524407000, "totalCurrentAssets": 4180037000, "longTermInvestments": 405782000, "propertyPlantEquipment": 897974000, "goodWill": 1491286000, "intangibleAssets": 2120252000, "otherAssets": 661407000, "deferredLongTermAssetCharges": 409587000, "totalAssets": 9756738000, "accountsPayable": 778250000, "shortLongTermDebt": 336731000, "otherCurrentLiab": 479058000, "longTermDebt": 555261000, "otherLiab": 153300000, "minorityInterest": 875537000, "totalCurrentLiabilities": 2568838000, "totalLiab": 3447207000, "commonStock": 228002000, "retainedEarnings": 3681930000, "treasuryStock": -1838208000, "capitalSurplus": 3362270000, "otherStockholderEquity": -1838208000, "totalStockholderEquity": 5433994000, "netTangibleAssets": 1822456000}, {"maxAge": 1, "endDate": "2019-12-31", "totalStockholderEquity": 4916882000, "netTangibleAssets": 1596123000}, {"maxAge": 1, "endDate": "2019-09-30", "cash": 515795000, "shortTermInvestments": 516682000, "netReceivables": 1496167000, "inventory": 268415000, "otherCurrentAssets": 1628690000, "totalCurrentAssets": 4425749000, "longTermInvestments": 359268000, "propertyPlantEquipment": 962551000, "goodWill": 617106000, "intangibleAssets": 2703653000, "otherAssets": 447419000, "deferredLongTermAssetCharges": 378021000, "totalAssets": 9515746000, "accountsPayable": 1161078000, "otherCurrentLiab": 1458193000, "longTermDebt": 582404000, "otherLiab": 38781000, "minorityInterest": 804999000, "totalCurrentLiabilities": 3172680000, "totalLiab": 3793865000, "commonStock": 228726000, "treasuryStock": 4688156000, "otherStockholderEquity": 4688156000, "totalStockholderEquity": 4916882000, "netTangibleAssets": 1596123000}], "maxAge": 86400}, "earningsHistory": {"history": [{"maxAge": 1, "epsActual": {}, "epsEstimate": {}, "epsDifference": {}, "surprisePercent": {}, "quarter": {}, "period": "-4q"}, {"maxAge": 1, "epsActual": {}, "epsEstimate": {}, "epsDifference": {}, "surprisePercent": {}, "quarter": {}, "period": "-3q"}, {"maxAge": 1, "epsActual": {}, "epsEstimate": {}, "epsDifference": {}, "surprisePercent": {}, "quarter": {}, "period": "-2q"}, {"maxAge": 1, "epsActual": 6.07, "epsEstimate": 3.06, "epsDifference": 3.01, "surprisePercent": 0.984, "quarter": "2017-09-30", "period": "-1q"}], "maxAge": 86400}, "indexTrend": {"maxAge": 1, "symbol": "SP5", "peRatio": 19.7411, "pegRatio": 1.34172, "estimates": [{"period": "0q", "growth": 0.549}, {"period": "+1q", "growth": 0.431}, {"period": "0y", "growth": 0.305}, {"period": "+1y", "growth": 0.109}, {"period": "+5y", "growth": 0.120865}, {"period": "-5y"}]}, "industryTrend": {"maxAge": 1, "symbol": null, "estimates": []}, "insiderTransactions": {"transactions": [{"maxAge": 1, "shares": 10000, "filerUrl": "", "transactionText": "", "filerName": "Zaveri (Paresh Chandulal)", "filerRelation": "Managing Director", "moneyText": "", "startDate": "2020-03-23", "ownership": "D"}, {"maxAge": 1, "shares": 3260, "filerUrl": "", "transactionText": "", "filerName": "Zaveri (Paresh Chandulal)", "filerRelation": "Managing Director", "moneyText": "", "startDate": "2020-03-23", "ownership": "D"}, {"maxAge": 1, "shares": 9000, "filerUrl": "", "transactionText": "", "filerName": "Zaveri (Paresh Chandulal)", "filerRelation": "Promoter", "moneyText": "", "startDate": "2020-03-20", "ownership": "D"}, {"maxAge": 1, "shares": 15000, "filerUrl": "", "transactionText": "", "filerName": "Zaveri (Paresh Chandulal)", "filerRelation": "Promoter", "moneyText": "", "startDate": "2020-03-19", "ownership": "D"}, {"maxAge": 1, "shares": 15000, "filerUrl": "", "transactionText": "", "filerName": "Zaveri (Paresh Chandulal)", "filerRelation": "Promoter", "moneyText": "", "startDate": "2020-03-18", "ownership": "D"}, {"maxAge": 1, "shares": 13979, "filerUrl": "", "transactionText": "", "filerName": "Sheth (Amit)", "filerRelation": "Promoter", "moneyText": "", "startDate": "2020-03-16", "ownership": "D"}, {"maxAge": 1, "shares": 8979, "filerUrl": "", "transactionText": "", "filerName": "Sheth (Amit)", "filerRelation": "Promoter", "moneyText": "", "startDate": "2020-03-16", "ownership": "D"}, {"maxAge": 1, "shares": 10728, "filerUrl": "", "transactionText": "", "filerName": "Sheth (Amit)", "filerRelation": "Promoter", "moneyText": "", "startDate": "2020-03-12", "ownership": "D"}, {"maxAge": 1, "shares": 3228, "filerUrl": "", "transactionText": "", "filerName": "Sheth (Amit)", "filerRelation": "Promoter", "moneyText": "", "startDate": "2020-03-09", "ownership": "D"}, {"maxAge": 1, "shares": 728, "filerUrl": "", "transactionText": "", "filerName": "Sheth (Amit)", "filerRelation": "Promoter", "moneyText": "", "startDate": "2020-03-09", "ownership": "D"}, {"maxAge": 1, "shares": 13221, "filerUrl": "", "transactionText": "", "filerName": "Sheth (Amit)", "filerRelation": "Promoter", "moneyText": "", "startDate": "2020-03-03", "ownership": "D"}, {"maxAge": 1, "shares": 18990, "filerUrl": "", "transactionText": "", "filerName": "Zaveri (Niharika)", "filerRelation": "Promoter", "moneyText": "", "startDate": "2020-02-25", "ownership": "D"}, {"maxAge": 1, "shares": 15221, "filerUrl": "", "transactionText": "", "filerName": "Sheth (Amit)", "filerRelation": "Co-Chairman", "moneyText": "", "startDate": "2020-02-24", "ownership": "D"}, {"maxAge": 1, "shares": 8221, "filerUrl": "", "transactionText": "", "filerName": "Sheth (Amit)", "filerRelation": "Co-Chairman", "moneyText": "", "startDate": "2020-02-24", "ownership": "D"}, {"maxAge": 1, "shares": 19000, "filerUrl": "", "transactionText": "", "filerName": "Zaveri (Niharika)", "filerRelation": "Promoter", "moneyText": "", "startDate": "2020-02-24", "ownership": "D"}, {"maxAge": 1, "shares": 113, "filerUrl": "", "transactionText": "", "filerName": "Sheth (Amit)", "filerRelation": "Co-Chairman", "moneyText": "", "startDate": "2020-02-20", "ownership": "D"}, {"maxAge": 1, "shares": 10417, "filerUrl": "", "transactionText": "", "filerName": "Sheth (Amit)", "filerRelation": "Co-Chairman", "moneyText": "", "startDate": "2020-02-20", "ownership": "D"}, {"maxAge": 1, "shares": 1033857, "filerUrl": "", "transactionText": "", "filerName": "Sheth (Amit)", "filerRelation": "Co-Chairman", "moneyText": "", "startDate": "2020-02-19", "ownership": "D"}, {"maxAge": 1, "shares": 61249, "filerUrl": "", "transactionText": "", "filerName": "Sheth (Amit)", "filerRelation": "Co-Chairman", "moneyText": "", "startDate": "2020-02-19", "ownership": "D"}, {"maxAge": 1, "shares": 1448301, "filerUrl": "", "transactionText": "", "filerName": "Zaveri (Paresh Chandulal)", "filerRelation": "Promoter", "moneyText": "", "startDate": "2019-11-21", "ownership": "D"}, {"maxAge": 1, "shares": 200348, "filerUrl": "", "transactionText": "", "filerName": "Zaveri (Bhavesh)", "filerRelation": "Promoter", "moneyText": "", "startDate": "2019-10-05", "ownership": "D"}, {"maxAge": 1, "shares": 200348, "filerUrl": "", "transactionText": "", "filerName": "Zaveri (Niharika)", "filerRelation": "UNREPORTED", "moneyText": "", "startDate": "2019-10-05", "ownership": "D"}], "maxAge": 1}, "quoteType": {"exchange": "BSE", "quoteType": "EQUITY", "symbol": "AURIONPRO.BO", "underlyingSymbol": "AURIONPRO.BO", "shortName": "AURIONPRO SOLUTIONS LTD.", "longName": "Aurionpro Solutions Limited", "firstTradeDateEpochUtc": "2005-10-25 09:15:00", "timeZoneFullName": "Asia/Kolkata", "timeZoneShortName": "IST", "uuid": "22062324-3752-3c9a-bc80-eb45e995a296", "messageBoardId": null, "gmtOffSetMilliseconds": 19800000, "maxAge": 1}, "incomeStatementHistory": {"incomeStatementHistory": [{"maxAge": 1, "endDate": "2020-03-31", "totalRevenue": 4550204000, "costOfRevenue": 3210909000, "grossProfit": 1339295000, "researchDevelopment": {}, "sellingGeneralAdministrative": 26415000, "nonRecurring": {}, "otherOperatingExpenses": 411629000, "totalOperatingExpenses": 3966181000, "operatingIncome": 584023000, "totalOtherIncomeExpenseNet": -241238000, "ebit": 584023000, "interestExpense": -163203000, "incomeBeforeTax": 342785000, "incomeTaxExpense": 25875000, "minorityInterest": 875537000, "netIncomeFromContinuingOps": 316910000, "discontinuedOperations": {}, "extraordinaryItems": {}, "effectOfAccountingCharges": {}, "otherItems": {}, "netIncome": 319309000, "netIncomeApplicableToCommonShares": 319309000}, {"maxAge": 1, "endDate": "2019-03-31", "totalRevenue": 5221508000, "costOfRevenue": 3471421000, "grossProfit": 1750087000, "researchDevelopment": {}, "sellingGeneralAdministrative": 62199000, "nonRecurring": {}, "otherOperatingExpenses": 462818000, "totalOperatingExpenses": 4191263000, "operatingIncome": 1030245000, "totalOtherIncomeExpenseNet": -273785000, "ebit": 1030245000, "interestExpense": -99781000, "incomeBeforeTax": 756460000, "incomeTaxExpense": 149267000, "minorityInterest": 442709000, "netIncomeFromContinuingOps": 607193000, "discontinuedOperations": {}, "extraordinaryItems": {}, "effectOfAccountingCharges": {}, "otherItems": {}, "netIncome": 569547000, "netIncomeApplicableToCommonShares": 569547000}, {"maxAge": 1, "endDate": "2018-03-31", "totalRevenue": 4184557000, "costOfRevenue": 2985564000, "grossProfit": 1198993000, "researchDevelopment": {}, "sellingGeneralAdministrative": 107788000, "nonRecurring": {}, "otherOperatingExpenses": 282478000, "totalOperatingExpenses": 3575618000, "operatingIncome": 608939000, "totalOtherIncomeExpenseNet": -215531000, "ebit": 608939000, "interestExpense": -81290000, "incomeBeforeTax": 393408000, "incomeTaxExpense": 14495000, "minorityInterest": 1208802000, "netIncomeFromContinuingOps": 378913000, "discontinuedOperations": 591869000, "extraordinaryItems": {}, "effectOfAccountingCharges": {}, "otherItems": {}, "netIncome": 885589000, "netIncomeApplicableToCommonShares": 885589000}, {"maxAge": 1, "endDate": "2017-03-31", "totalRevenue": 4929504000, "costOfRevenue": 3857803000, "grossProfit": 1071701000, "researchDevelopment": {}, "sellingGeneralAdministrative": 140634000, "nonRecurring": {}, "otherOperatingExpenses": 412101000, "totalOperatingExpenses": 4698788000, "operatingIncome": 230716000, "totalOtherIncomeExpenseNet": 130093000, "ebit": 230716000, "interestExpense": -77428000, "incomeBeforeTax": 360809000, "incomeTaxExpense": 35640000, "minorityInterest": 949350000, "netIncomeFromContinuingOps": 325169000, "discontinuedOperations": 103114000, "extraordinaryItems": {}, "effectOfAccountingCharges": {}, "otherItems": {}, "netIncome": 450172000, "netIncomeApplicableToCommonShares": 450172000}], "maxAge": 86400}, "fundOwnership": {"maxAge": 1, "ownershipList": []}, "summaryDetail": {"maxAge": 1, "priceHint": 2, "previousClose": 168.65, "open": 168.05, "dayLow": 167.75, "dayHigh": 177.25, "regularMarketPreviousClose": 168.65, "regularMarketOpen": 168.05, "regularMarketDayLow": 167.75, "regularMarketDayHigh": 177.25, "trailingPE": 14.8066435, "volume": 14489, "regularMarketVolume": 14489, "averageVolume": 6783, "averageVolume10days": 6476, "averageDailyVolume10Day": 6476, "bid": 170.0, "ask": 170.1, "marketCap": 3902254080, "fiftyTwoWeekLow": 27.05, "fiftyTwoWeekHigh": 177.25, "fiftyDayAverage": 81.18, "twoHundredDayAverage": 75.5792, "trailingAnnualDividendRate": 2.0, "trailingAnnualDividendYield": 0.01185888, "currency": "INR", "fromCurrency": null, "toCurrency": null, "lastMarket": null, "algorithm": null, "tradeable": false}, "sectorTrend": {"maxAge": 1, "symbol": null, "estimates": []}, "incomeStatementHistoryQuarterly": {"incomeStatementHistory": [{"maxAge": 1, "endDate": "2020-06-30", "totalRevenue": 760206000, "costOfRevenue": 516303000, "grossProfit": 243903000, "researchDevelopment": {}, "sellingGeneralAdministrative": {}, "nonRecurring": {}, "otherOperatingExpenses": 84089000, "totalOperatingExpenses": 704503000, "operatingIncome": 55703000, "totalOtherIncomeExpenseNet": -23517000, "ebit": 55703000, "interestExpense": -42807000, "incomeBeforeTax": 32186000, "incomeTaxExpense": -1759000, "minorityInterest": {}, "netIncomeFromContinuingOps": 33945000, "discontinuedOperations": {}, "extraordinaryItems": {}, "effectOfAccountingCharges": {}, "otherItems": {}, "netIncome": 41698000, "netIncomeApplicableToCommonShares": 41698000}, {"maxAge": 1, "endDate": "2020-03-31", "totalRevenue": 1030695000, "costOfRevenue": 738692000, "grossProfit": 292003000, "researchDevelopment": {}, "sellingGeneralAdministrative": 26415000, "nonRecurring": {}, "otherOperatingExpenses": 33047000, "totalOperatingExpenses": 828231000, "operatingIncome": 202464000, "totalOtherIncomeExpenseNet": -166380000, "ebit": 202464000, "interestExpense": -27414000, "incomeBeforeTax": 36084000, "incomeTaxExpense": 6203000, "minorityInterest": 875537000, "netIncomeFromContinuingOps": 29881000, "discontinuedOperations": {}, "extraordinaryItems": {}, "effectOfAccountingCharges": {}, "otherItems": {}, "netIncome": 64163000, "netIncomeApplicableToCommonShares": 64163000}, {"maxAge": 1, "endDate": "2019-12-31", "totalRevenue": 1111396000, "costOfRevenue": 835303000, "grossProfit": 276093000, "researchDevelopment": {}, "sellingGeneralAdministrative": 26415000, "nonRecurring": {}, "otherOperatingExpenses": 107701000, "totalOperatingExpenses": 1040064000, "operatingIncome": 71332000, "totalOtherIncomeExpenseNet": -17464000, "ebit": 71332000, "interestExpense": -37725000, "incomeBeforeTax": 53868000, "incomeTaxExpense": -6380000, "minorityInterest": 875537000, "netIncomeFromContinuingOps": 60248000, "discontinuedOperations": {}, "extraordinaryItems": {}, "effectOfAccountingCharges": {}, "otherItems": {}, "netIncome": 57417000, "netIncomeApplicableToCommonShares": 57417000}, {"maxAge": 1, "endDate": "2019-09-30", "totalRevenue": 1234884000, "costOfRevenue": 836905000, "grossProfit": 397979000, "researchDevelopment": {}, "sellingGeneralAdministrative": 26415000, "nonRecurring": {}, "otherOperatingExpenses": 138963000, "totalOperatingExpenses": 1070792000, "operatingIncome": 164092000, "totalOtherIncomeExpenseNet": -22406000, "ebit": 164092000, "interestExpense": -48272000, "incomeBeforeTax": 141686000, "incomeTaxExpense": 17670000, "minorityInterest": 804999000, "netIncomeFromContinuingOps": 124016000, "discontinuedOperations": {}, "extraordinaryItems": {}, "effectOfAccountingCharges": {}, "otherItems": {}, "netIncome": 104860000, "netIncomeApplicableToCommonShares": 104860000}], "maxAge": 86400}, "cashflowStatementHistoryQuarterly": {"cashflowStatements": [{"maxAge": 1, "endDate": "2020-06-30", "netIncome": 41698000, "changeToLiabilities": 0}, {"maxAge": 1, "endDate": "2020-03-31", "netIncome": 64163000, "changeToLiabilities": 0}, {"maxAge": 1, "endDate": "2019-12-31", "netIncome": 57417000, "changeToLiabilities": 0}, {"maxAge": 1, "endDate": "2019-09-30", "netIncome": 104860000, "changeToLiabilities": 0}], "maxAge": 86400}, "insiderHolders": {"holders": [{"maxAge": 1, "name": "Sheth (Amit)", "relation": "Promoter", "url": "", "transactionDescription": "Acquisition", "latestTransDate": "2020-03-16", "positionDirect": 1709011, "positionDirectDate": "2020-03-16"}, {"maxAge": 1, "name": "Zaveri (Bhavesh)", "relation": "Promoter", "url": "", "transactionDescription": "Gift", "latestTransDate": "2019-10-05", "positionDirect": 0, "positionDirectDate": "2019-10-05"}, {"maxAge": 1, "name": "Zaveri (Niharika)", "relation": "Promoter", "url": "", "transactionDescription": "Acquisition", "latestTransDate": "2020-02-25", "positionDirect": 239338, "positionDirectDate": "2020-02-25"}, {"maxAge": 1, "name": "Zaveri (Paresh Chandulal)", "relation": "Managing Director", "url": "", "transactionDescription": "Acquisition", "latestTransDate": "2020-03-23", "positionDirect": 3618301, "positionDirectDate": "2020-03-23"}], "maxAge": 1}, "earnings": {"maxAge": 86400, "earningsChart": {"quarterly": [{"date": "3Q2017", "actual": 6.07, "estimate": 3.06}], "currentQuarterEstimateDate": "4Q", "currentQuarterEstimateYear": 2017, "earningsDate": []}, "financialsChart": {"yearly": [{"date": 2017, "revenue": 4929504000, "earnings": 450172000}, {"date": 2018, "revenue": 4184557000, "earnings": 885589000}, {"date": 2019, "revenue": 5221508000, "earnings": 569547000}, {"date": 2020, "revenue": 4550204000, "earnings": 319309000}], "quarterly": [{"date": "3Q2019", "revenue": 1234884000, "earnings": 104860000}, {"date": "4Q2019", "revenue": 1111396000, "earnings": 57417000}, {"date": "1Q2020", "revenue": 1030695000, "earnings": 64163000}, {"date": "2Q2020", "revenue": 760206000, "earnings": 41698000}]}, "financialCurrency": "INR"}, "calendarEvents": {"maxAge": 1, "earnings": {"earningsDate": [], "revenueAverage": 1668370000}}, "price": {"maxAge": 1, "regularMarketChangePercent": 0.0148236, "regularMarketChange": 2.5, "regularMarketTime": "2021-04-30 15:29:38", "priceHint": 2, "regularMarketPrice": 171.15, "regularMarketDayHigh": 177.25, "regularMarketDayLow": 167.75, "regularMarketVolume": 14489, "averageDailyVolume10Day": 6476, "averageDailyVolume3Month": 6783, "regularMarketPreviousClose": 168.65, "regularMarketSource": "FREE_REALTIME", "regularMarketOpen": 168.05, "exchange": "BSE", "exchangeName": "BSE", "exchangeDataDelayedBy": 0, "marketState": "CLOSED", "quoteType": "EQUITY", "symbol": "AURIONPRO.BO", "underlyingSymbol": null, "shortName": "AURIONPRO SOLUTIONS LTD.", "longName": "Aurionpro Solutions Limited", "currency": "INR", "quoteSourceName": "Delayed Quote", "currencySymbol": "\u20b9", "fromCurrency": null, "toCurrency": null, "lastMarket": null, "marketCap": 3902254080}, "balanceSheetHistory": {"balanceSheetStatements": [{"maxAge": 1, "endDate": "2020-03-31", "cash": 200148000, "netReceivables": 3092454000, "inventory": 266405000, "otherCurrentAssets": 524407000, "totalCurrentAssets": 4180037000, "longTermInvestments": 405782000, "propertyPlantEquipment": 897974000, "goodWill": 1491286000, "intangibleAssets": 2120252000, "otherAssets": 661407000, "deferredLongTermAssetCharges": 409587000, "totalAssets": 9756738000, "accountsPayable": 778250000, "shortLongTermDebt": 336731000, "otherCurrentLiab": 479058000, "longTermDebt": 555261000, "otherLiab": 153300000, "minorityInterest": 875537000, "totalCurrentLiabilities": 2568838000, "totalLiab": 3447207000, "commonStock": 228002000, "retainedEarnings": 3681930000, "treasuryStock": -1838208000, "capitalSurplus": 3362270000, "otherStockholderEquity": -1838208000, "totalStockholderEquity": 5433994000, "netTangibleAssets": 1822456000}, {"maxAge": 1, "endDate": "2019-03-31", "cash": 352308000, "netReceivables": 3264871000, "inventory": 290572000, "otherCurrentAssets": 402189000, "totalCurrentAssets": 4434486000, "longTermInvestments": 168115000, "propertyPlantEquipment": 784234000, "goodWill": 1634009000, "intangibleAssets": 1511110000, "otherAssets": 642265000, "deferredLongTermAssetCharges": 342164000, "totalAssets": 9174219000, "accountsPayable": 1413560000, "shortLongTermDebt": 232269000, "otherCurrentLiab": 565526000, "longTermDebt": 561504000, "otherLiab": 136327000, "minorityInterest": 442709000, "totalCurrentLiabilities": 3057407000, "totalLiab": 3755238000, "commonStock": 236363000, "retainedEarnings": 3759709000, "treasuryStock": -2150760000, "capitalSurplus": 3130960000, "otherStockholderEquity": -2150760000, "totalStockholderEquity": 4976272000, "netTangibleAssets": 1831153000}, {"maxAge": 1, "endDate": "2018-03-31", "cash": 1245174000, "netReceivables": 2408385000, "inventory": 156002000, "otherCurrentAssets": 241793000, "totalCurrentAssets": 4157628000, "longTermInvestments": 24212000, "propertyPlantEquipment": 624199000, "goodWill": 1646087000, "intangibleAssets": 1100273000, "otherAssets": 588033000, "deferredLongTermAssetCharges": 361420000, "totalAssets": 8140432000, "accountsPayable": 671488000, "shortLongTermDebt": 204588000, "otherCurrentLiab": 953084000, "longTermDebt": 196768000, "otherLiab": 34045000, "minorityInterest": 1208802000, "totalCurrentLiabilities": 2605685000, "totalLiab": 2836498000, "commonStock": 236143000, "retainedEarnings": 3209066000, "treasuryStock": -2155410000, "capitalSurplus": 2805333000, "otherStockholderEquity": -2155410000, "totalStockholderEquity": 4095132000, "netTangibleAssets": 1348772000}, {"maxAge": 1, "endDate": "2017-03-31", "cash": 355472000, "netReceivables": 1865663000, "inventory": 87691000, "otherCurrentAssets": 159707000, "totalCurrentAssets": 2582227000, "longTermInvestments": 23386000, "propertyPlantEquipment": 716916000, "goodWill": 2051175000, "intangibleAssets": 1158955000, "otherAssets": 476009000, "deferredLongTermAssetCharges": 296159000, "totalAssets": 7008668000, "accountsPayable": 543820000, "shortLongTermDebt": 271338000, "otherCurrentLiab": 668322000, "longTermDebt": 329385000, "otherLiab": 16943000, "minorityInterest": 949350000, "totalCurrentLiabilities": 2476068000, "totalLiab": 2822396000, "commonStock": 219503000, "retainedEarnings": 2380808000, "treasuryStock": -2014339000, "capitalSurplus": 2650950000, "otherStockholderEquity": -2014339000, "totalStockholderEquity": 3236922000, "netTangibleAssets": 26792000}], "maxAge": 86400}, "earningsTrend": {"trend": [{"maxAge": 1, "period": "0q", "endDate": "2017-12-31", "growth": {}, "earningsEstimate": {"avg": 0.0, "low": 0.0, "high": 0.0, "yearAgoEps": {}, "numberOfAnalysts": 0, "growth": {}}, "revenueEstimate": {"avg": 1668370000, "low": 0, "high": 0, "numberOfAnalysts": 0, "yearAgoRevenue": {}, "growth": {}}, "epsTrend": {"current": 0.0, "7daysAgo": 0.0, "30daysAgo": 0.0, "60daysAgo": 0.0, "90daysAgo": 0.0}, "epsRevisions": {"upLast7days": 0, "upLast30days": 0, "downLast30days": 0, "downLast90days": {}}}, {"maxAge": 1, "period": "+1q", "endDate": "2018-03-31", "growth": {}, "earningsEstimate": {"avg": 0.0, "low": 0.0, "high": 0.0, "yearAgoEps": {}, "numberOfAnalysts": 0, "growth": {}}, "revenueEstimate": {"avg": 1273800000, "low": 0, "high": 0, "numberOfAnalysts": 0, "yearAgoRevenue": 1857680000, "growth": -0.314}, "epsTrend": {"current": 0.0, "7daysAgo": 0.0, "30daysAgo": 0.0, "60daysAgo": 0.0, "90daysAgo": 0.0}, "epsRevisions": {"upLast7days": 0, "upLast30days": 0, "downLast30days": 0, "downLast90days": {}}}, {"maxAge": 1, "period": "0y", "endDate": "2018-03-31", "growth": {}, "earningsEstimate": {"avg": 0.0, "low": 0.0, "high": 0.0, "yearAgoEps": {}, "numberOfAnalysts": 0, "growth": {}}, "revenueEstimate": {"avg": 4242380000, "low": 7340220000, "high": 7340220000, "numberOfAnalysts": 1, "yearAgoRevenue": 6467440000, "growth": -0.344}, "epsTrend": {"current": 0.0, "7daysAgo": 22.9, "30daysAgo": 22.9, "60daysAgo": 22.9, "90daysAgo": 22.9}, "epsRevisions": {"upLast7days": 0, "upLast30days": 0, "downLast30days": 0, "downLast90days": {}}}, {"maxAge": 1, "period": "+1y", "endDate": "2019-03-31", "growth": {}, "earningsEstimate": {"avg": 0.0, "low": 0.0, "high": 0.0, "yearAgoEps": {}, "numberOfAnalysts": 0, "growth": {}}, "revenueEstimate": {"avg": 8617420000, "low": 8617420000, "high": 8617420000, "numberOfAnalysts": 1, "yearAgoRevenue": 4242380000, "growth": 1.031}, "epsTrend": {"current": 0.0, "7daysAgo": 27.2, "30daysAgo": 27.2, "60daysAgo": 27.2, "90daysAgo": 27.2}, "epsRevisions": {"upLast7days": 0, "upLast30days": 0, "downLast30days": 0, "downLast90days": {}}}, {"maxAge": 1, "period": "+5y", "endDate": null, "growth": {}, "earningsEstimate": {"avg": {}, "low": {}, "high": {}, "yearAgoEps": {}, "numberOfAnalysts": {}, "growth": {}}, "revenueEstimate": {"avg": {}, "low": {}, "high": {}, "numberOfAnalysts": {}, "yearAgoRevenue": {}, "growth": {}}, "epsTrend": {"current": {}, "7daysAgo": {}, "30daysAgo": {}, "60daysAgo": {}, "90daysAgo": {}}, "epsRevisions": {"upLast7days": {}, "upLast30days": {}, "downLast30days": {}, "downLast90days": {}}}, {"maxAge": 1, "period": "-5y", "endDate": null, "growth": {}, "earningsEstimate": {"avg": {}, "low": {}, "high": {}, "yearAgoEps": {}, "numberOfAnalysts": {}, "growth": {}}, "revenueEstimate": {"avg": {}, "low": {}, "high": {}, "numberOfAnalysts": {}, "yearAgoRevenue": {}, "growth": {}}, "epsTrend": {"current": {}, "7daysAgo": {}, "30daysAgo": {}, "60daysAgo": {}, "90daysAgo": {}}, "epsRevisions": {"upLast7days": {}, "upLast30days": {}, "downLast30days": {}, "downLast90days": {}}}], "maxAge": 1}, "financialData": {"maxAge": 86400, "currentPrice": 171.15, "targetHighPrice": 270.0, "targetLowPrice": 270.0, "targetMeanPrice": 270.0, "targetMedianPrice": 270.0, "recommendationKey": "none", "numberOfAnalystOpinions": 1, "grossProfits": 1339295000, "financialCurrency": "INR"}}}