{"AUROLAB.BO": {"cashflowStatementHistory": {"cashflowStatements": [{"maxAge": 1, "endDate": "2020-03-31", "netIncome": 40544858, "depreciation": 10232916, "changeToNetincome": 20952528, "changeToAccountReceivables": 27239704, "changeToLiabilities": -4448836, "changeToInventory": -6887264, "changeToOperatingActivities": 4254489, "totalCashFromOperatingActivities": 91888395, "capitalExpenditures": -6723125, "otherCashflowsFromInvestingActivities": -15353188, "totalCashflowsFromInvestingActivities": -22076313, "netBorrowings": -49383492, "otherCashflowsFromFinancingActivities": -4663493, "totalCashFromFinancingActivities": -54046985, "changeInCash": 15765097}, {"maxAge": 1, "endDate": "2019-03-31", "netIncome": 43994604, "depreciation": 10091512, "changeToNetincome": 23814600, "changeToAccountReceivables": -1288880, "changeToLiabilities": -1179110, "changeToInventory": -18828409, "changeToOperatingActivities": 12103851, "totalCashFromOperatingActivities": 68708168, "capitalExpenditures": -16150939, "otherCashflowsFromInvestingActivities": -15718564, "totalCashflowsFromInvestingActivities": -31869503, "netBorrowings": -11041388, "otherCashflowsFromFinancingActivities": -7222364, "totalCashFromFinancingActivities": -18263752, "changeInCash": 18574913}, {"maxAge": 1, "endDate": "2018-03-31", "netIncome": 35295345, "depreciation": 9310618, "changeToNetincome": 22821761, "changeToAccountReceivables": -6870616, "changeToLiabilities": 3745312, "changeToInventory": -1651503, "changeToOperatingActivities": -2122499, "totalCashFromOperatingActivities": 60528418, "capitalExpenditures": -18009128, "otherCashflowsFromInvestingActivities": -12341798, "totalCashflowsFromInvestingActivities": -30350926, "netBorrowings": -6843184, "otherCashflowsFromFinancingActivities": -10885138, "totalCashFromFinancingActivities": -17728322, "changeInCash": 12449170}, {"maxAge": 1, "endDate": "2017-03-31", "netIncome": 8151924, "depreciation": 8638232, "changeToNetincome": 31271323, "changeToAccountReceivables": -26294523, "changeToLiabilities": 13817785, "changeToInventory": 29830849, "changeToOperatingActivities": -532786, "totalCashFromOperatingActivities": 64882804, "capitalExpenditures": -16284098, "otherCashflowsFromInvestingActivities": -5727237, "totalCashflowsFromInvestingActivities": -22011335, "netBorrowings": -27412302, "otherCashflowsFromFinancingActivities": -10726388, "totalCashFromFinancingActivities": -38138690, "changeInCash": 4732779}], "maxAge": 86400}, "institutionOwnership": {"maxAge": 1, "ownershipList": []}, "balanceSheetHistoryQuarterly": {"balanceSheetStatements": [{"maxAge": 1, "endDate": "2020-06-30", "totalStockholderEquity": 214976000, "netTangibleAssets": 214976000}, {"maxAge": 1, "endDate": "2020-03-31", "cash": 50345916, "netReceivables": 75956165, "inventory": 40625383, "otherCurrentAssets": 10613779, "totalCurrentAssets": 179482063, "longTermInvestments": 487982, "propertyPlantEquipment": 143511973, "totalAssets": 323482018, "accountsPayable": 47382960, "otherCurrentLiab": 912391, "longTermDebt": 31559470, "otherLiab": 15591526, "totalCurrentLiabilities": 61355068, "totalLiab": 108506064, "commonStock": 62325000, "retainedEarnings": 145975954, "treasuryStock": 1500000, "capitalSurplus": 5175000, "otherStockholderEquity": 1500000, "totalStockholderEquity": 214975954, "netTangibleAssets": 214975954}, {"maxAge": 1, "endDate": "2019-12-31", "totalStockholderEquity": 199990000, "netTangibleAssets": 199990000}, {"maxAge": 1, "endDate": "2019-09-30", "cash": 59776000, "shortTermInvestments": 21059000, "netReceivables": 68848000, "inventory": 17727000, "totalCurrentAssets": 167410000, "longTermInvestments": 488000, "propertyPlantEquipment": 143800000, "totalAssets": 311698000, "accountsPayable": 40379000, "otherCurrentLiab": 18082000, "longTermDebt": 38280000, "otherLiab": 14967000, "totalCurrentLiabilities": 58461000, "totalLiab": 111708000, "commonStock": 62325000, "treasuryStock": 137665000, "otherStockholderEquity": 137665000, "totalStockholderEquity": 199990000, "netTangibleAssets": 199990000}], "maxAge": 86400}, "indexTrend": {"maxAge": 1, "symbol": "SP5", "peRatio": 19.7411, "pegRatio": 1.34172, "estimates": [{"period": "0q", "growth": 0.549}, {"period": "+1q", "growth": 0.431}, {"period": "0y", "growth": 0.305}, {"period": "+1y", "growth": 0.109}, {"period": "+5y", "growth": 0.120859005}, {"period": "-5y"}]}, "insiderTransactions": {"transactions": [{"maxAge": 1, "shares": 100000, "filerUrl": "", "transactionText": "", "filerName": "Deorah (Meena)", "filerRelation": "Promoter", "moneyText": "", "startDate": "2013-12-17", "ownership": "D"}, {"maxAge": 1, "shares": 100000, "filerUrl": "", "transactionText": "", "filerName": "Deorah (Sharat)", "filerRelation": "Managing Director", "moneyText": "", "startDate": "2013-12-17", "ownership": "D"}], "maxAge": 1}, "quoteType": {"exchange": "BSE", "quoteType": "EQUITY", "symbol": "AUROLAB.BO", "underlyingSymbol": "AUROLAB.BO", "shortName": "AURO LABORATORIES LTD.", "longName": "Auro Laboratories Limited", "firstTradeDateEpochUtc": "2000-11-13 09:15:00", "timeZoneFullName": "Asia/Kolkata", "timeZoneShortName": "IST", "uuid": "f2843e8b-d755-3b23-87ee-73dc3912b09e", "messageBoardId": null, "gmtOffSetMilliseconds": 19800000, "maxAge": 1}, "incomeStatementHistory": {"incomeStatementHistory": [{"maxAge": 1, "endDate": "2020-03-31", "totalRevenue": 437906160, "costOfRevenue": 250931477, "grossProfit": 186974683, "researchDevelopment": {}, "sellingGeneralAdministrative": 52758096, "nonRecurring": {}, "otherOperatingExpenses": 72632153, "totalOperatingExpenses": 386550245, "operatingIncome": 51355915, "totalOtherIncomeExpenseNet": 5062144, "ebit": 51355915, "interestExpense": -4663493, "incomeBeforeTax": 56418059, "incomeTaxExpense": 15873201, "minorityInterest": {}, "netIncomeFromContinuingOps": 40544858, "discontinuedOperations": {}, "extraordinaryItems": {}, "effectOfAccountingCharges": {}, "otherItems": {}, "netIncome": 40544858, "netIncomeApplicableToCommonShares": 40544858}, {"maxAge": 1, "endDate": "2019-03-31", "totalRevenue": 468231435, "costOfRevenue": 289581623, "grossProfit": 178649812, "researchDevelopment": {}, "sellingGeneralAdministrative": 40707091, "nonRecurring": {}, "otherOperatingExpenses": 69521923, "totalOperatingExpenses": 409902149, "operatingIncome": 58329286, "totalOtherIncomeExpenseNet": 2359231, "ebit": 58329286, "interestExpense": -7222364, "incomeBeforeTax": 60688517, "incomeTaxExpense": 16693913, "minorityInterest": {}, "netIncomeFromContinuingOps": 43994604, "discontinuedOperations": {}, "extraordinaryItems": {}, "effectOfAccountingCharges": {}, "otherItems": {}, "netIncome": 43994604, "netIncomeApplicableToCommonShares": 43994604}, {"maxAge": 1, "endDate": "2018-03-31", "totalRevenue": 407939848, "costOfRevenue": 249855980, "grossProfit": 158083868, "researchDevelopment": {}, "sellingGeneralAdministrative": 36953693, "nonRecurring": {}, "otherOperatingExpenses": 58800470, "totalOperatingExpenses": 354920761, "operatingIncome": 53019087, "totalOtherIncomeExpenseNet": -5745958, "ebit": 53019087, "interestExpense": -10885138, "incomeBeforeTax": 47273129, "incomeTaxExpense": 11977784, "minorityInterest": {}, "netIncomeFromContinuingOps": 35295345, "discontinuedOperations": {}, "extraordinaryItems": {}, "effectOfAccountingCharges": {}, "otherItems": {}, "netIncome": 35295345, "netIncomeApplicableToCommonShares": 35295345}, {"maxAge": 1, "endDate": "2017-03-31", "totalRevenue": 354747410, "costOfRevenue": 226909464, "grossProfit": 127837946, "researchDevelopment": {}, "sellingGeneralAdministrative": 30812828, "nonRecurring": {}, "otherOperatingExpenses": 53774089, "totalOperatingExpenses": 320130216, "operatingIncome": 34617194, "totalOtherIncomeExpenseNet": -5384964, "ebit": 34617194, "interestExpense": -10726388, "incomeBeforeTax": 29232230, "incomeTaxExpense": 21080306, "minorityInterest": {}, "netIncomeFromContinuingOps": 8151924, "discontinuedOperations": {}, "extraordinaryItems": {}, "effectOfAccountingCharges": {}, "otherItems": {}, "netIncome": 8151924, "netIncomeApplicableToCommonShares": 8151924}], "maxAge": 86400}, "fundOwnership": {"maxAge": 1, "ownershipList": []}, "summaryDetail": {"maxAge": 1, "priceHint": 2, "previousClose": 96.45, "open": 98.0, "dayLow": 93.0, "dayHigh": 98.5, "regularMarketPreviousClose": 96.45, "regularMarketOpen": 98.0, "regularMarketDayLow": 93.0, "regularMarketDayHigh": 98.5, "trailingPE": 13.554087, "volume": 15270, "regularMarketVolume": 15270, "averageVolume": 23967, "averageVolume10days": 12446, "averageDailyVolume10Day": 12446, "bid": 93.65, "ask": 0.0, "bidSize": 0, "askSize": 0, "marketCap": 588036352, "fiftyTwoWeekLow": 23.0, "fiftyTwoWeekHigh": 128.4, "fiftyDayAverage": 96.12206, "twoHundredDayAverage": 75.90331, "currency": "INR", "fromCurrency": null, "toCurrency": null, "lastMarket": null, "algorithm": null, "tradeable": false}, "incomeStatementHistoryQuarterly": {"incomeStatementHistory": [{"maxAge": 1, "endDate": "2020-06-30", "totalRevenue": 122246000, "costOfRevenue": 73932000, "grossProfit": 48314000, "researchDevelopment": {}, "sellingGeneralAdministrative": 12620000, "nonRecurring": {}, "otherOperatingExpenses": 13846000, "totalOperatingExpenses": 102898000, "operatingIncome": 19348000, "totalOtherIncomeExpenseNet": -228000, "ebit": 19348000, "interestExpense": -797000, "incomeBeforeTax": 19120000, "incomeTaxExpense": 5258000, "minorityInterest": {}, "netIncomeFromContinuingOps": 13862000, "discontinuedOperations": {}, "extraordinaryItems": {}, "effectOfAccountingCharges": {}, "otherItems": {}, "netIncome": 13862000, "netIncomeApplicableToCommonShares": 13862000}, {"maxAge": 1, "endDate": "2020-03-31", "totalRevenue": 94283160, "costOfRevenue": 57984477, "grossProfit": 36298683, "researchDevelopment": {}, "sellingGeneralAdministrative": 18495096, "nonRecurring": {}, "otherOperatingExpenses": 10606153, "totalOperatingExpenses": 89414245, "operatingIncome": 4868915, "totalOtherIncomeExpenseNet": 2834144, "ebit": 4868915, "interestExpense": -984493, "incomeBeforeTax": 7703059, "incomeTaxExpense": 3037201, "minorityInterest": {}, "netIncomeFromContinuingOps": 4665858, "discontinuedOperations": {}, "extraordinaryItems": {}, "effectOfAccountingCharges": {}, "otherItems": {}, "netIncome": 4665858, "netIncomeApplicableToCommonShares": 4665858}, {"maxAge": 1, "endDate": "2019-12-31", "totalRevenue": 95440000, "costOfRevenue": 44567000, "grossProfit": 50873000, "researchDevelopment": {}, "sellingGeneralAdministrative": 13668000, "nonRecurring": {}, "otherOperatingExpenses": 21360000, "totalOperatingExpenses": 82395000, "operatingIncome": 13045000, "totalOtherIncomeExpenseNet": 94000, "ebit": 13045000, "interestExpense": -982000, "incomeBeforeTax": 13139000, "incomeTaxExpense": 2755000, "minorityInterest": {}, "netIncomeFromContinuingOps": 10384000, "discontinuedOperations": {}, "extraordinaryItems": {}, "effectOfAccountingCharges": {}, "otherItems": {}, "netIncome": 10384000, "netIncomeApplicableToCommonShares": 10384000}, {"maxAge": 1, "endDate": "2019-09-30", "totalRevenue": 111027000, "costOfRevenue": 55792000, "grossProfit": 55235000, "researchDevelopment": {}, "sellingGeneralAdministrative": 10330000, "nonRecurring": {}, "otherOperatingExpenses": 23057000, "totalOperatingExpenses": 91779000, "operatingIncome": 19248000, "totalOtherIncomeExpenseNet": 1096000, "ebit": 19248000, "interestExpense": -1145000, "incomeBeforeTax": 20344000, "incomeTaxExpense": 5892000, "minorityInterest": {}, "netIncomeFromContinuingOps": 14452000, "discontinuedOperations": {}, "extraordinaryItems": {}, "effectOfAccountingCharges": {}, "otherItems": {}, "netIncome": 14452000, "netIncomeApplicableToCommonShares": 14452000}], "maxAge": 86400}, "cashflowStatementHistoryQuarterly": {"cashflowStatements": [{"maxAge": 1, "endDate": "2020-06-30", "netIncome": 13862000, "changeToLiabilities": 0}, {"maxAge": 1, "endDate": "2020-03-31", "netIncome": 4665858, "changeToLiabilities": 0}, {"maxAge": 1, "endDate": "2019-12-31", "netIncome": 10384000, "changeToLiabilities": 0}, {"maxAge": 1, "endDate": "2019-09-30", "netIncome": 14452000, "changeToLiabilities": 0}], "maxAge": 86400}, "insiderHolders": {"holders": [{"maxAge": 1, "name": "Deorah (Meena)", "relation": "Promoter", "url": "", "transactionDescription": "Acquisition", "latestTransDate": "2013-12-17", "positionDirect": 628755, "positionDirectDate": "2013-12-17"}, {"maxAge": 1, "name": "Deorah (Sharat)", "relation": "Managing Director", "url": "", "transactionDescription": "Acquisition", "latestTransDate": "2013-12-17", "positionDirect": 417026, "positionDirectDate": "2013-12-17"}], "maxAge": 1}, "calendarEvents": {"maxAge": 1, "earnings": {"earningsDate": ["2020-08-31 05:30:S"]}}, "price": {"maxAge": 1, "regularMarketChangePercent": -0.021772927, "regularMarketChange": -2.0999985, "regularMarketTime": "2021-04-30 15:58:41", "priceHint": 2, "regularMarketPrice": 94.35, "regularMarketDayHigh": 98.5, "regularMarketDayLow": 93.0, "regularMarketVolume": 15270, "averageDailyVolume10Day": 12446, "averageDailyVolume3Month": 23967, "regularMarketPreviousClose": 96.45, "regularMarketSource": "FREE_REALTIME", "regularMarketOpen": 98.0, "exchange": "BSE", "exchangeName": "BSE", "exchangeDataDelayedBy": 0, "marketState": "CLOSED", "quoteType": "EQUITY", "symbol": "AUROLAB.BO", "underlyingSymbol": null, "shortName": "AURO LABORATORIES LTD.", "longName": "Auro Laboratories Limited", "currency": "INR", "quoteSourceName": "Delayed Quote", "currencySymbol": "\u20b9", "fromCurrency": null, "toCurrency": null, "lastMarket": null, "marketCap": 588036352}, "balanceSheetHistory": {"balanceSheetStatements": [{"maxAge": 1, "endDate": "2020-03-31", "cash": 50345916, "netReceivables": 75956165, "inventory": 40625383, "otherCurrentAssets": 10613779, "totalCurrentAssets": 179482063, "longTermInvestments": 487982, "propertyPlantEquipment": 143511973, "totalAssets": 323482018, "accountsPayable": 47382960, "otherCurrentLiab": 912391, "longTermDebt": 31559470, "otherLiab": 15591526, "totalCurrentLiabilities": 61355068, "totalLiab": 108506064, "commonStock": 62325000, "retainedEarnings": 145975954, "treasuryStock": 1500000, "capitalSurplus": 5175000, "otherStockholderEquity": 1500000, "totalStockholderEquity": 214975954, "netTangibleAssets": 214975954}, {"maxAge": 1, "endDate": "2019-03-31", "cash": 33588473, "netReceivables": 109411889, "inventory": 33738119, "otherCurrentAssets": 10282447, "totalCurrentAssets": 187145117, "longTermInvestments": 487982, "propertyPlantEquipment": 147021764, "totalAssets": 334654863, "accountsPayable": 51831796, "otherCurrentLiab": 3700972, "longTermDebt": 80942962, "otherLiab": 14966694, "totalCurrentLiabilities": 64625126, "totalLiab": 160534782, "commonStock": 62325000, "retainedEarnings": 105120081, "treasuryStock": 1500000, "capitalSurplus": 5175000, "otherStockholderEquity": 1500000, "totalStockholderEquity": 174120081, "netTangibleAssets": 174120081}, {"maxAge": 1, "endDate": "2018-03-31", "cash": 17974450, "netReceivables": 116293006, "inventory": 14909710, "otherCurrentAssets": 13100264, "totalCurrentAssets": 162584511, "longTermInvestments": 487982, "propertyPlantEquipment": 140962334, "otherAssets": 1, "totalAssets": 304034828, "accountsPayable": 53010906, "otherCurrentLiab": 11879738, "longTermDebt": 91984350, "otherLiab": 14441360, "totalCurrentLiabilities": 67831980, "totalLiab": 174257690, "commonStock": 62325000, "retainedEarnings": 60777138, "treasuryStock": 1500000, "capitalSurplus": 5175000, "otherStockholderEquity": 1500000, "totalStockholderEquity": 129777138, "netTangibleAssets": 129777138}, {"maxAge": 1, "endDate": "2017-03-31", "cash": 4977376, "netReceivables": 100596540, "inventory": 13258207, "otherCurrentAssets": 16089931, "totalCurrentAssets": 135293674, "longTermInvestments": 487982, "propertyPlantEquipment": 132263826, "totalAssets": 268045482, "accountsPayable": 49265594, "otherCurrentLiab": 7462673, "longTermDebt": 98827534, "otherLiab": 15197840, "totalCurrentLiabilities": 59889622, "totalLiab": 173914996, "commonStock": 62325000, "retainedEarnings": 25130486, "treasuryStock": 1500000, "capitalSurplus": 5175000, "otherStockholderEquity": 1500000, "totalStockholderEquity": 94130486, "netTangibleAssets": 94130486}], "maxAge": 86400}, "financialData": {"maxAge": 86400, "currentPrice": 94.35, "recommendationKey": "none", "grossProfits": 186974683, "financialCurrency": "INR"}}}