{"AUSOMENT.BO": {"cashflowStatementHistory": {"cashflowStatements": [{"maxAge": 1, "endDate": "2020-03-31", "netIncome": 175119210, "depreciation": 143998, "changeToNetincome": -46996113, "changeToAccountReceivables": 682673506, "changeToLiabilities": -2698265681, "changeToInventory": 95592609, "changeToOperatingActivities": -82156305, "totalCashFromOperatingActivities": -1873888776, "capitalExpenditures": -10682765, "investments": -23159275, "otherCashflowsFromInvestingActivities": 296495220, "totalCashflowsFromInvestingActivities": 3028599862, "netBorrowings": -889592734, "otherCashflowsFromFinancingActivities": -252931315, "totalCashFromFinancingActivities": -1142524049, "changeInCash": 12187037}, {"maxAge": 1, "endDate": "2019-03-31", "netIncome": 99699548, "depreciation": 52026, "changeToNetincome": -48192248, "changeToAccountReceivables": -3190829733, "changeToLiabilities": 3103506796, "changeToInventory": 34369247, "changeToOperatingActivities": -63743786, "totalCashFromOperatingActivities": -65138150, "capitalExpenditures": -1462885, "investments": -215161926, "otherCashflowsFromInvestingActivities": 103643363, "totalCashflowsFromInvestingActivities": -2947728079, "netBorrowings": 3061516588, "otherCashflowsFromFinancingActivities": -49611749, "totalCashFromFinancingActivities": 3011904839, "changeInCash": -961390}, {"maxAge": 1, "endDate": "2018-03-31", "netIncome": 194578555, "depreciation": 22832, "changeToNetincome": -23901863, "changeToAccountReceivables": -3463342, "changeToLiabilities": 91819239, "changeToInventory": -65969247, "changeToOperatingActivities": 94662258, "totalCashFromOperatingActivities": 287748432, "capitalExpenditures": -35500, "investments": -52395096, "otherCashflowsFromInvestingActivities": 60850004, "totalCashflowsFromInvestingActivities": -243379205, "netBorrowings": 145500000, "otherCashflowsFromFinancingActivities": -20982133, "totalCashFromFinancingActivities": 124517867, "changeInCash": 168887094}, {"maxAge": 1, "endDate": "2017-03-31", "netIncome": 80322273, "depreciation": 55042, "changeToNetincome": -8031997, "changeToAccountReceivables": -3472281, "changeToLiabilities": 738135, "changeToInventory": 130633630, "changeToOperatingActivities": -70259233, "totalCashFromOperatingActivities": 129985569, "capitalExpenditures": -35500, "investments": -17900000, "otherCashflowsFromInvestingActivities": 72527539, "totalCashflowsFromInvestingActivities": -113102799, "netBorrowings": 145500000, "otherCashflowsFromFinancingActivities": -35503244, "totalCashFromFinancingActivities": -35503244, "changeInCash": -18620474}], "maxAge": 86400}, "institutionOwnership": {"maxAge": 1, "ownershipList": []}, "balanceSheetHistoryQuarterly": {"balanceSheetStatements": [{"maxAge": 1, "endDate": "2020-06-30", "totalStockholderEquity": 964808000, "netTangibleAssets": 964808000}, {"maxAge": 1, "endDate": "2020-03-31", "cash": 8485224, "shortTermInvestments": 3776509, "netReceivables": 3307146442, "inventory": 1897623, "otherCurrentAssets": 56092790, "totalCurrentAssets": 3476997092, "longTermInvestments": 520789861, "propertyPlantEquipment": 1352855, "otherAssets": 3299439, "totalAssets": 4002439247, "accountsPayable": 498210691, "otherCurrentLiab": 17460315, "otherLiab": 3609190, "totalCurrentLiabilities": 3034021363, "totalLiab": 3037630553, "commonStock": 136235520, "retainedEarnings": 464468551, "treasuryStock": -13777, "capitalSurplus": 364118400, "otherStockholderEquity": -13777, "totalStockholderEquity": 964808694, "netTangibleAssets": 964808694}, {"maxAge": 1, "endDate": "2019-12-31", "totalStockholderEquity": 888563000, "netTangibleAssets": 888563000}, {"maxAge": 1, "endDate": "2019-09-30", "cash": 543243000, "shortTermInvestments": 135116000, "netReceivables": 8281964000, "inventory": 98044000, "otherCurrentAssets": 97572000, "totalCurrentAssets": 9155939000, "longTermInvestments": 544346000, "propertyPlantEquipment": 1407000, "otherAssets": 7586000, "totalAssets": 9709278000, "accountsPayable": 3019952000, "shortLongTermDebt": 5767491000, "otherCurrentLiab": 27954000, "otherLiab": 5205000, "totalCurrentLiabilities": 8815510000, "totalLiab": 8820715000, "commonStock": 136236000, "treasuryStock": 752327000, "otherStockholderEquity": 752327000, "totalStockholderEquity": 888563000, "netTangibleAssets": 888563000}], "maxAge": 86400}, "indexTrend": {"maxAge": 1, "symbol": "SP5", "peRatio": 19.7411, "pegRatio": 1.34172, "estimates": [{"period": "0q", "growth": 0.549}, {"period": "+1q", "growth": 0.431}, {"period": "0y", "growth": 0.305}, {"period": "+1y", "growth": 0.109}, {"period": "+5y", "growth": 0.120865}, {"period": "-5y"}]}, "insiderTransactions": {"transactions": [{"maxAge": 1, "shares": 5010000, "filerUrl": "", "transactionText": "", "filerName": "Pawani (Savitri Dayaram)", "filerRelation": "Promoter", "moneyText": "", "startDate": "2017-03-31", "ownership": "D"}, {"maxAge": 1, "shares": 65829, "filerUrl": "", "transactionText": "", "filerName": "Mandalia (Arunaben Kishorbhai)", "filerRelation": "Promoter", "moneyText": "", "startDate": "2017-03-31", "ownership": "D"}, {"maxAge": 1, "shares": 836420, "filerUrl": "", "transactionText": "", "filerName": "Mandalia (Vipulkumar Zaverilal)", "filerRelation": "Promoter", "moneyText": "", "startDate": "2017-03-31", "ownership": "D"}, {"maxAge": 1, "shares": 32307, "filerUrl": "", "transactionText": "", "filerName": "Mandalia (Frafullaben Z)", "filerRelation": "Promoter", "moneyText": "", "startDate": "2017-03-31", "ownership": "D"}, {"maxAge": 1, "shares": 364693, "filerUrl": "", "transactionText": "", "filerName": "Mandalia (Bharat Pranjivandas)", "filerRelation": "Promoter", "moneyText": "", "startDate": "2017-03-31", "ownership": "D"}, {"maxAge": 1, "shares": 38883, "filerUrl": "", "transactionText": "", "filerName": "Mandalia (Fennyben C)", "filerRelation": "Promoter", "moneyText": "", "startDate": "2017-03-31", "ownership": "D"}, {"maxAge": 1, "shares": 797647, "filerUrl": "", "transactionText": "", "filerName": "Mandalia (Chandresh)", "filerRelation": "Promoter", "moneyText": "", "startDate": "2017-03-31", "ownership": "D"}, {"maxAge": 1, "shares": 890572, "filerUrl": "", "transactionText": "", "filerName": "Mandalia (Daxaben Bharatbhai)", "filerRelation": "Promoter", "moneyText": "", "startDate": "2017-03-31", "ownership": "D"}, {"maxAge": 1, "shares": 65829, "filerUrl": "", "transactionText": "", "filerName": "Mandalia (Arunaben Kishorbhai)", "filerRelation": "Promoter", "moneyText": "", "startDate": "2017-03-30", "ownership": "D"}, {"maxAge": 1, "shares": 5019000, "filerUrl": "", "transactionText": "", "filerName": "Pawani (Savitri Dayaram)", "filerRelation": "Promoter", "moneyText": "", "startDate": "2017-03-30", "ownership": "D"}, {"maxAge": 1, "shares": 836420, "filerUrl": "", "transactionText": "", "filerName": "Mandalia (Vipulkumar Zaverilal)", "filerRelation": "Promoter", "moneyText": "", "startDate": "2017-03-30", "ownership": "D"}, {"maxAge": 1, "shares": 32307, "filerUrl": "", "transactionText": "", "filerName": "Mandalia (Frafullaben Z)", "filerRelation": "Promoter", "moneyText": "", "startDate": "2017-03-30", "ownership": "D"}, {"maxAge": 1, "shares": 37875, "filerUrl": "", "transactionText": "", "filerName": "Mandalia (Fennyben C)", "filerRelation": "Promoter", "moneyText": "", "startDate": "2017-03-30", "ownership": "D"}, {"maxAge": 1, "shares": 890572, "filerUrl": "", "transactionText": "", "filerName": "Mandalia (Daxaben Bharatbhai)", "filerRelation": "Promoter", "moneyText": "", "startDate": "2017-03-30", "ownership": "D"}, {"maxAge": 1, "shares": 364693, "filerUrl": "", "transactionText": "", "filerName": "Mandalia (Bharat Pranjivandas)", "filerRelation": "Promoter", "moneyText": "", "startDate": "2017-03-30", "ownership": "D"}, {"maxAge": 1, "shares": 797647, "filerUrl": "", "transactionText": "", "filerName": "Mandalia (Chandresh)", "filerRelation": "Promoter", "moneyText": "", "startDate": "2017-03-30", "ownership": "D"}], "maxAge": 1}, "quoteType": {"exchange": "BSE", "quoteType": "EQUITY", "symbol": "AUSOMENT.BO", "underlyingSymbol": "AUSOMENT.BO", "shortName": "AUSOM ENTERPRISE LIMITED", "longName": "Ausom Enterprise Limited", "firstTradeDateEpochUtc": "2002-04-16 09:15:00", "timeZoneFullName": "Asia/Kolkata", "timeZoneShortName": "IST", "uuid": "e7802737-07ab-3c41-bda5-b40b541de322", "messageBoardId": null, "gmtOffSetMilliseconds": 19800000, "maxAge": 1}, "incomeStatementHistory": {"incomeStatementHistory": [{"maxAge": 1, "endDate": "2020-03-31", "totalRevenue": 11026777710, "costOfRevenue": 10503999596, "grossProfit": 522778114, "researchDevelopment": {}, "sellingGeneralAdministrative": 1961030, "nonRecurring": {}, "otherOperatingExpenses": 11531652, "totalOperatingExpenses": 10517636276, "operatingIncome": 509141434, "totalOtherIncomeExpenseNet": -284012005, "ebit": 509141434, "interestExpense": -245687460, "incomeBeforeTax": 225129429, "incomeTaxExpense": 50010219, "minorityInterest": {}, "netIncomeFromContinuingOps": 175119210, "discontinuedOperations": {}, "extraordinaryItems": {}, "effectOfAccountingCharges": {}, "otherItems": {}, "netIncome": 175119210, "netIncomeApplicableToCommonShares": 175119210}, {"maxAge": 1, "endDate": "2019-03-31", "totalRevenue": 4519396576, "costOfRevenue": 4332651432, "grossProfit": 186745144, "researchDevelopment": {}, "sellingGeneralAdministrative": 1953094, "nonRecurring": {}, "otherOperatingExpenses": 8028484, "totalOperatingExpenses": 4342685036, "operatingIncome": 176711540, "totalOtherIncomeExpenseNet": -49806170, "ebit": 176711540, "interestExpense": -49611749, "incomeBeforeTax": 126905370, "incomeTaxExpense": 27205822, "minorityInterest": {}, "netIncomeFromContinuingOps": 99699548, "discontinuedOperations": {}, "extraordinaryItems": {}, "effectOfAccountingCharges": {}, "otherItems": {}, "netIncome": 99699548, "netIncomeApplicableToCommonShares": 99699548}, {"maxAge": 1, "endDate": "2018-03-31", "totalRevenue": 3535744635, "costOfRevenue": 3268151983, "grossProfit": 267592652, "researchDevelopment": {}, "sellingGeneralAdministrative": 1345367, "nonRecurring": {}, "otherOperatingExpenses": 16951721, "totalOperatingExpenses": 3286471903, "operatingIncome": 249272732, "totalOtherIncomeExpenseNet": -18044105, "ebit": 249272732, "interestExpense": -20982133, "incomeBeforeTax": 231228627, "incomeTaxExpense": 36650072, "minorityInterest": {}, "netIncomeFromContinuingOps": 194578555, "discontinuedOperations": {}, "extraordinaryItems": {}, "effectOfAccountingCharges": {}, "otherItems": {}, "netIncome": 194578555, "netIncomeApplicableToCommonShares": 194578555}, {"maxAge": 1, "endDate": "2017-03-31", "totalRevenue": 2946820049, "costOfRevenue": 2800207522, "grossProfit": 146612527, "researchDevelopment": {}, "sellingGeneralAdministrative": 1358357, "nonRecurring": {}, "otherOperatingExpenses": 9369611, "totalOperatingExpenses": 2810969926, "operatingIncome": 135850123, "totalOtherIncomeExpenseNet": -30987939, "ebit": 135850123, "interestExpense": -35503244, "incomeBeforeTax": 104862184, "incomeTaxExpense": 24539911, "minorityInterest": {}, "netIncomeFromContinuingOps": 80322273, "discontinuedOperations": {}, "extraordinaryItems": {}, "effectOfAccountingCharges": {}, "otherItems": {}, "netIncome": 80322273, "netIncomeApplicableToCommonShares": 80322273}], "maxAge": 86400}, "fundOwnership": {"maxAge": 1, "ownershipList": []}, "summaryDetail": {"maxAge": 1, "priceHint": 2, "previousClose": 63.25, "open": 64.25, "dayLow": 61.5, "dayHigh": 64.25, "regularMarketPreviousClose": 63.25, "regularMarketOpen": 64.25, "regularMarketDayLow": 61.5, "regularMarketDayHigh": 64.25, "trailingPE": 4.43145, "volume": 8858, "regularMarketVolume": 8858, "averageVolume": 2469, "averageVolume10days": 2526, "averageDailyVolume10Day": 2526, "bid": 62.0, "ask": 62.2, "bidSize": 0, "askSize": 0, "marketCap": 866038656, "fiftyTwoWeekLow": 23.5, "fiftyTwoWeekHigh": 83.65, "fiftyDayAverage": 49.944286, "twoHundredDayAverage": 48.526276, "currency": "INR", "fromCurrency": null, "toCurrency": null, "lastMarket": null, "algorithm": null, "tradeable": false}, "incomeStatementHistoryQuarterly": {"incomeStatementHistory": [{"maxAge": 1, "endDate": "2020-06-30", "totalRevenue": 1768390000, "costOfRevenue": 1689696000, "grossProfit": 78694000, "researchDevelopment": {}, "sellingGeneralAdministrative": 320000, "nonRecurring": {}, "otherOperatingExpenses": 2429000, "totalOperatingExpenses": 1692475000, "operatingIncome": 75915000, "totalOtherIncomeExpenseNet": -28888000, "ebit": 75915000, "interestExpense": -7490000, "incomeBeforeTax": 47027000, "incomeTaxExpense": 12000000, "minorityInterest": {}, "netIncomeFromContinuingOps": 35027000, "discontinuedOperations": {}, "extraordinaryItems": {}, "effectOfAccountingCharges": {}, "otherItems": {}, "netIncome": 35027000, "netIncomeApplicableToCommonShares": 35027000}, {"maxAge": 1, "endDate": "2020-03-31", "totalRevenue": 1196272710, "costOfRevenue": 1086850596, "grossProfit": 109422114, "researchDevelopment": {}, "sellingGeneralAdministrative": 1021030, "nonRecurring": {}, "otherOperatingExpenses": 2319652, "totalOperatingExpenses": 1090227276, "operatingIncome": 106045434, "totalOtherIncomeExpenseNet": -109514005, "ebit": 106045434, "interestExpense": -71225460, "incomeBeforeTax": -3468571, "incomeTaxExpense": 10010219, "minorityInterest": {}, "netIncomeFromContinuingOps": -13478790, "discontinuedOperations": {}, "extraordinaryItems": {}, "effectOfAccountingCharges": {}, "otherItems": {}, "netIncome": -13478790, "netIncomeApplicableToCommonShares": -13478790}, {"maxAge": 1, "endDate": "2019-12-31", "totalRevenue": 4081558000, "costOfRevenue": 3895547000, "grossProfit": 186011000, "researchDevelopment": {}, "sellingGeneralAdministrative": 311000, "nonRecurring": {}, "otherOperatingExpenses": 3251000, "totalOperatingExpenses": 3899145000, "operatingIncome": 182413000, "totalOtherIncomeExpenseNet": -73676000, "ebit": 182413000, "interestExpense": -73676000, "incomeBeforeTax": 108737000, "incomeTaxExpense": 19000000, "minorityInterest": {}, "netIncomeFromContinuingOps": 89737000, "discontinuedOperations": {}, "extraordinaryItems": {}, "effectOfAccountingCharges": {}, "otherItems": {}, "netIncome": 89737000, "netIncomeApplicableToCommonShares": 89737000}, {"maxAge": 1, "endDate": "2019-09-30", "totalRevenue": 4656622000, "costOfRevenue": 4498276000, "grossProfit": 158346000, "researchDevelopment": {}, "sellingGeneralAdministrative": 315000, "nonRecurring": {}, "otherOperatingExpenses": 4006000, "totalOperatingExpenses": 4502632000, "operatingIncome": 153990000, "totalOtherIncomeExpenseNet": -55520000, "ebit": 153990000, "interestExpense": -55520000, "incomeBeforeTax": 98470000, "incomeTaxExpense": 16400000, "minorityInterest": {}, "netIncomeFromContinuingOps": 82070000, "discontinuedOperations": {}, "extraordinaryItems": {}, "effectOfAccountingCharges": {}, "otherItems": {}, "netIncome": 82070000, "netIncomeApplicableToCommonShares": 82070000}], "maxAge": 86400}, "cashflowStatementHistoryQuarterly": {"cashflowStatements": [{"maxAge": 1, "endDate": "2020-06-30", "netIncome": 35027000, "changeToLiabilities": 0}, {"maxAge": 1, "endDate": "2020-03-31", "netIncome": -13478790, "changeToLiabilities": 0}, {"maxAge": 1, "endDate": "2019-12-31", "netIncome": 89737000, "changeToLiabilities": 0}, {"maxAge": 1, "endDate": "2019-09-30", "netIncome": 82070000, "changeToLiabilities": 0}], "maxAge": 86400}, "insiderHolders": {"holders": [{"maxAge": 1, "name": "Mandalia (Arunaben Kishorbhai)", "relation": "Promoter", "url": "", "transactionDescription": "Sale", "latestTransDate": "2017-03-31", "positionDirect": 65829, "positionDirectDate": "2017-03-31"}, {"maxAge": 1, "name": "Mandalia (Bharat Pranjivandas)", "relation": "Promoter", "url": "", "transactionDescription": "Sale", "latestTransDate": "2017-03-31", "positionDirect": 364693, "positionDirectDate": "2017-03-31"}, {"maxAge": 1, "name": "Mandalia (Chandresh)", "relation": "Promoter", "url": "", "transactionDescription": "Sale", "latestTransDate": "2017-03-31", "positionDirect": 797647, "positionDirectDate": "2017-03-31"}, {"maxAge": 1, "name": "Mandalia (Daxaben Bharatbhai)", "relation": "Promoter", "url": "", "transactionDescription": "Sale", "latestTransDate": "2017-03-31", "positionDirect": 890572, "positionDirectDate": "2017-03-31"}, {"maxAge": 1, "name": "Mandalia (Fennyben C)", "relation": "Promoter", "url": "", "transactionDescription": "Sale", "latestTransDate": "2017-03-31", "positionDirect": 37875, "positionDirectDate": "2017-03-31"}, {"maxAge": 1, "name": "Mandalia (Frafullaben Z)", "relation": "Promoter", "url": "", "transactionDescription": "Sale", "latestTransDate": "2017-03-31", "positionDirect": 32307, "positionDirectDate": "2017-03-31"}, {"maxAge": 1, "name": "Mandalia (Vipulkumar Zaverilal)", "relation": "Promoter", "url": "", "transactionDescription": "Sale", "latestTransDate": "2017-03-31", "positionDirect": 836420, "positionDirectDate": "2017-03-31"}, {"maxAge": 1, "name": "Pawani (Savitri Dayaram)", "relation": "Promoter", "url": "", "transactionDescription": "Acquisition", "latestTransDate": "2017-03-31", "positionDirect": 5020000, "positionDirectDate": "2017-03-31"}], "maxAge": 1}, "calendarEvents": {"maxAge": 1, "earnings": {"earningsDate": []}}, "price": {"maxAge": 1, "regularMarketChangePercent": -0.005533573, "regularMarketChange": -0.34999847, "regularMarketTime": "2021-04-30 15:59:07", "priceHint": 2, "regularMarketPrice": 62.9, "regularMarketDayHigh": 64.25, "regularMarketDayLow": 61.5, "regularMarketVolume": 8858, "averageDailyVolume10Day": 2526, "averageDailyVolume3Month": 2469, "regularMarketPreviousClose": 63.25, "regularMarketSource": "FREE_REALTIME", "regularMarketOpen": 64.25, "exchange": "BSE", "exchangeName": "BSE", "exchangeDataDelayedBy": 0, "marketState": "CLOSED", "quoteType": "EQUITY", "symbol": "AUSOMENT.BO", "underlyingSymbol": null, "shortName": "AUSOM ENTERPRISE LIMITED", "longName": "Ausom Enterprise Limited", "currency": "INR", "quoteSourceName": "Delayed Quote", "currencySymbol": "\u20b9", "fromCurrency": null, "toCurrency": null, "lastMarket": null, "marketCap": 866038656}, "balanceSheetHistory": {"balanceSheetStatements": [{"maxAge": 1, "endDate": "2020-03-31", "cash": 8485224, "shortTermInvestments": 3776509, "netReceivables": 3307146442, "inventory": 1897623, "otherCurrentAssets": 56092790, "totalCurrentAssets": 3476997092, "longTermInvestments": 520789861, "propertyPlantEquipment": 1352855, "otherAssets": 3299439, "totalAssets": 4002439247, "accountsPayable": 498210691, "otherCurrentLiab": 17460315, "otherLiab": 3609190, "totalCurrentLiabilities": 3034021363, "totalLiab": 3037630553, "commonStock": 136235520, "retainedEarnings": 464468551, "treasuryStock": -13777, "capitalSurplus": 364118400, "otherStockholderEquity": -13777, "totalStockholderEquity": 964808694, "netTangibleAssets": 964808694}, {"maxAge": 1, "endDate": "2019-03-31", "cash": 3373860, "shortTermInvestments": 810397, "netReceivables": 6574629421, "inventory": 92131, "otherCurrentAssets": 105005271, "totalCurrentAssets": 6931507200, "longTermInvestments": 495557302, "propertyPlantEquipment": 1478353, "otherAssets": 4022876, "totalAssets": 7432565731, "accountsPayable": 3196476372, "shortLongTermDebt": 200000000, "otherCurrentLiab": 17780624, "otherLiab": 5204819, "totalCurrentLiabilities": 6637658777, "totalLiab": 6642863596, "commonStock": 136235520, "retainedEarnings": 225491041, "treasuryStock": -1126, "capitalSurplus": 364118400, "otherStockholderEquity": -1126, "totalStockholderEquity": 725843835, "netTangibleAssets": 725843835}, {"maxAge": 1, "endDate": "2018-03-31", "cash": 3133031, "shortTermInvestments": 2892643, "netReceivables": 505931315, "otherCurrentAssets": 223413458, "totalCurrentAssets": 960356279, "longTermInvestments": 280395376, "propertyPlantEquipment": 67494, "otherAssets": 1896614, "totalAssets": 1242715763, "accountsPayable": 92969576, "shortLongTermDebt": 200000000, "otherCurrentLiab": 101184522, "otherLiab": 6964122, "totalCurrentLiabilities": 545727859, "totalLiab": 552691981, "commonStock": 136235520, "retainedEarnings": 125791493, "treasuryStock": 20069, "capitalSurplus": 364118400, "otherStockholderEquity": 20069, "totalStockholderEquity": 626165482, "netTangibleAssets": 626165482}, {"maxAge": 1, "endDate": "2017-03-31", "cash": 17916951, "shortTermInvestments": 2002100, "netReceivables": 234894079, "otherCurrentAssets": 242481913, "totalCurrentAssets": 656311629, "longTermInvestments": 228000280, "propertyPlantEquipment": 54826, "otherAssets": 18372605, "totalAssets": 902739340, "accountsPayable": 1150337, "shortLongTermDebt": 200000000, "otherCurrentLiab": 6836912, "otherLiab": 8562810, "totalCurrentLiabilities": 398718266, "totalLiab": 407281076, "commonStock": 136235520, "retainedEarnings": -68787062, "treasuryStock": 33106, "capitalSurplus": 364118400, "otherStockholderEquity": 33106, "totalStockholderEquity": 431599964, "netTangibleAssets": 431599964}], "maxAge": 86400}, "financialData": {"maxAge": 86400, "currentPrice": 62.9, "recommendationKey": "none", "grossProfits": 522778114, "financialCurrency": "INR"}}}