{"AUTOIND.BO": {"recommendationTrend": {"trend": [{"period": "0m", "strongBuy": 0, "buy": 0, "hold": 0, "sell": 0, "strongSell": 0}, {"period": "-1m", "strongBuy": 0, "buy": 0, "hold": 0, "sell": 0, "strongSell": 0}, {"period": "-2m", "strongBuy": 0, "buy": 0, "hold": 0, "sell": 0, "strongSell": 0}, {"period": "-3m", "strongBuy": 0, "buy": 0, "hold": 0, "sell": 0, "strongSell": 0}], "maxAge": 86400}, "cashflowStatementHistory": {"cashflowStatements": [{"maxAge": 1, "endDate": "2020-03-31", "netIncome": -658700000, "depreciation": 209500000, "changeToNetincome": 294200000, "changeToAccountReceivables": 172400000, "changeToLiabilities": -9200000, "changeToInventory": 187400000, "changeToOperatingActivities": 31000000, "totalCashFromOperatingActivities": 226600000, "capitalExpenditures": -15000000, "investments": -23900000, "otherCashflowsFromInvestingActivities": -1200000, "totalCashflowsFromInvestingActivities": -30000000, "netBorrowings": -319700000, "otherCashflowsFromFinancingActivities": 131800000, "totalCashFromFinancingActivities": -187900000, "changeInCash": 8700000}, {"maxAge": 1, "endDate": "2019-03-31", "netIncome": -49484024, "depreciation": 196663201, "changeToNetincome": -165902064, "changeToAccountReceivables": 11611268, "changeToLiabilities": 1126666, "changeToInventory": 7903290, "changeToOperatingActivities": 578748875, "totalCashFromOperatingActivities": 596331906, "capitalExpenditures": -78218021, "investments": -1931144, "otherCashflowsFromInvestingActivities": 35804248, "totalCashflowsFromInvestingActivities": -31306781, "netBorrowings": -654175644, "otherCashflowsFromFinancingActivities": -367731862, "totalCashFromFinancingActivities": -581837492, "changeInCash": -16812368, "issuanceOfStock": 440070014}, {"maxAge": 1, "endDate": "2018-03-31", "netIncome": -523780232, "depreciation": 200069627, "changeToNetincome": 245088914, "changeToAccountReceivables": 83021900, "changeToLiabilities": -420563648, "changeToInventory": -100636422, "changeToOperatingActivities": 321223899, "totalCashFromOperatingActivities": -172566318, "capitalExpenditures": -44835199, "investments": 1974065, "otherCashflowsFromInvestingActivities": 7382867, "totalCashflowsFromInvestingActivities": 67912984, "netBorrowings": 19630434, "otherCashflowsFromFinancingActivities": -368602585, "totalCashFromFinancingActivities": 125270133, "changeInCash": 20616799, "issuanceOfStock": 474242284}, {"maxAge": 1, "endDate": "2017-03-31", "netIncome": -712584970, "depreciation": 211459037, "changeToNetincome": 319023636, "changeToAccountReceivables": 34095535, "changeToLiabilities": 213265766, "changeToInventory": -31661144, "changeToOperatingActivities": 387191049, "totalCashFromOperatingActivities": 444514276, "capitalExpenditures": -57109246, "investments": 160753, "otherCashflowsFromInvestingActivities": 11056134, "totalCashflowsFromInvestingActivities": -46550026, "netBorrowings": -202672932, "otherCashflowsFromFinancingActivities": -367516836, "totalCashFromFinancingActivities": -402189768, "changeInCash": -4225518, "issuanceOfStock": 168000000}], "maxAge": 86400}, "institutionOwnership": {"maxAge": 1, "ownershipList": []}, "balanceSheetHistoryQuarterly": {"balanceSheetStatements": [{"maxAge": 1, "endDate": "2020-06-30", "totalStockholderEquity": 412800000, "netTangibleAssets": -3000000}, {"maxAge": 1, "endDate": "2020-03-31", "cash": 74400000, "netReceivables": 277200000, "inventory": 1531600000, "otherCurrentAssets": 170100000, "totalCurrentAssets": 2053300000, "longTermInvestments": 2600000, "propertyPlantEquipment": 1461700000, "goodWill": 413400000, "intangibleAssets": 2400000, "otherAssets": 382700000, "deferredLongTermAssetCharges": 134100000, "totalAssets": 4316100000, "accountsPayable": 520300000, "otherCurrentLiab": 1573700000, "longTermDebt": 488800000, "otherLiab": 9800000, "minorityInterest": 621100000, "totalCurrentLiabilities": 2776400000, "totalLiab": 3282200000, "commonStock": 270300000, "treasuryStock": 142500000, "otherStockholderEquity": 142500000, "totalStockholderEquity": 412800000, "netTangibleAssets": -3000000}, {"maxAge": 1, "endDate": "2019-12-31", "totalStockholderEquity": 748100000, "netTangibleAssets": 330900000}, {"maxAge": 1, "endDate": "2019-09-30", "cash": 81300000, "shortTermInvestments": 4600000, "netReceivables": 443700000, "inventory": 1643800000, "otherCurrentAssets": 169200000, "totalCurrentAssets": 2338000000, "longTermInvestments": 2600000, "propertyPlantEquipment": 1550400000, "goodWill": 413400000, "intangibleAssets": 3800000, "otherAssets": 389400000, "deferredLongTermAssetCharges": 133900000, "totalAssets": 4697600000, "accountsPayable": 640800000, "otherCurrentLiab": 1563000000, "longTermDebt": 689000000, "otherLiab": 6400000, "minorityInterest": 622200000, "totalCurrentLiabilities": 2631900000, "totalLiab": 3327300000, "commonStock": 270300000, "treasuryStock": 477800000, "otherStockholderEquity": 477800000, "totalStockholderEquity": 748100000, "netTangibleAssets": 330900000}], "maxAge": 86400}, "earningsHistory": {"history": [{"maxAge": 1, "epsActual": {}, "epsEstimate": {}, "epsDifference": {}, "surprisePercent": {}, "quarter": {}, "period": "-4q"}, {"maxAge": 1, "epsActual": {}, "epsEstimate": {}, "epsDifference": {}, "surprisePercent": {}, "quarter": {}, "period": "-3q"}, {"maxAge": 1, "epsActual": {}, "epsEstimate": {}, "epsDifference": {}, "surprisePercent": {}, "quarter": {}, "period": "-2q"}, {"maxAge": 1, "epsActual": {}, "epsEstimate": {}, "epsDifference": {}, "surprisePercent": {}, "quarter": {}, "period": "-1q"}], "maxAge": 86400}, "indexTrend": {"maxAge": 1, "symbol": "SP5", "peRatio": 19.7411, "pegRatio": 1.34172, "estimates": [{"period": "0q", "growth": 0.549}, {"period": "+1q", "growth": 0.431}, {"period": "0y", "growth": 0.305}, {"period": "+1y", "growth": 0.109}, {"period": "+5y", "growth": 0.120865}, {"period": "-5y"}]}, "industryTrend": {"maxAge": 1, "symbol": null, "estimates": []}, "insiderTransactions": {"transactions": [{"maxAge": 1, "shares": 410959, "filerUrl": "", "transactionText": "Other at price 0.00 per share.", "filerName": "Akhade (Shivaji Tukaram)", "filerRelation": "Director (Non-Executive)", "moneyText": "", "startDate": "2020-08-03", "ownership": "D"}, {"maxAge": 1, "shares": 410959, "filerUrl": "", "transactionText": "Other at price 0.00 per share.", "filerName": "Lande (Vilas Vithoba)", "filerRelation": "Promoter", "moneyText": "", "startDate": "2020-08-03", "ownership": "D"}, {"maxAge": 1, "shares": 410959, "filerUrl": "", "transactionText": "Other at price 0.00 per share.", "filerName": "Mungase (Sudhir Vithal)", "filerRelation": "Wholetime Director", "moneyText": "", "startDate": "2020-08-03", "ownership": "D"}, {"maxAge": 1, "shares": 9599, "filerUrl": "", "transactionText": "", "filerName": "Mungase (Sudhir Vithal)", "filerRelation": "Wholetime Director", "moneyText": "", "startDate": "2019-01-02", "ownership": "D"}, {"maxAge": 1, "shares": 401360, "filerUrl": "", "transactionText": "", "filerName": "Mungase (Sudhir Vithal)", "filerRelation": "Wholetime Director", "moneyText": "", "startDate": "2018-12-31", "ownership": "D"}, {"maxAge": 1, "shares": 410959, "filerUrl": "", "transactionText": "", "filerName": "Akhade (Shivaji Tukaram)", "filerRelation": "Director (Non-Executive)", "moneyText": "", "startDate": "2018-12-29", "ownership": "D"}, {"maxAge": 1, "shares": 410959, "filerUrl": "", "transactionText": "", "filerName": "Lande (Vilas Vithoba)", "filerRelation": "Promoter", "moneyText": "", "startDate": "2018-12-28", "ownership": "D"}], "maxAge": 1}, "quoteType": {"exchange": "BSE", "quoteType": "EQUITY", "symbol": "AUTOIND.BO", "underlyingSymbol": "AUTOIND.BO", "shortName": "AUTOLINE INDUSTRIES LTD.", "longName": "Autoline Industries Limited", "firstTradeDateEpochUtc": "2007-01-31 09:15:00", "timeZoneFullName": "Asia/Kolkata", "timeZoneShortName": "IST", "uuid": "d3e05873-1fa3-3233-8dd3-89bc87deaa46", "messageBoardId": null, "gmtOffSetMilliseconds": 19800000, "maxAge": 1}, "incomeStatementHistory": {"incomeStatementHistory": [{"maxAge": 1, "endDate": "2020-03-31", "totalRevenue": 3162700000, "costOfRevenue": 2317800000, "grossProfit": 844900000, "researchDevelopment": {}, "sellingGeneralAdministrative": 292800000, "nonRecurring": {}, "otherOperatingExpenses": 678100000, "totalOperatingExpenses": 3498200000, "operatingIncome": -335500000, "totalOtherIncomeExpenseNet": -324900000, "ebit": -335500000, "interestExpense": -313300000, "incomeBeforeTax": -660400000, "incomeTaxExpense": 0, "minorityInterest": 621100000, "netIncomeFromContinuingOps": -660400000, "discontinuedOperations": {}, "extraordinaryItems": {}, "effectOfAccountingCharges": {}, "otherItems": {}, "netIncome": -658700000, "netIncomeApplicableToCommonShares": -658700000}, {"maxAge": 1, "endDate": "2019-03-31", "totalRevenue": 4521332497, "costOfRevenue": 3240451316, "grossProfit": 1280881181, "researchDevelopment": {}, "sellingGeneralAdministrative": 363017744, "nonRecurring": {}, "otherOperatingExpenses": 836589097, "totalOperatingExpenses": 4701501052, "operatingIncome": -180168555, "totalOtherIncomeExpenseNet": 131341737, "ebit": -180168555, "interestExpense": -316402270, "incomeBeforeTax": -48826818, "incomeTaxExpense": 657206, "minorityInterest": 622846223, "netIncomeFromContinuingOps": -49484024, "discontinuedOperations": {}, "extraordinaryItems": {}, "effectOfAccountingCharges": {}, "otherItems": {}, "netIncome": -49484024, "netIncomeApplicableToCommonShares": -49484024}, {"maxAge": 1, "endDate": "2018-03-31", "totalRevenue": 3845892320, "costOfRevenue": 2701471939, "grossProfit": 1144420381, "researchDevelopment": {}, "sellingGeneralAdministrative": 369473347, "nonRecurring": {}, "otherOperatingExpenses": 805296124, "totalOperatingExpenses": 4098839614, "operatingIncome": -252947294, "totalOtherIncomeExpenseNet": -269606943, "ebit": -252947294, "interestExpense": -328546262, "incomeBeforeTax": -522554237, "incomeTaxExpense": 1225995, "minorityInterest": 654444511, "netIncomeFromContinuingOps": -523780232, "discontinuedOperations": {}, "extraordinaryItems": {}, "effectOfAccountingCharges": {}, "otherItems": {}, "netIncome": -523780232, "netIncomeApplicableToCommonShares": -523780231}, {"maxAge": 1, "endDate": "2017-03-31", "totalRevenue": 3591744160, "costOfRevenue": 2545238071, "grossProfit": 1046506089, "researchDevelopment": {}, "sellingGeneralAdministrative": 360386999, "nonRecurring": {}, "otherOperatingExpenses": 627961350, "totalOperatingExpenses": 3768286232, "operatingIncome": -176542072, "totalOtherIncomeExpenseNet": -668157753, "ebit": -176542072, "interestExpense": -312714197, "incomeBeforeTax": -844699825, "incomeTaxExpense": -125624245, "minorityInterest": 595736623, "netIncomeFromContinuingOps": -719075580, "discontinuedOperations": {}, "extraordinaryItems": {}, "effectOfAccountingCharges": {}, "otherItems": {}, "netIncome": -712584970, "netIncomeApplicableToCommonShares": -712584970}], "maxAge": 86400}, "fundOwnership": {"maxAge": 1, "ownershipList": []}, "summaryDetail": {"maxAge": 1, "priceHint": 2, "previousClose": 35.35, "open": 36.0, "dayLow": 34.55, "dayHigh": 36.0, "regularMarketPreviousClose": 35.35, "regularMarketOpen": 36.0, "regularMarketDayLow": 34.55, "regularMarketDayHigh": 36.0, "volume": 2730, "regularMarketVolume": 2730, "averageVolume": 5589, "averageVolume10days": 4457, "averageDailyVolume10Day": 4457, "bid": 34.95, "ask": 35.85, "bidSize": 0, "askSize": 0, "marketCap": 996182656, "fiftyTwoWeekLow": 9.2, "fiftyTwoWeekHigh": 44.35, "fiftyDayAverage": 32.594284, "twoHundredDayAverage": 32.081753, "currency": "INR", "fromCurrency": null, "toCurrency": null, "lastMarket": null, "algorithm": null, "tradeable": false}, "sectorTrend": {"maxAge": 1, "symbol": null, "estimates": []}, "incomeStatementHistoryQuarterly": {"incomeStatementHistory": [{"maxAge": 1, "endDate": "2020-06-30", "totalRevenue": 128100000, "costOfRevenue": 86400000, "grossProfit": 41700000, "researchDevelopment": {}, "sellingGeneralAdministrative": 37500000, "nonRecurring": {}, "otherOperatingExpenses": 39000000, "totalOperatingExpenses": 214100000, "operatingIncome": -86000000, "totalOtherIncomeExpenseNet": -63200000, "ebit": -86000000, "interestExpense": -67400000, "incomeBeforeTax": -149200000, "incomeTaxExpense": 0, "minorityInterest": {}, "netIncomeFromContinuingOps": -149200000, "discontinuedOperations": {}, "extraordinaryItems": {}, "effectOfAccountingCharges": {}, "otherItems": {}, "netIncome": -149100000, "netIncomeApplicableToCommonShares": -149100000}, {"maxAge": 1, "endDate": "2020-03-31", "totalRevenue": 549100000, "costOfRevenue": 402900000, "grossProfit": 146200000, "researchDevelopment": {}, "sellingGeneralAdministrative": 61900000, "nonRecurring": {}, "otherOperatingExpenses": 124800000, "totalOperatingExpenses": 641100000, "operatingIncome": -92000000, "totalOtherIncomeExpenseNet": -75400000, "ebit": -92000000, "interestExpense": -81400000, "incomeBeforeTax": -167400000, "incomeTaxExpense": 0, "minorityInterest": 621100000, "netIncomeFromContinuingOps": -167400000, "discontinuedOperations": {}, "extraordinaryItems": {}, "effectOfAccountingCharges": {}, "otherItems": {}, "netIncome": -167000000, "netIncomeApplicableToCommonShares": -167000000}, {"maxAge": 1, "endDate": "2019-12-31", "totalRevenue": 814200000, "costOfRevenue": 602000000, "grossProfit": 212200000, "researchDevelopment": {}, "sellingGeneralAdministrative": 79100000, "nonRecurring": {}, "otherOperatingExpenses": 176200000, "totalOperatingExpenses": 909300000, "operatingIncome": -95100000, "totalOtherIncomeExpenseNet": -73300000, "ebit": -95100000, "interestExpense": -77900000, "incomeBeforeTax": -168400000, "incomeTaxExpense": 0, "minorityInterest": 621100000, "netIncomeFromContinuingOps": -168400000, "discontinuedOperations": {}, "extraordinaryItems": {}, "effectOfAccountingCharges": {}, "otherItems": {}, "netIncome": -167800000, "netIncomeApplicableToCommonShares": -167800000}, {"maxAge": 1, "endDate": "2019-09-30", "totalRevenue": 830700000, "costOfRevenue": 613600000, "grossProfit": 217100000, "researchDevelopment": {}, "sellingGeneralAdministrative": 71100000, "nonRecurring": {}, "otherOperatingExpenses": 174600000, "totalOperatingExpenses": 912400000, "operatingIncome": -81700000, "totalOtherIncomeExpenseNet": -101400000, "ebit": -81700000, "interestExpense": -75100000, "incomeBeforeTax": -183100000, "incomeTaxExpense": 0, "minorityInterest": 622200000, "netIncomeFromContinuingOps": -183100000, "discontinuedOperations": {}, "extraordinaryItems": {}, "effectOfAccountingCharges": {}, "otherItems": {}, "netIncome": -182600000, "netIncomeApplicableToCommonShares": -182600000}], "maxAge": 86400}, "cashflowStatementHistoryQuarterly": {"cashflowStatements": [{"maxAge": 1, "endDate": "2020-06-30", "netIncome": -149100000, "changeToLiabilities": 0}, {"maxAge": 1, "endDate": "2020-03-31", "netIncome": -167000000, "changeToLiabilities": 0}, {"maxAge": 1, "endDate": "2019-12-31", "netIncome": -167800000, "changeToLiabilities": 0}, {"maxAge": 1, "endDate": "2019-09-30", "netIncome": -182600000, "changeToLiabilities": 0}], "maxAge": 86400}, "insiderHolders": {"holders": [{"maxAge": 1, "name": "Akhade (Shivaji Tukaram)", "relation": "Director (Non-Executive)", "url": "", "transactionDescription": "Other", "latestTransDate": "2020-08-03", "positionDirect": 3474981, "positionDirectDate": "2020-08-03"}, {"maxAge": 1, "name": "Lande (Vilas Vithoba)", "relation": "Promoter", "url": "", "transactionDescription": "Other", "latestTransDate": "2020-08-03", "positionDirect": 1419176, "positionDirectDate": "2020-08-03"}, {"maxAge": 1, "name": "Mungase (Sudhir Vithal)", "relation": "Wholetime Director", "url": "", "transactionDescription": "Other", "latestTransDate": "2020-08-03", "positionDirect": 2948431, "positionDirectDate": "2020-08-03"}], "maxAge": 1}, "earnings": {"maxAge": 86400, "earningsChart": {"quarterly": [], "earningsDate": ["2020-09-12 05:30:S"]}, "financialsChart": {"yearly": [{"date": 2017, "revenue": 3591744160, "earnings": -712584970}, {"date": 2018, "revenue": 3845892320, "earnings": -523780232}, {"date": 2019, "revenue": 4521332497, "earnings": -49484024}, {"date": 2020, "revenue": 3162700000, "earnings": -658700000}], "quarterly": [{"date": "3Q2019", "revenue": 830700000, "earnings": -182600000}, {"date": "4Q2019", "revenue": 814200000, "earnings": -167800000}, {"date": "1Q2020", "revenue": 549100000, "earnings": -167000000}, {"date": "2Q2020", "revenue": 128100000, "earnings": -149100000}]}, "financialCurrency": "INR"}, "calendarEvents": {"maxAge": 1, "earnings": {"earningsDate": ["2020-09-12 05:30:S"]}}, "price": {"maxAge": 1, "regularMarketChangePercent": -0.0028288113, "regularMarketChange": -0.099998474, "regularMarketTime": "2021-04-30 15:16:18", "priceHint": 2, "regularMarketPrice": 35.25, "regularMarketDayHigh": 36.0, "regularMarketDayLow": 34.55, "regularMarketVolume": 2730, "averageDailyVolume10Day": 4457, "averageDailyVolume3Month": 5589, "regularMarketPreviousClose": 35.35, "regularMarketSource": "FREE_REALTIME", "regularMarketOpen": 36.0, "exchange": "BSE", "exchangeName": "BSE", "exchangeDataDelayedBy": 0, "marketState": "CLOSED", "quoteType": "EQUITY", "symbol": "AUTOIND.BO", "underlyingSymbol": null, "shortName": "AUTOLINE INDUSTRIES LTD.", "longName": "Autoline Industries Limited", "currency": "INR", "quoteSourceName": "Delayed Quote", "currencySymbol": "\u20b9", "fromCurrency": null, "toCurrency": null, "lastMarket": null, "marketCap": 996182656}, "balanceSheetHistory": {"balanceSheetStatements": [{"maxAge": 1, "endDate": "2020-03-31", "cash": 74400000, "netReceivables": 277200000, "inventory": 1531600000, "otherCurrentAssets": 170100000, "totalCurrentAssets": 2053300000, "longTermInvestments": 2600000, "propertyPlantEquipment": 1461700000, "goodWill": 413400000, "intangibleAssets": 2400000, "otherAssets": 382700000, "deferredLongTermAssetCharges": 134100000, "totalAssets": 4316100000, "accountsPayable": 520300000, "otherCurrentLiab": 1573700000, "longTermDebt": 488800000, "otherLiab": 9800000, "minorityInterest": 621100000, "totalCurrentLiabilities": 2776400000, "totalLiab": 3282200000, "commonStock": 270300000, "treasuryStock": 142500000, "otherStockholderEquity": 142500000, "totalStockholderEquity": 412800000, "netTangibleAssets": -3000000}, {"maxAge": 1, "endDate": "2019-03-31", "cash": 4696148, "netReceivables": 909064178, "inventory": 1719107910, "otherCurrentAssets": 191473559, "totalCurrentAssets": 2828527528, "longTermInvestments": 1000000, "propertyPlantEquipment": 1643114703, "goodWill": 413379847, "intangibleAssets": 3783296, "otherAssets": 373504454, "deferredLongTermAssetCharges": 133887053, "totalAssets": 5263309828, "accountsPayable": 529538917, "shortLongTermDebt": 924030460, "otherCurrentLiab": 449750755, "longTermDebt": 880310704, "otherLiab": 9377143, "deferredLongTermLiab": 4323118, "minorityInterest": 622846223, "totalCurrentLiabilities": 2676702892, "totalLiab": 3566390739, "commonStock": 270275850, "retainedEarnings": -1608531358, "treasuryStock": 33121116, "capitalSurplus": 2379207258, "otherStockholderEquity": 33121116, "totalStockholderEquity": 1074072866, "netTangibleAssets": 656909723}, {"maxAge": 1, "endDate": "2018-03-31", "cash": 21508516, "netReceivables": 477963359, "inventory": 1727011200, "otherCurrentAssets": 133158390, "totalCurrentAssets": 2363025863, "longTermInvestments": 1000000, "propertyPlantEquipment": 1855159429, "goodWill": 362266824, "intangibleAssets": 6507604, "otherAssets": 384756741, "deferredLongTermAssetCharges": 134544259, "totalAssets": 4972716461, "accountsPayable": 528412250, "shortLongTermDebt": 570547453, "otherCurrentLiab": 282044285, "longTermDebt": 1474116079, "otherLiab": 112251299, "deferredLongTermLiab": 17690755, "minorityInterest": 654444511, "totalCurrentLiabilities": 2068268846, "totalLiab": 3654636224, "commonStock": 210001880, "retainedEarnings": -1563723709, "treasuryStock": 27768437, "capitalSurplus": 1989589118, "otherStockholderEquity": 27768437, "totalStockholderEquity": 663635726, "netTangibleAssets": 294861298}, {"maxAge": 1, "endDate": "2017-03-31", "cash": 891717, "netReceivables": 572449522, "inventory": 1626374778, "otherCurrentAssets": 144584242, "totalCurrentAssets": 2348119361, "longTermInvestments": 1000000, "propertyPlantEquipment": 2026177730, "goodWill": 323623800, "intangibleAssets": 9058483, "otherAssets": 360298293, "deferredLongTermAssetCharges": 135770254, "totalAssets": 5068277667, "accountsPayable": 948975899, "shortLongTermDebt": 333129320, "otherCurrentLiab": 212442553, "longTermDebt": 1570066173, "otherLiab": 42320438, "deferredLongTermLiab": 37099189, "minorityInterest": 595736623, "totalCurrentLiabilities": 2120222308, "totalLiab": 3732608919, "commonStock": 160310540, "retainedEarnings": -1045085623, "treasuryStock": 12768439, "capitalSurplus": 1611938769, "otherStockholderEquity": 12768439, "totalStockholderEquity": 739932125, "netTangibleAssets": 407249842}], "maxAge": 86400}, "earningsTrend": {"trend": [{"maxAge": 1, "period": "0q", "endDate": null, "growth": {}, "earningsEstimate": {"avg": 0.0, "low": 0.0, "high": 0.0, "yearAgoEps": {}, "numberOfAnalysts": 0, "growth": {}}, "revenueEstimate": {"avg": 0, "low": 0, "high": 0, "numberOfAnalysts": 0, "yearAgoRevenue": {}, "growth": {}}, "epsTrend": {"current": 0.0, "7daysAgo": 0.0, "30daysAgo": 0.0, "60daysAgo": 0.0, "90daysAgo": 0.0}, "epsRevisions": {"upLast7days": 0, "upLast30days": 0, "downLast30days": 0, "downLast90days": {}}}, {"maxAge": 1, "period": "+1q", "endDate": null, "growth": {}, "earningsEstimate": {"avg": 0.0, "low": 0.0, "high": 0.0, "yearAgoEps": {}, "numberOfAnalysts": 0, "growth": {}}, "revenueEstimate": {"avg": 0, "low": 0, "high": 0, "numberOfAnalysts": 0, "yearAgoRevenue": {}, "growth": {}}, "epsTrend": {"current": 0.0, "7daysAgo": 0.0, "30daysAgo": 0.0, "60daysAgo": 0.0, "90daysAgo": 0.0}, "epsRevisions": {"upLast7days": 0, "upLast30days": 0, "downLast30days": 0, "downLast90days": {}}}, {"maxAge": 1, "period": "0y", "endDate": null, "growth": {}, "earningsEstimate": {"avg": 0.0, "low": 0.0, "high": 0.0, "yearAgoEps": {}, "numberOfAnalysts": 0, "growth": {}}, "revenueEstimate": {"avg": 0, "low": 0, "high": 0, "numberOfAnalysts": 0, "yearAgoRevenue": {}, "growth": {}}, "epsTrend": {"current": 0.0, "7daysAgo": 0.0, "30daysAgo": 0.0, "60daysAgo": 0.0, "90daysAgo": 0.0}, "epsRevisions": {"upLast7days": 0, "upLast30days": 0, "downLast30days": 0, "downLast90days": {}}}, {"maxAge": 1, "period": "+1y", "endDate": null, "growth": {}, "earningsEstimate": {"avg": 0.0, "low": 0.0, "high": 0.0, "yearAgoEps": {}, "numberOfAnalysts": 0, "growth": {}}, "revenueEstimate": {"avg": 0, "low": 0, "high": 0, "numberOfAnalysts": 0, "yearAgoRevenue": {}, "growth": {}}, "epsTrend": {"current": 0.0, "7daysAgo": 0.0, "30daysAgo": 0.0, "60daysAgo": 0.0, "90daysAgo": 0.0}, "epsRevisions": {"upLast7days": 0, "upLast30days": 0, "downLast30days": 0, "downLast90days": {}}}, {"maxAge": 1, "period": "+5y", "endDate": null, "growth": {}, "earningsEstimate": {"avg": {}, "low": {}, "high": {}, "yearAgoEps": {}, "numberOfAnalysts": {}, "growth": {}}, "revenueEstimate": {"avg": {}, "low": {}, "high": {}, "numberOfAnalysts": {}, "yearAgoRevenue": {}, "growth": {}}, "epsTrend": {"current": {}, "7daysAgo": {}, "30daysAgo": {}, "60daysAgo": {}, "90daysAgo": {}}, "epsRevisions": {"upLast7days": {}, "upLast30days": {}, "downLast30days": {}, "downLast90days": {}}}, {"maxAge": 1, "period": "-5y", "endDate": null, "growth": {}, "earningsEstimate": {"avg": {}, "low": {}, "high": {}, "yearAgoEps": {}, "numberOfAnalysts": {}, "growth": {}}, "revenueEstimate": {"avg": {}, "low": {}, "high": {}, "numberOfAnalysts": {}, "yearAgoRevenue": {}, "growth": {}}, "epsTrend": {"current": {}, "7daysAgo": {}, "30daysAgo": {}, "60daysAgo": {}, "90daysAgo": {}}, "epsRevisions": {"upLast7days": {}, "upLast30days": {}, "downLast30days": {}, "downLast90days": {}}}], "maxAge": 1}, "financialData": {"maxAge": 86400, "currentPrice": 35.25, "targetHighPrice": 169.0, "targetLowPrice": 169.0, "targetMeanPrice": 169.0, "targetMedianPrice": 169.0, "recommendationKey": "none", "numberOfAnalystOpinions": 1, "grossProfits": 844900000, "financialCurrency": "INR"}}}