{"AUTOAXLES.NS": {"assetProfile": {"address1": "Hootagalli Industrial Area", "address2": "Off-Hunsur Road", "city": "Mysore", "zip": "570018", "country": "India", "phone": "91 82 1719 7500", "fax": "91 82 1240 2451", "website": "http://www.autoaxle.com", "industry": "Auto Parts", "sector": "Consumer Cyclical", "longBusinessSummary": "Automotive Axles Limited manufactures and sells automotive components in India. It offers drive axles, front steer axles, defense axles, off-highway axles, non-drive axles, drum brakes, and disc brakes, as well as gearing, integral brake to axle design, weight option designs and driver operated locks, and others. The company primarily serves original equipment manufacturers. It also exports its products to customers in the United States, Mexico, Bangladesh, Africa, and Asia. The company was founded in 1981 and is based in Mysore, India.", "fullTimeEmployees": 1029, "companyOfficers": [{"maxAge": 1, "name": "Mr. Sankaran  Ranganathan", "age": 53, "title": "Chief Financial Officer", "yearBorn": 1967, "fiscalYear": 2020, "totalPay": 6790000, "exercisedValue": 0, "unexercisedValue": 0}, {"maxAge": 1, "name": "Mr. Debadas  Panda", "title": "Compliance Officer & Company Sec.", "fiscalYear": 2020, "totalPay": 2170000, "exercisedValue": 0, "unexercisedValue": 0}, {"maxAge": 1, "name": "Mr. Srinivasan  Kumaradevan", "age": 53, "title": "Sr. VP & Whole Time Director", "yearBorn": 1967, "exercisedValue": 0, "unexercisedValue": 0}, {"maxAge": 1, "name": "Mr. R.  Sankar", "age": 53, "title": "Head-Sales Admin. (Axles & Brakes) & Customer Support", "yearBorn": 1967, "exercisedValue": 0, "unexercisedValue": 0}], "compensationAsOfEpochDate": "2020-12-31 05:30:00", "maxAge": 86400}, "cashflowStatementHistory": {"cashflowStatements": [{"maxAge": 1, "endDate": "2020-03-31", "netIncome": 411340000, "depreciation": 367590000, "changeToNetincome": 53950000, "changeToAccountReceivables": 2235950000, "changeToLiabilities": -1433920000, "changeToInventory": 283670000, "changeToOperatingActivities": 54790000, "totalCashFromOperatingActivities": 1978000000, "capitalExpenditures": -629400000, "otherCashflowsFromInvestingActivities": 54030000, "totalCashflowsFromInvestingActivities": -589130000, "dividendsPaid": -385360000, "netBorrowings": -515830000, "otherCashflowsFromFinancingActivities": -147750000, "totalCashFromFinancingActivities": -1048940000, "changeInCash": 339930000}, {"maxAge": 1, "endDate": "2019-03-31", "netIncome": 1215500000, "depreciation": 460160000, "changeToNetincome": 67890000, "changeToAccountReceivables": -117480000, "changeToLiabilities": 17530000, "changeToInventory": -472760000, "changeToOperatingActivities": -116450000, "totalCashFromOperatingActivities": 1056090000, "capitalExpenditures": -1524620000, "otherCashflowsFromInvestingActivities": 25740000, "totalCashflowsFromInvestingActivities": -1571090000, "dividendsPaid": -204000000, "netBorrowings": 730000000, "otherCashflowsFromFinancingActivities": -55780000, "totalCashFromFinancingActivities": 470220000, "changeInCash": -44780000}, {"maxAge": 1, "endDate": "2018-03-31", "netIncome": 839320000, "depreciation": 429480000, "changeToNetincome": -39640000, "changeToAccountReceivables": -1029890000, "changeToLiabilities": 869630000, "changeToInventory": -382930000, "changeToOperatingActivities": -176700000, "totalCashFromOperatingActivities": 511920000, "capitalExpenditures": -307880000, "otherCashflowsFromInvestingActivities": 28110000, "totalCashflowsFromInvestingActivities": -272020000, "dividendsPaid": -121110000, "netBorrowings": 730000000, "otherCashflowsFromFinancingActivities": -24870000, "totalCashFromFinancingActivities": -145980000, "changeInCash": 93920000}, {"maxAge": 1, "endDate": "2017-03-31", "netIncome": 494180000, "depreciation": 391110000, "changeToNetincome": -2330000, "changeToAccountReceivables": -347720000, "changeToLiabilities": 313400000, "changeToInventory": 117750000, "changeToOperatingActivities": 1900000, "totalCashFromOperatingActivities": 970820000, "capitalExpenditures": -244070000, "otherCashflowsFromInvestingActivities": 8870000, "totalCashflowsFromInvestingActivities": -225380000, "dividendsPaid": -83400000, "netBorrowings": -288420000, "otherCashflowsFromFinancingActivities": -25880000, "totalCashFromFinancingActivities": -397700000, "changeInCash": 347740000}], "maxAge": 86400}, "institutionOwnership": {"maxAge": 1, "ownershipList": []}, "majorHoldersBreakdown": {"maxAge": 1, "insidersPercentHeld": 0.71259004, "institutionsPercentHeld": 0.14357, "institutionsFloatPercentHeld": 0.49953997, "institutionsCount": 7}, "balanceSheetHistoryQuarterly": {"balanceSheetStatements": [{"maxAge": 1, "endDate": "2020-12-31", "totalStockholderEquity": 5140990000, "netTangibleAssets": 5136310000}, {"maxAge": 1, "endDate": "2020-09-30", "cash": 1160970000, "shortTermInvestments": 13570000, "netReceivables": 1012900000, "inventory": 1494260000, "otherCurrentAssets": 421420000, "totalCurrentAssets": 4103120000, "longTermInvestments": 148740000, "propertyPlantEquipment": 2801480000, "intangibleAssets": 4680000, "otherAssets": 285730000, "deferredLongTermAssetCharges": 144370000, "totalAssets": 7343750000, "accountsPayable": 1311010000, "otherCurrentLiab": 559960000, "longTermDebt": 166660000, "otherLiab": 49700000, "totalCurrentLiabilities": 1888540000, "totalLiab": 2202760000, "commonStock": 151120000, "treasuryStock": 4989870000, "otherStockholderEquity": 4989870000, "totalStockholderEquity": 5140990000, "netTangibleAssets": 5136310000}, {"maxAge": 1, "endDate": "2020-06-30", "totalStockholderEquity": 5319370000, "netTangibleAssets": 5313290000}, {"maxAge": 1, "endDate": "2020-03-31", "cash": 737340000, "shortTermInvestments": 65770000, "netReceivables": 1302590000, "inventory": 1560030000, "otherCurrentAssets": 369410000, "totalCurrentAssets": 4094270000, "propertyPlantEquipment": 2788240000, "intangibleAssets": 6080000, "otherAssets": 396310000, "deferredLongTermAssetCharges": 100420000, "totalAssets": 7284900000, "accountsPayable": 1145610000, "shortLongTermDebt": 41670000, "otherCurrentLiab": 329880000, "longTermDebt": 187500000, "otherLiab": 87020000, "totalCurrentLiabilities": 1583600000, "totalLiab": 1965530000, "commonStock": 151120000, "retainedEarnings": 5052660000, "capitalSurplus": 115590000, "totalStockholderEquity": 5319370000, "netTangibleAssets": 5313290000}], "maxAge": 86400}, "indexTrend": {"maxAge": 1, "symbol": "SP5", "peRatio": 19.7411, "pegRatio": 1.34172, "estimates": [{"period": "0q", "growth": 0.549}, {"period": "+1q", "growth": 0.431}, {"period": "0y", "growth": 0.305}, {"period": "+1y", "growth": 0.109}, {"period": "+5y", "growth": 0.120865}, {"period": "-5y"}]}, "defaultKeyStatistics": {"maxAge": 1, "priceHint": 2, "enterpriseValue": 13973884928, "profitMargins": 0.00296, "floatShares": 4269105, "sharesOutstanding": 15112000, "heldPercentInsiders": 0.71259004, "heldPercentInstitutions": 0.14357, "beta": 1.342165, "category": null, "bookValue": 339.83, "priceToBook": 2.9060118, "fundFamily": null, "legalType": null, "lastFiscalYearEnd": "2020-03-31 05:30:00", "nextFiscalYearEnd": "2022-03-31 05:30:00", "mostRecentQuarter": "2020-12-31 05:30:00", "earningsQuarterlyGrowth": 1.914, "netIncomeToCommon": 19230000, "trailingEps": 1.271, "lastSplitFactor": null, "enterpriseToRevenue": 2.154, "enterpriseToEbitda": 58.62, "52WeekChange": 1.0187039, "SandP52WeekChange": 0.48148263, "lastDividendValue": 0.8, "lastDividendDate": 1597190400}, "summaryProfile": {"address1": "Hootagalli Industrial Area", "address2": "Off-Hunsur Road", "city": "Mysore", "zip": "570018", "country": "India", "phone": "91 82 1719 7500", "fax": "91 82 1240 2451", "website": "http://www.autoaxle.com", "industry": "Auto Parts", "sector": "Consumer Cyclical", "longBusinessSummary": "Automotive Axles Limited manufactures and sells automotive components in India. It offers drive axles, front steer axles, defense axles, off-highway axles, non-drive axles, drum brakes, and disc brakes, as well as gearing, integral brake to axle design, weight option designs and driver operated locks, and others. The company primarily serves original equipment manufacturers. It also exports its products to customers in the United States, Mexico, Bangladesh, Africa, and Asia. The company was founded in 1981 and is based in Mysore, India.", "fullTimeEmployees": 1029, "companyOfficers": [], "maxAge": 86400}, "netSharePurchaseActivity": {"maxAge": 1, "period": "6m", "buyInfoCount": 0, "buyInfoShares": 0, "sellInfoCount": 0, "netInfoCount": 0, "netInfoShares": 0, "netPercentInsiderShares": 0.0, "totalInsiderShares": 10764762}, "quoteType": {"exchange": "NSI", "quoteType": "EQUITY", "symbol": "AUTOAXLES.NS", "underlyingSymbol": "AUTOAXLES.NS", "shortName": "AUTOMOTIVE AXLES", "longName": "Automotive Axles Limited", "firstTradeDateEpochUtc": "2002-07-01 09:15:00", "timeZoneFullName": "Asia/Kolkata", "timeZoneShortName": "IST", "uuid": "f4cef45e-60ce-340d-bda2-ba4572f94beb", "messageBoardId": "finmb_11148740", "gmtOffSetMilliseconds": 19800000, "maxAge": 1}, "incomeStatementHistory": {"incomeStatementHistory": [{"maxAge": 1, "endDate": "2020-03-31", "totalRevenue": 9519580000, "costOfRevenue": 6593770000, "grossProfit": 2925810000, "researchDevelopment": {}, "sellingGeneralAdministrative": 932310000, "nonRecurring": {}, "otherOperatingExpenses": 1060660000, "totalOperatingExpenses": 8958960000, "operatingIncome": 560620000, "totalOtherIncomeExpenseNet": 38920000, "ebit": 560620000, "interestExpense": -17890000, "incomeBeforeTax": 599540000, "incomeTaxExpense": 188200000, "minorityInterest": {}, "netIncomeFromContinuingOps": 411340000, "discontinuedOperations": {}, "extraordinaryItems": {}, "effectOfAccountingCharges": {}, "otherItems": {}, "netIncome": 411340000, "netIncomeApplicableToCommonShares": 411340000}, {"maxAge": 1, "endDate": "2019-03-31", "totalRevenue": 19390420000, "costOfRevenue": 13753550000, "grossProfit": 5636870000, "researchDevelopment": {}, "sellingGeneralAdministrative": 1267110000, "nonRecurring": {}, "otherOperatingExpenses": 2078900000, "totalOperatingExpenses": 17561420000, "operatingIncome": 1829000000, "totalOtherIncomeExpenseNet": 24110000, "ebit": 1829000000, "interestExpense": -4030000, "incomeBeforeTax": 1853110000, "incomeTaxExpense": 637610000, "minorityInterest": {}, "netIncomeFromContinuingOps": 1215500000, "discontinuedOperations": {}, "extraordinaryItems": {}, "effectOfAccountingCharges": {}, "otherItems": {}, "netIncome": 1215500000, "netIncomeApplicableToCommonShares": 1215500000}, {"maxAge": 1, "endDate": "2018-03-31", "totalRevenue": 15193660000, "costOfRevenue": 10861690000, "grossProfit": 4331970000, "researchDevelopment": {}, "sellingGeneralAdministrative": 1010140000, "nonRecurring": {}, "otherOperatingExpenses": 1651260000, "totalOperatingExpenses": 13955220000, "operatingIncome": 1238440000, "totalOtherIncomeExpenseNet": 39730000, "ebit": 1238440000, "interestExpense": -4740000, "incomeBeforeTax": 1278170000, "incomeTaxExpense": 438850000, "minorityInterest": {}, "netIncomeFromContinuingOps": 839320000, "discontinuedOperations": {}, "extraordinaryItems": {}, "effectOfAccountingCharges": {}, "otherItems": {}, "netIncome": 839320000, "netIncomeApplicableToCommonShares": 839320000}, {"maxAge": 1, "endDate": "2017-03-31", "totalRevenue": 11723060000, "costOfRevenue": 8438560000, "grossProfit": 3284500000, "researchDevelopment": {}, "sellingGeneralAdministrative": 830940000, "nonRecurring": {}, "otherOperatingExpenses": 1316690000, "totalOperatingExpenses": 10979830000, "operatingIncome": 743230000, "totalOtherIncomeExpenseNet": 5100000, "ebit": 743230000, "interestExpense": -12110000, "incomeBeforeTax": 748330000, "incomeTaxExpense": 254150000, "minorityInterest": {}, "netIncomeFromContinuingOps": 494180000, "discontinuedOperations": {}, "extraordinaryItems": {}, "effectOfAccountingCharges": {}, "otherItems": {}, "netIncome": 494180000, "netIncomeApplicableToCommonShares": 494180000}], "maxAge": 86400}, "fundOwnership": {"maxAge": 1, "ownershipList": [{"maxAge": 1, "reportDate": "2021-01-31", "organization": "DFA Emerging Markets Core Equity Portfolio", "pctHeld": 0.0026, "position": 39957, "value": 39968987}, {"maxAge": 1, "reportDate": "2021-01-31", "organization": "DFA Emerging Markets Small Cap Series", "pctHeld": 0.0015, "position": 23053, "value": 23059915}, {"maxAge": 1, "reportDate": "2021-01-31", "organization": "DFA Investment Dimensions-Emerging Markets Social Core Equity", "pctHeld": 0.00029999999, "position": 3807, "value": 3808142}, {"maxAge": 1, "reportDate": "2021-01-31", "organization": "DFA Investment Dimensions-World Ex U.S. Core Equity Port", "pctHeld": 0.0002, "position": 3296, "value": 3296988}, {"maxAge": 1, "reportDate": "2021-01-31", "organization": "DFA T.A. World Ex U.S. Core Equity Portfolio", "pctHeld": 0.0002, "position": 3021, "value": 3021906}, {"maxAge": 1, "reportDate": "2021-01-31", "organization": "DFA Emerging Markets Sustainability Core 1 Portfolio", "pctHeld": 0.0001, "position": 818, "value": 818245}]}, "summaryDetail": {"maxAge": 1, "priceHint": 2, "previousClose": 984.1, "open": 975.0, "dayLow": 970.0, "dayHigh": 998.0, "regularMarketPreviousClose": 984.1, "regularMarketOpen": 975.0, "regularMarketDayLow": 970.0, "regularMarketDayHigh": 998.0, "dividendRate": 1.6, "dividendYield": 0.0016, "exDividendDate": "2020-08-12 05:30:00", "payoutRatio": 5.3125, "fiveYearAvgDividendYield": 1.35, "beta": 1.342165, "trailingPE": 776.9866, "volume": 16870, "regularMarketVolume": 16870, "averageVolume": 18004, "averageVolume10days": 18063, "averageDailyVolume10Day": 18063, "bid": 0.0, "ask": 0.0, "bidSize": 0, "askSize": 0, "marketCap": 14889686016, "fiftyTwoWeekLow": 403.55, "fiftyTwoWeekHigh": 1250.0, "priceToSalesTrailing12Months": 2.295046, "fiftyDayAverage": 1057.2385, "twoHundredDayAverage": 984.9944, "trailingAnnualDividendRate": 0.8, "trailingAnnualDividendYield": 0.0008129256, "currency": "INR", "fromCurrency": null, "toCurrency": null, "lastMarket": null, "algorithm": null, "tradeable": false}, "incomeStatementHistoryQuarterly": {"incomeStatementHistory": [{"maxAge": 1, "endDate": "2020-12-31", "totalRevenue": 2719650000, "costOfRevenue": 1859960000, "grossProfit": 859690000, "researchDevelopment": {}, "sellingGeneralAdministrative": 248110000, "nonRecurring": {}, "otherOperatingExpenses": 357060000, "totalOperatingExpenses": 2556890000, "operatingIncome": 162760000, "totalOtherIncomeExpenseNet": 9940000, "ebit": 162760000, "interestExpense": -7190000, "incomeBeforeTax": 172700000, "incomeTaxExpense": 40820000, "minorityInterest": {}, "netIncomeFromContinuingOps": 131880000, "discontinuedOperations": {}, "extraordinaryItems": {}, "effectOfAccountingCharges": {}, "otherItems": {}, "netIncome": 131880000, "netIncomeApplicableToCommonShares": 131880000}, {"maxAge": 1, "endDate": "2020-09-30", "totalRevenue": 1692010000, "costOfRevenue": 1165070000, "grossProfit": 526940000, "researchDevelopment": {}, "sellingGeneralAdministrative": 202500000, "nonRecurring": {}, "otherOperatingExpenses": 230620000, "totalOperatingExpenses": 1689580000, "operatingIncome": 2430000, "totalOtherIncomeExpenseNet": 12290000, "ebit": 2430000, "interestExpense": -7580000, "incomeBeforeTax": 14720000, "incomeTaxExpense": -45490000, "minorityInterest": {}, "netIncomeFromContinuingOps": 60210000, "discontinuedOperations": {}, "extraordinaryItems": {}, "effectOfAccountingCharges": {}, "otherItems": {}, "netIncome": 60210000, "netIncomeApplicableToCommonShares": 60210000}, {"maxAge": 1, "endDate": "2020-06-30", "totalRevenue": 388520000, "costOfRevenue": 242610000, "grossProfit": 145910000, "researchDevelopment": {}, "sellingGeneralAdministrative": 180060000, "nonRecurring": {}, "otherOperatingExpenses": 103490000, "totalOperatingExpenses": 612800000, "operatingIncome": -224280000, "totalOtherIncomeExpenseNet": -23320000, "ebit": -224280000, "interestExpense": -8030000, "incomeBeforeTax": -247600000, "incomeTaxExpense": -17230000, "minorityInterest": {}, "netIncomeFromContinuingOps": -230370000, "discontinuedOperations": {}, "extraordinaryItems": {}, "effectOfAccountingCharges": {}, "otherItems": {}, "netIncome": -230370000, "netIncomeApplicableToCommonShares": -230370000}, {"maxAge": 1, "endDate": "2020-03-31", "totalRevenue": 1687570000, "costOfRevenue": 1272590000, "grossProfit": 414980000, "researchDevelopment": {}, "sellingGeneralAdministrative": 227490000, "nonRecurring": {}, "otherOperatingExpenses": 59560000, "totalOperatingExpenses": 1655920000, "operatingIncome": 31650000, "totalOtherIncomeExpenseNet": 20150000, "ebit": 31650000, "interestExpense": -4300000, "incomeBeforeTax": 51800000, "incomeTaxExpense": -5710000, "minorityInterest": {}, "netIncomeFromContinuingOps": 57510000, "discontinuedOperations": {}, "extraordinaryItems": {}, "effectOfAccountingCharges": {}, "otherItems": {}, "netIncome": 57510000, "netIncomeApplicableToCommonShares": 57510000}], "maxAge": 86400}, "cashflowStatementHistoryQuarterly": {"cashflowStatements": [{"maxAge": 1, "endDate": "2020-12-31", "netIncome": 131880000, "changeToLiabilities": 0}, {"maxAge": 1, "endDate": "2020-09-30", "netIncome": 60210000, "changeToLiabilities": 0}, {"maxAge": 1, "endDate": "2020-06-30", "netIncome": -230370000, "changeToLiabilities": 0}, {"maxAge": 1, "endDate": "2020-03-31", "netIncome": 57510000, "changeToLiabilities": 0}], "maxAge": 86400}, "insiderHolders": {"holders": [], "maxAge": 1}, "calendarEvents": {"maxAge": 1, "earnings": {"earningsDate": []}, "exDividendDate": "2020-08-12 05:30:00"}, "price": {"maxAge": 1, "regularMarketChangePercent": 0.0035057538, "regularMarketChange": 3.4500122, "regularMarketTime": "2021-04-30 15:29:56", "priceHint": 2, "regularMarketPrice": 987.55, "regularMarketDayHigh": 998.0, "regularMarketDayLow": 970.0, "regularMarketVolume": 16870, "averageDailyVolume10Day": 18063, "averageDailyVolume3Month": 18004, "regularMarketPreviousClose": 984.1, "regularMarketSource": "FREE_REALTIME", "regularMarketOpen": 975.0, "exchange": "NSI", "exchangeName": "NSE", "exchangeDataDelayedBy": 15, "marketState": "CLOSED", "quoteType": "EQUITY", "symbol": "AUTOAXLES.NS", "underlyingSymbol": null, "shortName": "AUTOMOTIVE AXLES", "longName": "Automotive Axles Limited", "currency": "INR", "quoteSourceName": "Delayed Quote", "currencySymbol": "\u20b9", "fromCurrency": null, "toCurrency": null, "lastMarket": null, "marketCap": 14889686016}, "balanceSheetHistory": {"balanceSheetStatements": [{"maxAge": 1, "endDate": "2020-03-31", "cash": 737340000, "shortTermInvestments": 65770000, "netReceivables": 1302590000, "inventory": 1560030000, "otherCurrentAssets": 369410000, "totalCurrentAssets": 4094270000, "propertyPlantEquipment": 2788240000, "intangibleAssets": 6080000, "otherAssets": 396310000, "deferredLongTermAssetCharges": 100420000, "totalAssets": 7284900000, "accountsPayable": 1145610000, "shortLongTermDebt": 41670000, "otherCurrentLiab": 329880000, "longTermDebt": 187500000, "otherLiab": 87020000, "totalCurrentLiabilities": 1583600000, "totalLiab": 1965530000, "commonStock": 151120000, "retainedEarnings": 5052660000, "capitalSurplus": 115590000, "totalStockholderEquity": 5319370000, "netTangibleAssets": 5313290000}, {"maxAge": 1, "endDate": "2019-03-31", "cash": 397410000, "shortTermInvestments": 23360000, "netReceivables": 3747750000, "inventory": 1843700000, "otherCurrentAssets": 408620000, "totalCurrentAssets": 6436800000, "propertyPlantEquipment": 2239550000, "intangibleAssets": 3860000, "otherAssets": 652510000, "deferredLongTermAssetCharges": 147980000, "totalAssets": 9332720000, "accountsPayable": 2579530000, "shortLongTermDebt": 70970000, "otherCurrentLiab": 354980000, "longTermDebt": 659030000, "otherLiab": 76790000, "totalCurrentLiabilities": 3212500000, "totalLiab": 3948320000, "commonStock": 151120000, "retainedEarnings": 5117690000, "capitalSurplus": 115590000, "totalStockholderEquity": 5384400000, "netTangibleAssets": 5380540000}, {"maxAge": 1, "endDate": "2018-03-31", "cash": 442190000, "shortTermInvestments": 860000, "netReceivables": 3507060000, "inventory": 1370940000, "otherCurrentAssets": 396110000, "totalCurrentAssets": 5730790000, "propertyPlantEquipment": 1337720000, "intangibleAssets": 5560000, "otherAssets": 267970000, "deferredLongTermAssetCharges": 58880000, "totalAssets": 7342040000, "accountsPayable": 2562000000, "otherCurrentLiab": 104690000, "otherLiab": 52460000, "totalCurrentLiabilities": 2846230000, "totalLiab": 2898690000, "commonStock": 151120000, "retainedEarnings": 4176640000, "capitalSurplus": 115590000, "totalStockholderEquity": 4443350000, "netTangibleAssets": 4437790000}, {"maxAge": 1, "endDate": "2017-03-31", "cash": 348270000, "shortTermInvestments": 1490000, "netReceivables": 2320290000, "inventory": 988010000, "otherCurrentAssets": 282060000, "totalCurrentAssets": 3953730000, "propertyPlantEquipment": 1524420000, "intangibleAssets": 5880000, "otherAssets": 152220000, "totalAssets": 5636250000, "accountsPayable": 1687880000, "otherCurrentLiab": 87130000, "otherLiab": 51960000, "totalCurrentLiabilities": 1818390000, "totalLiab": 1870350000, "commonStock": 151120000, "retainedEarnings": 3499190000, "capitalSurplus": 115590000, "totalStockholderEquity": 3765900000, "netTangibleAssets": 3760020000}], "maxAge": 86400}, "financialData": {"maxAge": 86400, "currentPrice": 987.55, "recommendationKey": "none", "totalCash": 1174540032, "totalCashPerShare": 77.75, "ebitda": 238382496, "totalDebt": 282089984, "totalRevenue": 6487750144, "debtToEquity": 5.487, "revenuePerShare": 428.972, "grossProfits": 2925810000, "earningsGrowth": 1.92, "revenueGrowth": 0.651, "grossMargins": 0.30018, "ebitdaMargins": 0.03674, "operatingMargins": -0.00423, "profitMargins": 0.00296, "financialCurrency": "INR"}}}