{"AUTOAXLES.BO": {"recommendationTrend": {"trend": [{"period": "0m", "strongBuy": 0, "buy": 0, "hold": 0, "sell": 0, "strongSell": 0}, {"period": "-1m", "strongBuy": 0, "buy": 0, "hold": 0, "sell": 0, "strongSell": 0}, {"period": "-2m", "strongBuy": 0, "buy": 0, "hold": 0, "sell": 0, "strongSell": 0}, {"period": "-3m", "strongBuy": 0, "buy": 0, "hold": 0, "sell": 0, "strongSell": 0}], "maxAge": 86400}, "cashflowStatementHistory": {"cashflowStatements": [{"maxAge": 1, "endDate": "2020-03-31", "netIncome": 411340000, "depreciation": 367590000, "changeToNetincome": 53950000, "changeToAccountReceivables": 2235950000, "changeToLiabilities": -1433920000, "changeToInventory": 283670000, "changeToOperatingActivities": 54790000, "totalCashFromOperatingActivities": 1978000000, "capitalExpenditures": -629400000, "otherCashflowsFromInvestingActivities": 54030000, "totalCashflowsFromInvestingActivities": -589130000, "dividendsPaid": -385360000, "netBorrowings": -515830000, "otherCashflowsFromFinancingActivities": -147750000, "totalCashFromFinancingActivities": -1048940000, "changeInCash": 339930000}, {"maxAge": 1, "endDate": "2019-03-31", "netIncome": 1215500000, "depreciation": 460160000, "changeToNetincome": 67890000, "changeToAccountReceivables": -117480000, "changeToLiabilities": 17530000, "changeToInventory": -472760000, "changeToOperatingActivities": -116450000, "totalCashFromOperatingActivities": 1056090000, "capitalExpenditures": -1524620000, "otherCashflowsFromInvestingActivities": 25740000, "totalCashflowsFromInvestingActivities": -1571090000, "dividendsPaid": -204000000, "netBorrowings": 730000000, "otherCashflowsFromFinancingActivities": -55780000, "totalCashFromFinancingActivities": 470220000, "changeInCash": -44780000}, {"maxAge": 1, "endDate": "2018-03-31", "netIncome": 839320000, "depreciation": 429480000, "changeToNetincome": -39640000, "changeToAccountReceivables": -1029890000, "changeToLiabilities": 869630000, "changeToInventory": -382930000, "changeToOperatingActivities": -176700000, "totalCashFromOperatingActivities": 511920000, "capitalExpenditures": -307880000, "otherCashflowsFromInvestingActivities": 28110000, "totalCashflowsFromInvestingActivities": -272020000, "dividendsPaid": -121110000, "netBorrowings": 730000000, "otherCashflowsFromFinancingActivities": -24870000, "totalCashFromFinancingActivities": -145980000, "changeInCash": 93920000}, {"maxAge": 1, "endDate": "2017-03-31", "netIncome": 494180000, "depreciation": 391110000, "changeToNetincome": -2330000, "changeToAccountReceivables": -347720000, "changeToLiabilities": 313400000, "changeToInventory": 117750000, "changeToOperatingActivities": 1900000, "totalCashFromOperatingActivities": 970820000, "capitalExpenditures": -244070000, "otherCashflowsFromInvestingActivities": 8870000, "totalCashflowsFromInvestingActivities": -225380000, "dividendsPaid": -83400000, "netBorrowings": -288420000, "otherCashflowsFromFinancingActivities": -25880000, "totalCashFromFinancingActivities": -397700000, "changeInCash": 347740000}], "maxAge": 86400}, "institutionOwnership": {"maxAge": 1, "ownershipList": []}, "balanceSheetHistoryQuarterly": {"balanceSheetStatements": [{"maxAge": 1, "endDate": "2020-06-30", "totalStockholderEquity": 5319370000, "netTangibleAssets": 5313290000}, {"maxAge": 1, "endDate": "2020-03-31", "cash": 737340000, "shortTermInvestments": 65770000, "netReceivables": 1302590000, "inventory": 1560030000, "otherCurrentAssets": 369410000, "totalCurrentAssets": 4094270000, "propertyPlantEquipment": 2788240000, "intangibleAssets": 6080000, "otherAssets": 396310000, "deferredLongTermAssetCharges": 100420000, "totalAssets": 7284900000, "accountsPayable": 1145610000, "shortLongTermDebt": 41670000, "otherCurrentLiab": 329880000, "longTermDebt": 187500000, "otherLiab": 87020000, "totalCurrentLiabilities": 1583600000, "totalLiab": 1965530000, "commonStock": 151120000, "retainedEarnings": 5052660000, "capitalSurplus": 115590000, "totalStockholderEquity": 5319370000, "netTangibleAssets": 5313290000}, {"maxAge": 1, "endDate": "2019-12-31", "totalStockholderEquity": 5328330000, "netTangibleAssets": 5319680000}, {"maxAge": 1, "endDate": "2019-09-30", "cash": 776440000, "shortTermInvestments": 57200000, "netReceivables": 1694940000, "inventory": 1906720000, "otherCurrentAssets": 408490000, "totalCurrentAssets": 4843790000, "propertyPlantEquipment": 2844850000, "intangibleAssets": 8650000, "otherAssets": 294420000, "deferredLongTermAssetCharges": 137230000, "totalAssets": 7991710000, "accountsPayable": 1117270000, "otherCurrentLiab": 711750000, "longTermDebt": 608330000, "otherLiab": 94920000, "totalCurrentLiabilities": 1844190000, "totalLiab": 2663380000, "commonStock": 151120000, "treasuryStock": 5177210000, "otherStockholderEquity": 5177210000, "totalStockholderEquity": 5328330000, "netTangibleAssets": 5319680000}], "maxAge": 86400}, "earningsHistory": {"history": [{"maxAge": 1, "epsActual": {}, "epsEstimate": {}, "epsDifference": {}, "surprisePercent": {}, "quarter": {}, "period": "-4q"}, {"maxAge": 1, "epsActual": 8.53, "epsEstimate": 11.65, "epsDifference": -3.12, "surprisePercent": -0.268, "quarter": "2017-06-30", "period": "-3q"}, {"maxAge": 1, "epsActual": 14.76, "epsEstimate": 9.84, "epsDifference": 4.92, "surprisePercent": 0.5, "quarter": "2017-12-31", "period": "-2q"}, {"maxAge": 1, "epsActual": 21.21, "epsEstimate": 20.35, "epsDifference": 0.86, "surprisePercent": 0.042, "quarter": "2018-09-30", "period": "-1q"}], "maxAge": 86400}, "indexTrend": {"maxAge": 1, "symbol": "SP5", "peRatio": 19.7411, "pegRatio": 1.34172, "estimates": [{"period": "0q", "growth": 0.549}, {"period": "+1q", "growth": 0.431}, {"period": "0y", "growth": 0.305}, {"period": "+1y", "growth": 0.109}, {"period": "+5y", "growth": 0.120865}, {"period": "-5y"}]}, "industryTrend": {"maxAge": 1, "symbol": null, "estimates": []}, "quoteType": {"exchange": "BSE", "quoteType": "EQUITY", "symbol": "AUTOAXLES.BO", "underlyingSymbol": "AUTOAXLES.BO", "shortName": "AUTOMOTIVE AXLES LTD.", "longName": "Automotive Axles Limited", "firstTradeDateEpochUtc": "2000-04-12 09:15:00", "timeZoneFullName": "Asia/Kolkata", "timeZoneShortName": "IST", "uuid": "717bac13-4c12-3220-8863-7286a93dfc33", "messageBoardId": null, "gmtOffSetMilliseconds": 19800000, "maxAge": 1}, "incomeStatementHistory": {"incomeStatementHistory": [{"maxAge": 1, "endDate": "2020-03-31", "totalRevenue": 9519580000, "costOfRevenue": 6593770000, "grossProfit": 2925810000, "researchDevelopment": {}, "sellingGeneralAdministrative": 932310000, "nonRecurring": {}, "otherOperatingExpenses": 1060660000, "totalOperatingExpenses": 8958960000, "operatingIncome": 560620000, "totalOtherIncomeExpenseNet": 38920000, "ebit": 560620000, "interestExpense": -17890000, "incomeBeforeTax": 599540000, "incomeTaxExpense": 188200000, "minorityInterest": {}, "netIncomeFromContinuingOps": 411340000, "discontinuedOperations": {}, "extraordinaryItems": {}, "effectOfAccountingCharges": {}, "otherItems": {}, "netIncome": 411340000, "netIncomeApplicableToCommonShares": 411340000}, {"maxAge": 1, "endDate": "2019-03-31", "totalRevenue": 19390420000, "costOfRevenue": 13753550000, "grossProfit": 5636870000, "researchDevelopment": {}, "sellingGeneralAdministrative": 1267110000, "nonRecurring": {}, "otherOperatingExpenses": 2078900000, "totalOperatingExpenses": 17561420000, "operatingIncome": 1829000000, "totalOtherIncomeExpenseNet": 24110000, "ebit": 1829000000, "interestExpense": -4030000, "incomeBeforeTax": 1853110000, "incomeTaxExpense": 637610000, "minorityInterest": {}, "netIncomeFromContinuingOps": 1215500000, "discontinuedOperations": {}, "extraordinaryItems": {}, "effectOfAccountingCharges": {}, "otherItems": {}, "netIncome": 1215500000, "netIncomeApplicableToCommonShares": 1215500000}, {"maxAge": 1, "endDate": "2018-03-31", "totalRevenue": 15193660000, "costOfRevenue": 10861690000, "grossProfit": 4331970000, "researchDevelopment": {}, "sellingGeneralAdministrative": 1010140000, "nonRecurring": {}, "otherOperatingExpenses": 1651260000, "totalOperatingExpenses": 13955220000, "operatingIncome": 1238440000, "totalOtherIncomeExpenseNet": 39730000, "ebit": 1238440000, "interestExpense": -4740000, "incomeBeforeTax": 1278170000, "incomeTaxExpense": 438850000, "minorityInterest": {}, "netIncomeFromContinuingOps": 839320000, "discontinuedOperations": {}, "extraordinaryItems": {}, "effectOfAccountingCharges": {}, "otherItems": {}, "netIncome": 839320000, "netIncomeApplicableToCommonShares": 839320000}, {"maxAge": 1, "endDate": "2017-03-31", "totalRevenue": 11723060000, "costOfRevenue": 8438560000, "grossProfit": 3284500000, "researchDevelopment": {}, "sellingGeneralAdministrative": 830940000, "nonRecurring": {}, "otherOperatingExpenses": 1316690000, "totalOperatingExpenses": 10979830000, "operatingIncome": 743230000, "totalOtherIncomeExpenseNet": 5100000, "ebit": 743230000, "interestExpense": -12110000, "incomeBeforeTax": 748330000, "incomeTaxExpense": 254150000, "minorityInterest": {}, "netIncomeFromContinuingOps": 494180000, "discontinuedOperations": {}, "extraordinaryItems": {}, "effectOfAccountingCharges": {}, "otherItems": {}, "netIncome": 494180000, "netIncomeApplicableToCommonShares": 494180000}], "maxAge": 86400}, "fundOwnership": {"maxAge": 1, "ownershipList": [{"maxAge": 1, "reportDate": "2020-07-31", "organization": "DFA Emerging Markets Core Equity Portfolio", "pctHeld": 0.003, "position": 45647, "value": 23651993}, {"maxAge": 1, "reportDate": "2020-07-31", "organization": "DFA Emerging Markets Small Cap Series", "pctHeld": 0.0018000001, "position": 27246, "value": 14117514}, {"maxAge": 1, "reportDate": "2020-07-31", "organization": "DFA Investment Dimensions-Emerging Markets Social Core Equity", "pctHeld": 0.00029999999, "position": 3807, "value": 1972597}, {"maxAge": 1, "reportDate": "2020-07-31", "organization": "DFA Investment Dimensions-World Ex U.S. Core Equity Port", "pctHeld": 0.0002, "position": 3296, "value": 1707822}, {"maxAge": 1, "reportDate": "2020-07-31", "organization": "DFA T.A. World Ex U.S. Core Equity Portfolio", "pctHeld": 0.0002, "position": 3021, "value": 1565331}, {"maxAge": 1, "reportDate": "2020-07-31", "organization": "John Hancock Fds II-Emerging Markets Fund", "pctHeld": 0.0001, "position": 923, "value": 478252}, {"maxAge": 1, "reportDate": "2020-07-31", "organization": "DFA Emerging Markets Sustainability Core 1 Portfolio", "pctHeld": 0.0001, "position": 818, "value": 423846}]}, "summaryDetail": {"maxAge": 1, "priceHint": 2, "previousClose": 981.85, "open": 980.0, "dayLow": 980.0, "dayHigh": 1002.95, "regularMarketPreviousClose": 981.85, "regularMarketOpen": 980.0, "regularMarketDayLow": 980.0, "regularMarketDayHigh": 1002.95, "forwardPE": 9.857015, "volume": 1085, "regularMarketVolume": 1085, "averageVolume": 6188, "averageVolume10days": 2746, "averageDailyVolume10Day": 2746, "bid": 980.0, "ask": 995.0, "bidSize": 0, "askSize": 0, "marketCap": 14949545984, "fiftyTwoWeekLow": 335.7, "fiftyTwoWeekHigh": 1239.9, "fiftyDayAverage": 1084.9043, "twoHundredDayAverage": 850.8339, "trailingAnnualDividendRate": 6.8, "trailingAnnualDividendYield": 0.0069257016, "currency": "INR", "fromCurrency": null, "toCurrency": null, "lastMarket": null, "algorithm": null, "tradeable": false}, "sectorTrend": {"maxAge": 1, "symbol": null, "estimates": []}, "incomeStatementHistoryQuarterly": {"incomeStatementHistory": [{"maxAge": 1, "endDate": "2020-06-30", "totalRevenue": 388520000, "costOfRevenue": 242610000, "grossProfit": 145910000, "researchDevelopment": {}, "sellingGeneralAdministrative": 180060000, "nonRecurring": {}, "otherOperatingExpenses": 103490000, "totalOperatingExpenses": 612800000, "operatingIncome": -224280000, "totalOtherIncomeExpenseNet": -23320000, "ebit": -224280000, "interestExpense": -8030000, "incomeBeforeTax": -247600000, "incomeTaxExpense": -17230000, "minorityInterest": {}, "netIncomeFromContinuingOps": -230370000, "discontinuedOperations": {}, "extraordinaryItems": {}, "effectOfAccountingCharges": {}, "otherItems": {}, "netIncome": -230370000, "netIncomeApplicableToCommonShares": -230370000}, {"maxAge": 1, "endDate": "2020-03-31", "totalRevenue": 1687570000, "costOfRevenue": 1272590000, "grossProfit": 414980000, "researchDevelopment": {}, "sellingGeneralAdministrative": 227490000, "nonRecurring": {}, "otherOperatingExpenses": 59560000, "totalOperatingExpenses": 1655920000, "operatingIncome": 31650000, "totalOtherIncomeExpenseNet": 20150000, "ebit": 31650000, "interestExpense": -4300000, "incomeBeforeTax": 51800000, "incomeTaxExpense": -5710000, "minorityInterest": {}, "netIncomeFromContinuingOps": 57510000, "discontinuedOperations": {}, "extraordinaryItems": {}, "effectOfAccountingCharges": {}, "otherItems": {}, "netIncome": 57510000, "netIncomeApplicableToCommonShares": 57510000}, {"maxAge": 1, "endDate": "2019-12-31", "totalRevenue": 1647060000, "costOfRevenue": 1100190000, "grossProfit": 546870000, "researchDevelopment": {}, "sellingGeneralAdministrative": 174860000, "nonRecurring": {}, "otherOperatingExpenses": 224230000, "totalOperatingExpenses": 1590170000, "operatingIncome": 56890000, "totalOtherIncomeExpenseNet": 11000000, "ebit": 56890000, "interestExpense": -7060000, "incomeBeforeTax": 67890000, "incomeTaxExpense": 22640000, "minorityInterest": {}, "netIncomeFromContinuingOps": 45250000, "discontinuedOperations": {}, "extraordinaryItems": {}, "effectOfAccountingCharges": {}, "otherItems": {}, "netIncome": 45250000, "netIncomeApplicableToCommonShares": 45250000}, {"maxAge": 1, "endDate": "2019-09-30", "totalRevenue": 2000470000, "costOfRevenue": 1353730000, "grossProfit": 646740000, "researchDevelopment": {}, "sellingGeneralAdministrative": 226130000, "nonRecurring": {}, "otherOperatingExpenses": 251420000, "totalOperatingExpenses": 1922680000, "operatingIncome": 77790000, "totalOtherIncomeExpenseNet": 17620000, "ebit": 77790000, "interestExpense": -3290000, "incomeBeforeTax": 95410000, "incomeTaxExpense": 33000000, "minorityInterest": {}, "netIncomeFromContinuingOps": 62410000, "discontinuedOperations": {}, "extraordinaryItems": {}, "effectOfAccountingCharges": {}, "otherItems": {}, "netIncome": 62410000, "netIncomeApplicableToCommonShares": 62410000}], "maxAge": 86400}, "cashflowStatementHistoryQuarterly": {"cashflowStatements": [{"maxAge": 1, "endDate": "2020-06-30", "netIncome": -230370000, "changeToLiabilities": 0}, {"maxAge": 1, "endDate": "2020-03-31", "netIncome": 57510000, "changeToLiabilities": 0}, {"maxAge": 1, "endDate": "2019-12-31", "netIncome": 45250000, "changeToLiabilities": 0}, {"maxAge": 1, "endDate": "2019-09-30", "netIncome": 62410000, "changeToLiabilities": 0}], "maxAge": 86400}, "insiderHolders": {"holders": [], "maxAge": 1}, "earnings": {"maxAge": 86400, "earningsChart": {"quarterly": [{"date": "2Q2017", "actual": 8.53, "estimate": 11.65}, {"date": "4Q2017", "actual": 14.76, "estimate": 9.84}, {"date": "3Q2018", "actual": 21.21, "estimate": 20.35}], "currentQuarterEstimateDate": "4Q", "currentQuarterEstimateYear": 2018, "earningsDate": []}, "financialsChart": {"yearly": [{"date": 2017, "revenue": 11723060000, "earnings": 494180000}, {"date": 2018, "revenue": 15193660000, "earnings": 839320000}, {"date": 2019, "revenue": 19390420000, "earnings": 1215500000}, {"date": 2020, "revenue": 9519580000, "earnings": 411340000}], "quarterly": [{"date": "3Q2019", "revenue": 2000470000, "earnings": 62410000}, {"date": "4Q2019", "revenue": 1647060000, "earnings": 45250000}, {"date": "1Q2020", "revenue": 1687570000, "earnings": 57510000}, {"date": "2Q2020", "revenue": 388520000, "earnings": -230370000}]}, "financialCurrency": "INR"}, "calendarEvents": {"maxAge": 1, "earnings": {"earningsDate": []}}, "price": {"maxAge": 1, "regularMarketChangePercent": 0.007536818, "regularMarketChange": 7.4000244, "regularMarketTime": "2021-04-30 15:28:35", "priceHint": 2, "regularMarketPrice": 989.25, "regularMarketDayHigh": 1002.95, "regularMarketDayLow": 980.0, "regularMarketVolume": 1085, "averageDailyVolume10Day": 2746, "averageDailyVolume3Month": 6188, "regularMarketPreviousClose": 981.85, "regularMarketSource": "FREE_REALTIME", "regularMarketOpen": 980.0, "exchange": "BSE", "exchangeName": "BSE", "exchangeDataDelayedBy": 0, "marketState": "CLOSED", "quoteType": "EQUITY", "symbol": "AUTOAXLES.BO", "underlyingSymbol": null, "shortName": "AUTOMOTIVE AXLES LTD.", "longName": "Automotive Axles Limited", "currency": "INR", "quoteSourceName": "Delayed Quote", "currencySymbol": "\u20b9", "fromCurrency": null, "toCurrency": null, "lastMarket": null, "marketCap": 14949545984}, "balanceSheetHistory": {"balanceSheetStatements": [{"maxAge": 1, "endDate": "2020-03-31", "cash": 737340000, "shortTermInvestments": 65770000, "netReceivables": 1302590000, "inventory": 1560030000, "otherCurrentAssets": 369410000, "totalCurrentAssets": 4094270000, "propertyPlantEquipment": 2788240000, "intangibleAssets": 6080000, "otherAssets": 396310000, "deferredLongTermAssetCharges": 100420000, "totalAssets": 7284900000, "accountsPayable": 1145610000, "shortLongTermDebt": 41670000, "otherCurrentLiab": 329880000, "longTermDebt": 187500000, "otherLiab": 87020000, "totalCurrentLiabilities": 1583600000, "totalLiab": 1965530000, "commonStock": 151120000, "retainedEarnings": 5052660000, "capitalSurplus": 115590000, "totalStockholderEquity": 5319370000, "netTangibleAssets": 5313290000}, {"maxAge": 1, "endDate": "2019-03-31", "cash": 397410000, "shortTermInvestments": 23360000, "netReceivables": 3747750000, "inventory": 1843700000, "otherCurrentAssets": 408620000, "totalCurrentAssets": 6436800000, "propertyPlantEquipment": 2239550000, "intangibleAssets": 3860000, "otherAssets": 652510000, "deferredLongTermAssetCharges": 147980000, "totalAssets": 9332720000, "accountsPayable": 2579530000, "shortLongTermDebt": 70970000, "otherCurrentLiab": 354980000, "longTermDebt": 659030000, "otherLiab": 76790000, "totalCurrentLiabilities": 3212500000, "totalLiab": 3948320000, "commonStock": 151120000, "retainedEarnings": 5117690000, "capitalSurplus": 115590000, "totalStockholderEquity": 5384400000, "netTangibleAssets": 5380540000}, {"maxAge": 1, "endDate": "2018-03-31", "cash": 442190000, "shortTermInvestments": 860000, "netReceivables": 3507060000, "inventory": 1370940000, "otherCurrentAssets": 396110000, "totalCurrentAssets": 5730790000, "propertyPlantEquipment": 1337720000, "intangibleAssets": 5560000, "otherAssets": 267970000, "deferredLongTermAssetCharges": 58880000, "totalAssets": 7342040000, "accountsPayable": 2562000000, "otherCurrentLiab": 104690000, "otherLiab": 52460000, "totalCurrentLiabilities": 2846230000, "totalLiab": 2898690000, "commonStock": 151120000, "retainedEarnings": 4176640000, "capitalSurplus": 115590000, "totalStockholderEquity": 4443350000, "netTangibleAssets": 4437790000}, {"maxAge": 1, "endDate": "2017-03-31", "cash": 348270000, "shortTermInvestments": 1490000, "netReceivables": 2320290000, "inventory": 988010000, "otherCurrentAssets": 282060000, "totalCurrentAssets": 3953730000, "propertyPlantEquipment": 1524420000, "intangibleAssets": 5880000, "otherAssets": 152220000, "totalAssets": 5636250000, "accountsPayable": 1687880000, "otherCurrentLiab": 87130000, "otherLiab": 51960000, "totalCurrentLiabilities": 1818390000, "totalLiab": 1870350000, "commonStock": 151120000, "retainedEarnings": 3499190000, "capitalSurplus": 115590000, "totalStockholderEquity": 3765900000, "netTangibleAssets": 3760020000}], "maxAge": 86400}, "earningsTrend": {"trend": [{"maxAge": 1, "period": "0q", "endDate": "2018-12-31", "growth": {}, "earningsEstimate": {"avg": 0.0, "low": 0.0, "high": 0.0, "yearAgoEps": {}, "numberOfAnalysts": 0, "growth": {}}, "revenueEstimate": {"avg": 0, "low": 0, "high": 0, "numberOfAnalysts": 0, "yearAgoRevenue": {}, "growth": {}}, "epsTrend": {"current": 0.0, "7daysAgo": 0.0, "30daysAgo": 0.0, "60daysAgo": 0.0, "90daysAgo": 0.0}, "epsRevisions": {"upLast7days": 0, "upLast30days": 0, "downLast30days": 0, "downLast90days": {}}}, {"maxAge": 1, "period": "+1q", "endDate": "2019-03-31", "growth": {}, "earningsEstimate": {"avg": 0.0, "low": 0.0, "high": 0.0, "yearAgoEps": 8.53, "numberOfAnalysts": 0, "growth": {}}, "revenueEstimate": {"avg": 0, "low": 0, "high": 0, "numberOfAnalysts": 0, "yearAgoRevenue": {}, "growth": {}}, "epsTrend": {"current": 0.0, "7daysAgo": 0.0, "30daysAgo": 0.0, "60daysAgo": 0.0, "90daysAgo": 0.0}, "epsRevisions": {"upLast7days": 0, "upLast30days": 0, "downLast30days": 0, "downLast90days": {}}}, {"maxAge": 1, "period": "0y", "endDate": "2019-03-31", "growth": {}, "earningsEstimate": {"avg": 0.0, "low": 0.0, "high": 0.0, "yearAgoEps": {}, "numberOfAnalysts": 0, "growth": {}}, "revenueEstimate": {"avg": 19562500000, "low": 18929000000, "high": 20196000000, "numberOfAnalysts": 2, "yearAgoRevenue": 15193700000, "growth": 0.288}, "epsTrend": {"current": 0.0, "7daysAgo": 81.21, "30daysAgo": 81.21, "60daysAgo": 81.21, "90daysAgo": 81.21}, "epsRevisions": {"upLast7days": 0, "upLast30days": 1, "downLast30days": 0, "downLast90days": {}}}, {"maxAge": 1, "period": "+1y", "endDate": "2020-03-31", "growth": {}, "earningsEstimate": {"avg": 0.0, "low": 0.0, "high": 0.0, "yearAgoEps": {}, "numberOfAnalysts": 0, "growth": {}}, "revenueEstimate": {"avg": 23226100000, "low": 22419000000, "high": 24033300000, "numberOfAnalysts": 2, "yearAgoRevenue": 19562500000, "growth": 0.187}, "epsTrend": {"current": 0.0, "7daysAgo": 100.36, "30daysAgo": 100.36, "60daysAgo": 100.36, "90daysAgo": 100.36}, "epsRevisions": {"upLast7days": 0, "upLast30days": 1, "downLast30days": 0, "downLast90days": {}}}, {"maxAge": 1, "period": "+5y", "endDate": null, "growth": 0.38, "earningsEstimate": {"avg": {}, "low": {}, "high": {}, "yearAgoEps": {}, "numberOfAnalysts": {}, "growth": {}}, "revenueEstimate": {"avg": {}, "low": {}, "high": {}, "numberOfAnalysts": {}, "yearAgoRevenue": {}, "growth": {}}, "epsTrend": {"current": {}, "7daysAgo": {}, "30daysAgo": {}, "60daysAgo": {}, "90daysAgo": {}}, "epsRevisions": {"upLast7days": {}, "upLast30days": {}, "downLast30days": {}, "downLast90days": {}}}, {"maxAge": 1, "period": "-5y", "endDate": null, "growth": {}, "earningsEstimate": {"avg": {}, "low": {}, "high": {}, "yearAgoEps": {}, "numberOfAnalysts": {}, "growth": {}}, "revenueEstimate": {"avg": {}, "low": {}, "high": {}, "numberOfAnalysts": {}, "yearAgoRevenue": {}, "growth": {}}, "epsTrend": {"current": {}, "7daysAgo": {}, "30daysAgo": {}, "60daysAgo": {}, "90daysAgo": {}}, "epsRevisions": {"upLast7days": {}, "upLast30days": {}, "downLast30days": {}, "downLast90days": {}}}], "maxAge": 1}, "financialData": {"maxAge": 86400, "currentPrice": 989.25, "targetHighPrice": 1898.0, "targetLowPrice": 1898.0, "targetMeanPrice": 1898.0, "targetMedianPrice": 1898.0, "recommendationKey": "none", "numberOfAnalystOpinions": 1, "grossProfits": 2925810000, "financialCurrency": "INR"}}}