{"AVADHSUGAR.BO": {"cashflowStatementHistory": {"cashflowStatements": [{"maxAge": 1, "endDate": "2020-03-31", "netIncome": 886154000, "depreciation": 447731000, "changeToNetincome": 1042007000, "changeToAccountReceivables": 14848000, "changeToLiabilities": 1275418000, "changeToInventory": -588438000, "changeToOperatingActivities": -1230180000, "totalCashFromOperatingActivities": 1848509000, "capitalExpenditures": -996157000, "investments": -50000, "otherCashflowsFromInvestingActivities": 12457000, "totalCashflowsFromInvestingActivities": -983845000, "dividendsPaid": -78841000, "netBorrowings": 611256000, "otherCashflowsFromFinancingActivities": -1131256000, "totalCashFromFinancingActivities": -842341000, "changeInCash": 22323000}, {"maxAge": 1, "endDate": "2019-03-31", "netIncome": 1198740000, "depreciation": 435908000, "changeToNetincome": 1036281000, "changeToAccountReceivables": -432804000, "changeToLiabilities": 1406292000, "changeToInventory": -4179428000, "changeToOperatingActivities": -520821000, "totalCashFromOperatingActivities": -1055216000, "capitalExpenditures": -319754000, "investments": 50000, "otherCashflowsFromInvestingActivities": 12977000, "totalCashflowsFromInvestingActivities": -294469000, "dividendsPaid": -82746000, "netBorrowings": 2557888000, "otherCashflowsFromFinancingActivities": -889518000, "totalCashFromFinancingActivities": 1342124000, "changeInCash": -7561000}, {"maxAge": 1, "endDate": "2018-03-31", "netIncome": 881639000, "depreciation": 443548000, "changeToNetincome": 643097000, "changeToAccountReceivables": -184111000, "changeToLiabilities": 1202246000, "changeToInventory": 938489000, "changeToOperatingActivities": -2267595000, "totalCashFromOperatingActivities": 1658400000, "capitalExpenditures": -488703000, "investments": 50000, "otherCashflowsFromInvestingActivities": 10108000, "totalCashflowsFromInvestingActivities": -475654000, "dividendsPaid": -379725000, "netBorrowings": 360935000, "otherCashflowsFromFinancingActivities": -1254812000, "totalCashFromFinancingActivities": -1443602000, "changeInCash": -260856000}, {"maxAge": 1, "endDate": "2017-03-31", "netIncome": 2033226000, "depreciation": 459360000, "changeToNetincome": 1797239000, "changeToAccountReceivables": 237852000, "changeToLiabilities": -2057475000, "changeToInventory": -2117924000, "changeToOperatingActivities": 1104582000, "totalCashFromOperatingActivities": 1456860000, "capitalExpenditures": -189883000, "investments": 50000, "otherCashflowsFromInvestingActivities": 5328000, "totalCashflowsFromInvestingActivities": -184449000, "dividendsPaid": -379725000, "netBorrowings": 228358000, "otherCashflowsFromFinancingActivities": -1226841000, "totalCashFromFinancingActivities": -998483000, "changeInCash": 273928000}], "maxAge": 86400}, "institutionOwnership": {"maxAge": 1, "ownershipList": []}, "balanceSheetHistoryQuarterly": {"balanceSheetStatements": [{"maxAge": 1, "endDate": "2020-06-30", "totalStockholderEquity": 5917811000, "netTangibleAssets": 5911416000}, {"maxAge": 1, "endDate": "2020-03-31", "cash": 53781000, "netReceivables": 2873847000, "inventory": 14854530000, "otherCurrentAssets": 146555000, "totalCurrentAssets": 17956244000, "longTermInvestments": 98726000, "propertyPlantEquipment": 10345727000, "intangibleAssets": 6395000, "otherAssets": 183716000, "deferredLongTermAssetCharges": 27971000, "totalAssets": 28590808000, "accountsPayable": 5990785000, "shortLongTermDebt": 1137656000, "otherCurrentLiab": 238740000, "longTermDebt": 5847395000, "otherLiab": 161891000, "totalCurrentLiabilities": 16642002000, "totalLiab": 22672997000, "commonStock": 200184000, "retainedEarnings": 2460798000, "treasuryStock": 3256829000, "otherStockholderEquity": 3256829000, "totalStockholderEquity": 5917811000, "netTangibleAssets": 5911416000}, {"maxAge": 1, "endDate": "2019-12-31", "totalStockholderEquity": 5289628000, "netTangibleAssets": 5284074000}, {"maxAge": 1, "endDate": "2019-09-30", "cash": 112378000, "shortTermInvestments": 716000, "netReceivables": 650258000, "inventory": 12287914000, "otherCurrentAssets": 1180915000, "totalCurrentAssets": 14232181000, "longTermInvestments": 165720000, "propertyPlantEquipment": 9680390000, "intangibleAssets": 5554000, "otherAssets": 249079000, "totalAssets": 24332924000, "accountsPayable": 694604000, "shortLongTermDebt": 1491730000, "otherCurrentLiab": 179632000, "longTermDebt": 6484095000, "otherLiab": 261340000, "totalCurrentLiabilities": 12297861000, "totalLiab": 19043296000, "commonStock": 200184000, "treasuryStock": 5089444000, "otherStockholderEquity": 5089444000, "totalStockholderEquity": 5289628000, "netTangibleAssets": 5284074000}], "maxAge": 86400}, "indexTrend": {"maxAge": 1, "symbol": "SP5", "peRatio": 19.7411, "pegRatio": 1.34172, "estimates": [{"period": "0q", "growth": 0.549}, {"period": "+1q", "growth": 0.431}, {"period": "0y", "growth": 0.305}, {"period": "+1y", "growth": 0.109}, {"period": "+5y", "growth": 0.120865}, {"period": "-5y"}]}, "insiderTransactions": {"transactions": [{"maxAge": 1, "shares": 464278, "filerUrl": "", "transactionText": "", "filerName": "Nopany (Chandra Shekhar)", "filerRelation": "Promoter", "moneyText": "", "startDate": "2019-11-13", "ownership": "D"}, {"maxAge": 1, "shares": 500000, "filerUrl": "", "transactionText": "", "filerName": "Nopany (Nandini)", "filerRelation": "UNREPORTED", "moneyText": "", "startDate": "2019-11-13", "ownership": "D"}, {"maxAge": 1, "shares": 500000, "filerUrl": "", "transactionText": "", "filerName": "Shekhar Family Trust", "filerRelation": "Institution- Corporation", "moneyText": "", "startDate": "2019-11-13", "ownership": "D"}], "maxAge": 1}, "quoteType": {"exchange": "BSE", "quoteType": "EQUITY", "symbol": "AVADHSUGAR.BO", "underlyingSymbol": "AVADHSUGAR.BO", "shortName": "AVADH SUGAR & ENERGY LIMITED", "longName": "Avadh Sugar & Energy Limited", "firstTradeDateEpochUtc": "2017-07-28 09:15:00", "timeZoneFullName": "Asia/Kolkata", "timeZoneShortName": "IST", "uuid": "d35c7910-04ab-3756-94ee-348d8b8219e1", "messageBoardId": null, "gmtOffSetMilliseconds": 19800000, "maxAge": 1}, "incomeStatementHistory": {"incomeStatementHistory": [{"maxAge": 1, "endDate": "2020-03-31", "totalRevenue": 25593971000, "costOfRevenue": 20363008000, "grossProfit": 5230963000, "researchDevelopment": {}, "sellingGeneralAdministrative": 988691000, "nonRecurring": {}, "otherOperatingExpenses": 1623496000, "totalOperatingExpenses": 23423895000, "operatingIncome": 2170076000, "totalOtherIncomeExpenseNet": -1108447000, "ebit": 2170076000, "interestExpense": -1160453000, "incomeBeforeTax": 1061629000, "incomeTaxExpense": 175475000, "minorityInterest": {}, "netIncomeFromContinuingOps": 886154000, "discontinuedOperations": {}, "extraordinaryItems": {}, "effectOfAccountingCharges": {}, "otherItems": {}, "netIncome": 886154000, "netIncomeApplicableToCommonShares": 886154000}, {"maxAge": 1, "endDate": "2019-03-31", "totalRevenue": 21301659000, "costOfRevenue": 15853990000, "grossProfit": 5447669000, "researchDevelopment": {}, "sellingGeneralAdministrative": 884664000, "nonRecurring": {}, "otherOperatingExpenses": 1645020000, "totalOperatingExpenses": 18820198000, "operatingIncome": 2481461000, "totalOtherIncomeExpenseNet": -937797000, "ebit": 2481461000, "interestExpense": -969221000, "incomeBeforeTax": 1543664000, "incomeTaxExpense": 344924000, "minorityInterest": {}, "netIncomeFromContinuingOps": 1198740000, "discontinuedOperations": {}, "extraordinaryItems": {}, "effectOfAccountingCharges": {}, "otherItems": {}, "netIncome": 1198740000, "netIncomeApplicableToCommonShares": 1198740000}, {"maxAge": 1, "endDate": "2018-03-31", "totalRevenue": 23358006000, "costOfRevenue": 18509718000, "grossProfit": 4848288000, "researchDevelopment": {}, "sellingGeneralAdministrative": 799147000, "nonRecurring": {}, "otherOperatingExpenses": 1352216000, "totalOperatingExpenses": 21105716000, "operatingIncome": 2252290000, "totalOtherIncomeExpenseNet": -1109873000, "ebit": 2252290000, "interestExpense": -1142795000, "incomeBeforeTax": 1142417000, "incomeTaxExpense": 260778000, "minorityInterest": {}, "netIncomeFromContinuingOps": 881639000, "discontinuedOperations": {}, "extraordinaryItems": {}, "effectOfAccountingCharges": {}, "otherItems": {}, "netIncome": 881639000, "netIncomeApplicableToCommonShares": 881639000}, {"maxAge": 1, "endDate": "2017-03-31", "totalRevenue": 18728613000, "costOfRevenue": 12668173000, "grossProfit": 6060440000, "researchDevelopment": {}, "sellingGeneralAdministrative": 777544000, "nonRecurring": {}, "otherOperatingExpenses": 963405000, "totalOperatingExpenses": 14868482000, "operatingIncome": 3860131000, "totalOtherIncomeExpenseNet": -1394605000, "ebit": 3860131000, "interestExpense": -1377753000, "incomeBeforeTax": 2465526000, "incomeTaxExpense": 432300000, "minorityInterest": {}, "netIncomeFromContinuingOps": 2033226000, "discontinuedOperations": {}, "extraordinaryItems": {}, "effectOfAccountingCharges": {}, "otherItems": {}, "netIncome": 2033226000, "netIncomeApplicableToCommonShares": 2033226000}], "maxAge": 86400}, "fundOwnership": {"maxAge": 1, "ownershipList": []}, "summaryDetail": {"maxAge": 1, "priceHint": 2, "previousClose": 265.0, "open": 258.6, "dayLow": 256.25, "dayHigh": 298.4, "regularMarketPreviousClose": 265.0, "regularMarketOpen": 258.6, "regularMarketDayLow": 256.25, "regularMarketDayHigh": 298.4, "trailingPE": 7.827255, "volume": 107945, "regularMarketVolume": 107945, "averageVolume": 14317, "averageVolume10days": 8110, "averageDailyVolume10Day": 8110, "bid": 283.2, "ask": 283.15, "bidSize": 0, "askSize": 0, "marketCap": 5658200576, "fiftyTwoWeekLow": 88.5, "fiftyTwoWeekHigh": 298.4, "fiftyDayAverage": 201.61429, "twoHundredDayAverage": 194.20584, "trailingAnnualDividendRate": 4.0, "trailingAnnualDividendYield": 0.01509434, "currency": "INR", "fromCurrency": null, "toCurrency": null, "lastMarket": null, "algorithm": null, "tradeable": false}, "incomeStatementHistoryQuarterly": {"incomeStatementHistory": [{"maxAge": 1, "endDate": "2020-06-30", "totalRevenue": 5634272000, "costOfRevenue": 4354813000, "grossProfit": 1279459000, "researchDevelopment": {}, "sellingGeneralAdministrative": 230190000, "nonRecurring": {}, "otherOperatingExpenses": 495083000, "totalOperatingExpenses": 5193624000, "operatingIncome": 440648000, "totalOtherIncomeExpenseNet": -285280000, "ebit": 440648000, "interestExpense": -286869000, "incomeBeforeTax": 155368000, "incomeTaxExpense": 54890000, "minorityInterest": {}, "netIncomeFromContinuingOps": 100478000, "discontinuedOperations": {}, "extraordinaryItems": {}, "effectOfAccountingCharges": {}, "otherItems": {}, "netIncome": 100478000, "netIncomeApplicableToCommonShares": 100478000}, {"maxAge": 1, "endDate": "2020-03-31", "totalRevenue": 7731404000, "costOfRevenue": 6408273000, "grossProfit": 1323131000, "researchDevelopment": {}, "sellingGeneralAdministrative": 343405000, "nonRecurring": {}, "otherOperatingExpenses": 24122000, "totalOperatingExpenses": 6890335000, "operatingIncome": 841069000, "totalOtherIncomeExpenseNet": -232731000, "ebit": 841069000, "interestExpense": -231562000, "incomeBeforeTax": 608338000, "incomeTaxExpense": 3297000, "minorityInterest": {}, "netIncomeFromContinuingOps": 605041000, "discontinuedOperations": {}, "extraordinaryItems": {}, "effectOfAccountingCharges": {}, "otherItems": {}, "netIncome": 605041000, "netIncomeApplicableToCommonShares": 605041000}, {"maxAge": 1, "endDate": "2019-12-31", "totalRevenue": 8705954000, "costOfRevenue": 7270577000, "grossProfit": 1435377000, "researchDevelopment": {}, "sellingGeneralAdministrative": 237312000, "nonRecurring": {}, "otherOperatingExpenses": 720704000, "totalOperatingExpenses": 8340600000, "operatingIncome": 365354000, "totalOtherIncomeExpenseNet": -239086000, "ebit": 365354000, "interestExpense": -249532000, "incomeBeforeTax": 126268000, "incomeTaxExpense": 51302000, "minorityInterest": {}, "netIncomeFromContinuingOps": 74966000, "discontinuedOperations": {}, "extraordinaryItems": {}, "effectOfAccountingCharges": {}, "otherItems": {}, "netIncome": 74966000, "netIncomeApplicableToCommonShares": 74966000}, {"maxAge": 1, "endDate": "2019-09-30", "totalRevenue": 4373635000, "costOfRevenue": 3518173000, "grossProfit": 855462000, "researchDevelopment": {}, "sellingGeneralAdministrative": 190923000, "nonRecurring": {}, "otherOperatingExpenses": 340332000, "totalOperatingExpenses": 4161729000, "operatingIncome": 211906000, "totalOtherIncomeExpenseNet": -298049000, "ebit": 211906000, "interestExpense": -337350000, "incomeBeforeTax": -86143000, "incomeTaxExpense": -28513000, "minorityInterest": {}, "netIncomeFromContinuingOps": -57630000, "discontinuedOperations": {}, "extraordinaryItems": {}, "effectOfAccountingCharges": {}, "otherItems": {}, "netIncome": -57630000, "netIncomeApplicableToCommonShares": -57630000}], "maxAge": 86400}, "cashflowStatementHistoryQuarterly": {"cashflowStatements": [{"maxAge": 1, "endDate": "2020-06-30", "netIncome": 100478000, "changeToLiabilities": 0}, {"maxAge": 1, "endDate": "2020-03-31", "netIncome": 605041000, "changeToLiabilities": 0}, {"maxAge": 1, "endDate": "2019-12-31", "netIncome": 74966000, "changeToLiabilities": 0}, {"maxAge": 1, "endDate": "2019-09-30", "netIncome": -57630000, "changeToLiabilities": 0}], "maxAge": 86400}, "insiderHolders": {"holders": [{"maxAge": 1, "name": "Nopany (Chandra Shekhar)", "relation": "Promoter", "url": "", "transactionDescription": "Purchase", "latestTransDate": "2019-11-13", "positionDirect": 500200, "positionDirectDate": "2019-11-13"}, {"maxAge": 1, "name": "Nopany (Nandini)", "relation": "UNREPORTED", "url": "", "transactionDescription": "Sale", "latestTransDate": "2019-11-13", "positionDirect": 67358, "positionDirectDate": "2019-11-13"}, {"maxAge": 1, "name": "Shekhar Family Trust", "relation": "Institution- Corporation", "url": "", "transactionDescription": "Purchase", "latestTransDate": "2019-11-13", "positionDirect": 500200, "positionDirectDate": "2019-11-13"}], "maxAge": 1}, "calendarEvents": {"maxAge": 1, "earnings": {"earningsDate": []}}, "price": {"maxAge": 1, "regularMarketChangePercent": 0.06660375, "regularMarketChange": 17.649994, "regularMarketTime": "2021-04-30 15:46:19", "priceHint": 2, "regularMarketPrice": 282.65, "regularMarketDayHigh": 298.4, "regularMarketDayLow": 256.25, "regularMarketVolume": 107945, "averageDailyVolume10Day": 8110, "averageDailyVolume3Month": 14317, "regularMarketPreviousClose": 265.0, "regularMarketSource": "FREE_REALTIME", "regularMarketOpen": 258.6, "exchange": "BSE", "exchangeName": "BSE", "exchangeDataDelayedBy": 0, "marketState": "CLOSED", "quoteType": "EQUITY", "symbol": "AVADHSUGAR.BO", "underlyingSymbol": null, "shortName": "AVADH SUGAR & ENERGY LIMITED", "longName": "Avadh Sugar & Energy Limited", "currency": "INR", "quoteSourceName": "Delayed Quote", "currencySymbol": "\u20b9", "fromCurrency": null, "toCurrency": null, "lastMarket": null, "marketCap": 5658200576}, "balanceSheetHistory": {"balanceSheetStatements": [{"maxAge": 1, "endDate": "2020-03-31", "cash": 53781000, "netReceivables": 2873847000, "inventory": 14854530000, "otherCurrentAssets": 146555000, "totalCurrentAssets": 17956244000, "longTermInvestments": 98726000, "propertyPlantEquipment": 10345727000, "intangibleAssets": 6395000, "otherAssets": 183716000, "deferredLongTermAssetCharges": 27971000, "totalAssets": 28590808000, "accountsPayable": 5990785000, "shortLongTermDebt": 1137656000, "otherCurrentLiab": 238740000, "longTermDebt": 5847395000, "otherLiab": 161891000, "totalCurrentLiabilities": 16642002000, "totalLiab": 22672997000, "commonStock": 200184000, "retainedEarnings": 2460798000, "treasuryStock": 3256829000, "otherStockholderEquity": 3256829000, "totalStockholderEquity": 5917811000, "netTangibleAssets": 5911416000}, {"maxAge": 1, "endDate": "2019-03-31", "cash": 31458000, "netReceivables": 1675771000, "inventory": 14266402000, "otherCurrentAssets": 121954000, "totalCurrentAssets": 16121191000, "longTermInvestments": 122396000, "propertyPlantEquipment": 9783397000, "intangibleAssets": 4524000, "otherAssets": 55899000, "totalAssets": 26087407000, "accountsPayable": 4752361000, "shortLongTermDebt": 1202854000, "otherCurrentLiab": 214220000, "longTermDebt": 4777533000, "otherLiab": 226961000, "totalCurrentLiabilities": 15997759000, "totalLiab": 21002253000, "commonStock": 100092000, "retainedEarnings": 1615010000, "treasuryStock": 3370052000, "otherStockholderEquity": 3370052000, "totalStockholderEquity": 5085154000, "netTangibleAssets": 5080630000}, {"maxAge": 1, "endDate": "2018-03-31", "cash": 39019000, "netReceivables": 854553000, "inventory": 10086933000, "otherCurrentAssets": 101559000, "totalCurrentAssets": 11089449000, "longTermInvestments": 127174000, "propertyPlantEquipment": 9924980000, "intangibleAssets": 2629000, "otherAssets": 63264000, "totalAssets": 21207496000, "accountsPayable": 3355272000, "shortLongTermDebt": 707632000, "otherCurrentLiab": 62920000, "longTermDebt": 3968347000, "otherLiab": 35808000, "totalCurrentLiabilities": 13293532000, "totalLiab": 17297687000, "commonStock": 100092000, "retainedEarnings": 430108000, "treasuryStock": 3379609000, "otherStockholderEquity": 3379609000, "totalStockholderEquity": 3909809000, "netTangibleAssets": 3907180000}, {"maxAge": 1, "endDate": "2017-03-31", "cash": 299875000, "netReceivables": 686766000, "inventory": 11025522000, "otherCurrentAssets": 289822000, "totalCurrentAssets": 12313448000, "longTermInvestments": 209443000, "propertyPlantEquipment": 9887343000, "intangibleAssets": 2362000, "otherAssets": 31908000, "totalAssets": 22444504000, "accountsPayable": 2169467000, "shortLongTermDebt": 1088518000, "otherCurrentLiab": 2404277000, "longTermDebt": 3411503000, "otherLiab": 44249000, "totalCurrentLiabilities": 15853578000, "totalLiab": 19309330000, "commonStock": 100092000, "retainedEarnings": 61371000, "treasuryStock": 2973711000, "otherStockholderEquity": 2973711000, "totalStockholderEquity": 3135174000, "netTangibleAssets": 3132812000}], "maxAge": 86400}, "financialData": {"maxAge": 86400, "currentPrice": 282.65, "recommendationKey": "none", "grossProfits": 5230963000, "financialCurrency": "INR"}}}