{"AVAILFC.BO": {"cashflowStatementHistory": {"cashflowStatements": [{"maxAge": 1, "endDate": "2020-03-31", "netIncome": 481711080, "depreciation": 1050, "changeToNetincome": -472074280, "changeToLiabilities": 0, "changeToOperatingActivities": 6868310, "totalCashFromOperatingActivities": 16506160, "netBorrowings": -17523960, "totalCashFromFinancingActivities": -17523960, "changeInCash": -1017790}, {"maxAge": 1, "endDate": "2019-03-31", "netIncome": 352905340, "depreciation": 1050, "changeToNetincome": -352894850, "changeToLiabilities": 0, "changeToOperatingActivities": 39434570, "totalCashFromOperatingActivities": 39446110, "netBorrowings": -38216060, "totalCashFromFinancingActivities": -38216060, "changeInCash": 1230050}, {"maxAge": 1, "endDate": "2018-03-31", "netIncome": 441505651, "depreciation": 1045, "changeToNetincome": -455530639, "changeToLiabilities": 0, "changeToOperatingActivities": 14007507, "totalCashFromOperatingActivities": -16436, "netBorrowings": -38216060, "totalCashFromFinancingActivities": -38216060, "changeInCash": -16436}, {"maxAge": 1, "endDate": "2017-03-31", "netIncome": 300161549, "depreciation": 466654, "changeToNetincome": -298695637, "changeToLiabilities": 0, "changeToOperatingActivities": -3559322, "totalCashFromOperatingActivities": -1626757, "totalCashflowsFromInvestingActivities": 1500000, "netBorrowings": -38216060, "totalCashFromFinancingActivities": -38216060, "changeInCash": -126757}], "maxAge": 86400}, "institutionOwnership": {"maxAge": 1, "ownershipList": []}, "balanceSheetHistoryQuarterly": {"balanceSheetStatements": [{"maxAge": 1, "endDate": "2020-06-30", "totalStockholderEquity": 2702455290, "netTangibleAssets": 2702455290}, {"maxAge": 1, "endDate": "2020-03-31", "cash": 356520, "netReceivables": 6434970, "otherCurrentAssets": 947080, "totalCurrentAssets": 7738570, "longTermInvestments": 2713765420, "propertyPlantEquipment": 6880, "otherAssets": 10, "totalAssets": 2721510880, "otherCurrentLiab": 7900, "longTermDebt": 18964670, "otherLiab": 74520, "totalCurrentLiabilities": 16400, "totalLiab": 19055590, "commonStock": 102037000, "retainedEarnings": 2512763290, "treasuryStock": 19822350, "capitalSurplus": 67832650, "otherStockholderEquity": 19822350, "totalStockholderEquity": 2702455290, "netTangibleAssets": 2702455290}, {"maxAge": 1, "endDate": "2019-12-31", "totalStockholderEquity": 452117000, "netTangibleAssets": 452117000}, {"maxAge": 1, "endDate": "2019-09-30", "cash": 260000, "netReceivables": 1835000, "totalCurrentAssets": 2095000, "longTermInvestments": 464532000, "propertyPlantEquipment": 8000, "otherAssets": 4901000, "totalAssets": 471536000, "longTermDebt": 19165000, "otherLiab": 254000, "totalLiab": 19419000, "commonStock": 102037000, "treasuryStock": 350080000, "otherStockholderEquity": 350080000, "totalStockholderEquity": 452117000, "netTangibleAssets": 452117000}], "maxAge": 86400}, "indexTrend": {"maxAge": 1, "symbol": "SP5", "peRatio": 19.7411, "pegRatio": 1.34172, "estimates": [{"period": "0q", "growth": 0.549}, {"period": "+1q", "growth": 0.431}, {"period": "0y", "growth": 0.305}, {"period": "+1y", "growth": 0.109}, {"period": "+5y", "growth": 0.120859005}, {"period": "-5y"}]}, "insiderTransactions": {"transactions": [{"maxAge": 1, "shares": 350000, "filerUrl": "", "transactionText": "", "filerName": "Archana Coal Pvt Ltd", "filerRelation": "Promoter", "moneyText": "", "startDate": "2015-05-06", "ownership": "D"}, {"maxAge": 1, "shares": 40000, "filerUrl": "", "transactionText": "", "filerName": "Archana Coal Pvt Ltd", "filerRelation": "Promoter", "moneyText": "", "startDate": "2014-12-11", "ownership": "D"}, {"maxAge": 1, "shares": 132000, "filerUrl": "", "transactionText": "", "filerName": "Archana Coal Pvt Ltd", "filerRelation": "Promoter", "moneyText": "", "startDate": "2014-12-10", "ownership": "D"}, {"maxAge": 1, "shares": 68866, "filerUrl": "", "transactionText": "", "filerName": "Archana Coal Pvt Ltd", "filerRelation": "Promoter", "moneyText": "", "startDate": "2014-12-05", "ownership": "D"}, {"maxAge": 1, "shares": 50000, "filerUrl": "", "transactionText": "", "filerName": "Archana Coal Pvt Ltd", "filerRelation": "Promoter", "moneyText": "", "startDate": "2014-12-04", "ownership": "D"}, {"maxAge": 1, "shares": 204990, "filerUrl": "", "transactionText": "", "filerName": "Archana Coal Pvt Ltd", "filerRelation": "Promoter", "moneyText": "", "startDate": "2014-11-04", "ownership": "D"}], "maxAge": 1}, "quoteType": {"exchange": "BSE", "quoteType": "EQUITY", "symbol": "AVAILFC.BO", "underlyingSymbol": "AVAILFC.BO", "shortName": "AVAILABLE FINANCE LTD.", "longName": "Available Finance Limited", "firstTradeDateEpochUtc": "2004-04-29 09:15:00", "timeZoneFullName": "Asia/Kolkata", "timeZoneShortName": "IST", "uuid": "9bc09b9f-48a0-35a7-ac37-6a4ecacc3dc1", "messageBoardId": null, "gmtOffSetMilliseconds": 19800000, "maxAge": 1}, "incomeStatementHistory": {"incomeStatementHistory": [{"maxAge": 1, "endDate": "2020-03-31", "totalRevenue": 10930790, "costOfRevenue": 0, "grossProfit": 10930790, "researchDevelopment": {}, "sellingGeneralAdministrative": 347520, "nonRecurring": {}, "otherOperatingExpenses": 1223440, "totalOperatingExpenses": 1572010, "operatingIncome": 9358780, "totalOtherIncomeExpenseNet": 472558010, "ebit": 0, "interestExpense": {}, "incomeBeforeTax": 481916790, "incomeTaxExpense": 205710, "minorityInterest": {}, "netIncomeFromContinuingOps": 481711080, "discontinuedOperations": {}, "extraordinaryItems": {}, "effectOfAccountingCharges": {}, "otherItems": {}, "netIncome": 481711080, "netIncomeApplicableToCommonShares": 481711080}, {"maxAge": 1, "endDate": "2019-03-31", "totalRevenue": 4622590, "costOfRevenue": 0, "grossProfit": 4622590, "researchDevelopment": {}, "sellingGeneralAdministrative": 401280, "nonRecurring": {}, "otherOperatingExpenses": 4124410, "totalOperatingExpenses": 4526740, "operatingIncome": 95850, "totalOtherIncomeExpenseNet": 352894850, "ebit": 0, "interestExpense": {}, "incomeBeforeTax": 352990700, "incomeTaxExpense": 85360, "minorityInterest": {}, "netIncomeFromContinuingOps": 352905340, "discontinuedOperations": {}, "extraordinaryItems": {}, "effectOfAccountingCharges": {}, "otherItems": {}, "netIncome": 352905340, "netIncomeApplicableToCommonShares": 352905340}, {"maxAge": 1, "endDate": "2018-03-31", "totalRevenue": 2135252, "costOfRevenue": 3540, "grossProfit": 2131712, "researchDevelopment": {}, "sellingGeneralAdministrative": 1068115, "nonRecurring": {}, "otherOperatingExpenses": 753976, "totalOperatingExpenses": 16471372, "operatingIncome": -14336120, "totalOtherIncomeExpenseNet": 455646297, "ebit": 0, "interestExpense": {}, "incomeBeforeTax": 441310177, "incomeTaxExpense": -195474, "minorityInterest": {}, "netIncomeFromContinuingOps": 441505651, "discontinuedOperations": {}, "extraordinaryItems": {}, "effectOfAccountingCharges": {}, "otherItems": {}, "netIncome": 441505651, "netIncomeApplicableToCommonShares": 441505651}, {"maxAge": 1, "endDate": "2017-03-31", "totalRevenue": 4810532, "costOfRevenue": 3899, "grossProfit": 4806633, "researchDevelopment": {}, "sellingGeneralAdministrative": 1105203, "nonRecurring": {}, "otherOperatingExpenses": 1120521, "totalOperatingExpenses": 2696277, "operatingIncome": 2114255, "totalOtherIncomeExpenseNet": 298873264, "ebit": 0, "interestExpense": {}, "incomeBeforeTax": 300987519, "incomeTaxExpense": 825970, "minorityInterest": {}, "netIncomeFromContinuingOps": 300161549, "discontinuedOperations": {}, "extraordinaryItems": {}, "effectOfAccountingCharges": {}, "otherItems": {}, "netIncome": 300161549, "netIncomeApplicableToCommonShares": 300161549}], "maxAge": 86400}, "fundOwnership": {"maxAge": 1, "ownershipList": []}, "summaryDetail": {"maxAge": 1, "priceHint": 2, "previousClose": 16.71, "open": 17.54, "dayLow": 17.54, "dayHigh": 17.54, "regularMarketPreviousClose": 16.71, "regularMarketOpen": 17.54, "regularMarketDayLow": 17.54, "regularMarketDayHigh": 17.54, "trailingPE": 0.49702466, "volume": 1250, "regularMarketVolume": 1250, "averageVolume": 6194, "averageVolume10days": 2645, "averageDailyVolume10Day": 2645, "bid": 17.54, "ask": 0.0, "marketCap": 178972912, "fiftyTwoWeekLow": 3.91, "fiftyTwoWeekHigh": 17.54, "fiftyDayAverage": 11.2794285, "twoHundredDayAverage": 7.0692806, "currency": "INR", "fromCurrency": null, "toCurrency": null, "lastMarket": null, "algorithm": null, "tradeable": false}, "incomeStatementHistoryQuarterly": {"incomeStatementHistory": [{"maxAge": 1, "endDate": "2020-06-30", "totalRevenue": 1312000, "costOfRevenue": 0, "grossProfit": 1312000, "researchDevelopment": {}, "sellingGeneralAdministrative": 46000, "nonRecurring": {}, "otherOperatingExpenses": 491000, "totalOperatingExpenses": 539000, "operatingIncome": 773000, "totalOtherIncomeExpenseNet": 86545000, "ebit": 0, "interestExpense": {}, "incomeBeforeTax": 87318000, "incomeTaxExpense": 0, "minorityInterest": {}, "netIncomeFromContinuingOps": 87318000, "discontinuedOperations": {}, "extraordinaryItems": {}, "effectOfAccountingCharges": {}, "otherItems": {}, "netIncome": 87318000, "netIncomeApplicableToCommonShares": 87318000}, {"maxAge": 1, "endDate": "2020-03-31", "totalRevenue": 10776790, "costOfRevenue": 0, "grossProfit": 10776790, "researchDevelopment": {}, "sellingGeneralAdministrative": -785480, "nonRecurring": {}, "otherOperatingExpenses": 1221440, "totalOperatingExpenses": 437010, "operatingIncome": 10339780, "totalOtherIncomeExpenseNet": -19955990, "ebit": 0, "interestExpense": {}, "incomeBeforeTax": -9616210, "incomeTaxExpense": 205710, "minorityInterest": {}, "netIncomeFromContinuingOps": -9821920, "discontinuedOperations": {}, "extraordinaryItems": {}, "effectOfAccountingCharges": {}, "otherItems": {}, "netIncome": -9821920, "netIncomeApplicableToCommonShares": -9821920}, {"maxAge": 1, "endDate": "2019-12-31", "totalRevenue": 26000, "costOfRevenue": 0, "grossProfit": 26000, "researchDevelopment": {}, "sellingGeneralAdministrative": 511000, "nonRecurring": {}, "otherOperatingExpenses": 1221440, "totalOperatingExpenses": 511000, "operatingIncome": -485000, "totalOtherIncomeExpenseNet": 190960000, "ebit": 0, "interestExpense": {}, "incomeBeforeTax": 190475000, "incomeTaxExpense": 0, "minorityInterest": {}, "netIncomeFromContinuingOps": 190475000, "discontinuedOperations": {}, "extraordinaryItems": {}, "effectOfAccountingCharges": {}, "otherItems": {}, "netIncome": 190475000, "netIncomeApplicableToCommonShares": 190475000}, {"maxAge": 1, "endDate": "2019-09-30", "totalRevenue": 46000, "costOfRevenue": 0, "grossProfit": 46000, "researchDevelopment": {}, "sellingGeneralAdministrative": 347000, "nonRecurring": {}, "otherOperatingExpenses": 1000, "totalOperatingExpenses": 348000, "operatingIncome": -302000, "totalOtherIncomeExpenseNet": 92394000, "ebit": 0, "interestExpense": {}, "incomeBeforeTax": 92092000, "incomeTaxExpense": 0, "minorityInterest": {}, "netIncomeFromContinuingOps": 92092000, "discontinuedOperations": {}, "extraordinaryItems": {}, "effectOfAccountingCharges": {}, "otherItems": {}, "netIncome": 92092000, "netIncomeApplicableToCommonShares": 92092000}], "maxAge": 86400}, "cashflowStatementHistoryQuarterly": {"cashflowStatements": [{"maxAge": 1, "endDate": "2020-06-30", "netIncome": 87318000, "changeToLiabilities": 0}, {"maxAge": 1, "endDate": "2020-03-31", "netIncome": -9821920, "changeToLiabilities": 0}, {"maxAge": 1, "endDate": "2019-12-31", "netIncome": 190475000, "changeToLiabilities": 0}, {"maxAge": 1, "endDate": "2019-09-30", "netIncome": 92092000, "changeToLiabilities": 0}], "maxAge": 86400}, "insiderHolders": {"holders": [{"maxAge": 1, "name": "Archana Coal Pvt Ltd", "relation": "Promoter", "url": "", "transactionDescription": "Acquisition", "latestTransDate": "2015-05-06", "positionDirect": 5889946, "positionDirectDate": "2015-05-06"}], "maxAge": 1}, "calendarEvents": {"maxAge": 1, "earnings": {"earningsDate": ["2020-06-30 05:30:S"]}}, "price": {"maxAge": 1, "regularMarketChangePercent": 0.04967097, "regularMarketChange": 0.83000183, "regularMarketTime": "2021-04-30 11:15:00", "priceHint": 2, "regularMarketPrice": 17.54, "regularMarketDayHigh": 17.54, "regularMarketDayLow": 17.54, "regularMarketVolume": 1250, "averageDailyVolume10Day": 2645, "averageDailyVolume3Month": 6194, "regularMarketPreviousClose": 16.71, "regularMarketSource": "FREE_REALTIME", "regularMarketOpen": 17.54, "exchange": "BSE", "exchangeName": "BSE", "exchangeDataDelayedBy": 0, "marketState": "CLOSED", "quoteType": "EQUITY", "symbol": "AVAILFC.BO", "underlyingSymbol": null, "shortName": "AVAILABLE FINANCE LTD.", "longName": "Available Finance Limited", "currency": "INR", "quoteSourceName": "Delayed Quote", "currencySymbol": "\u20b9", "fromCurrency": null, "toCurrency": null, "lastMarket": null, "marketCap": 178972912}, "balanceSheetHistory": {"balanceSheetStatements": [{"maxAge": 1, "endDate": "2020-03-31", "cash": 356520, "netReceivables": 6434970, "otherCurrentAssets": 947080, "totalCurrentAssets": 7738570, "longTermInvestments": 2713765420, "propertyPlantEquipment": 6880, "otherAssets": 10, "totalAssets": 2721510880, "otherCurrentLiab": 7900, "longTermDebt": 18964670, "otherLiab": 74520, "totalCurrentLiabilities": 16400, "totalLiab": 19055590, "commonStock": 102037000, "retainedEarnings": 2512763290, "treasuryStock": 19822350, "capitalSurplus": 67832650, "otherStockholderEquity": 19822350, "totalStockholderEquity": 2702455290, "netTangibleAssets": 2702455290}, {"maxAge": 1, "endDate": "2019-03-31", "cash": 1374320, "netReceivables": 22275040, "otherCurrentAssets": 1887550, "totalCurrentAssets": 25536910, "longTermInvestments": 2572754600, "propertyPlantEquipment": 7930, "totalAssets": 2598299440, "otherCurrentLiab": 368010, "longTermDebt": 36488630, "otherLiab": 80060, "totalCurrentLiabilities": 488130, "totalLiab": 37056820, "commonStock": 102037000, "retainedEarnings": 2353309650, "treasuryStock": 20203640, "capitalSurplus": 85692330, "otherStockholderEquity": 20203640, "totalStockholderEquity": 2561242620, "netTangibleAssets": 2561242620}, {"maxAge": 1, "endDate": "2018-03-31", "cash": 144267, "netReceivables": 59803143, "otherCurrentAssets": 978077, "totalCurrentAssets": 60925487, "longTermInvestments": 2191303677, "propertyPlantEquipment": 8974, "otherAssets": 3197493, "totalAssets": 2255435631, "longTermDebt": 19964669, "totalCurrentLiabilities": 55689761, "totalLiab": 75654430, "commonStock": 102037000, "retainedEarnings": 1976229868, "treasuryStock": 15822000, "capitalSurplus": 85692333, "otherStockholderEquity": 15822000, "totalStockholderEquity": 2179781201, "netTangibleAssets": 2179781201}, {"maxAge": 1, "endDate": "2017-03-31", "cash": 160703, "netReceivables": 70877055, "otherCurrentAssets": 1048361, "totalCurrentAssets": 72086119, "longTermInvestments": 1817769224, "propertyPlantEquipment": 10019, "otherAssets": 4819738, "totalAssets": 1894685100, "longTermDebt": 17984557, "totalCurrentLiabilities": 56428808, "totalLiab": 74413365, "commonStock": 102037000, "retainedEarnings": 1616720402, "treasuryStock": 15822000, "capitalSurplus": 85692333, "otherStockholderEquity": 15822000, "totalStockholderEquity": 1820271735, "netTangibleAssets": 1820271735}], "maxAge": 86400}, "financialData": {"maxAge": 86400, "currentPrice": 17.54, "recommendationKey": "none", "grossProfits": 10930790, "financialCurrency": "INR"}}}