{"AVANTEL.BO": {"recommendationTrend": {"trend": [{"period": "0m", "strongBuy": 0, "buy": 0, "hold": 0, "sell": 0, "strongSell": 0}, {"period": "-1m", "strongBuy": 0, "buy": 0, "hold": 0, "sell": 0, "strongSell": 0}, {"period": "-2m", "strongBuy": 0, "buy": 0, "hold": 0, "sell": 0, "strongSell": 0}, {"period": "-3m", "strongBuy": 0, "buy": 0, "hold": 0, "sell": 0, "strongSell": 0}], "maxAge": 86400}, "cashflowStatementHistory": {"cashflowStatements": [{"maxAge": 1, "endDate": "2020-03-31", "netIncome": 107573913, "depreciation": 27113483, "changeToNetincome": -5054858, "changeToAccountReceivables": -108114048, "changeToLiabilities": 13869103, "changeToInventory": -26472423, "changeToOperatingActivities": 21469715, "totalCashFromOperatingActivities": 30384885, "capitalExpenditures": -18194196, "investments": 7371609, "otherCashflowsFromInvestingActivities": 11051027, "totalCashflowsFromInvestingActivities": 228440, "dividendsPaid": -16217972, "netBorrowings": -5564104, "otherCashflowsFromFinancingActivities": -8013575, "totalCashFromFinancingActivities": -29795651, "changeInCash": 817674}, {"maxAge": 1, "endDate": "2019-03-31", "netIncome": 95891677, "depreciation": 20471966, "changeToNetincome": 1546619, "changeToAccountReceivables": -103301194, "changeToLiabilities": -18837651, "changeToInventory": 42310369, "changeToOperatingActivities": 4032949, "totalCashFromOperatingActivities": 42114735, "capitalExpenditures": -16878858, "investments": 5381947, "otherCashflowsFromInvestingActivities": 6182356, "totalCashflowsFromInvestingActivities": -5144913, "dividendsPaid": -28381453, "netBorrowings": -5564104, "otherCashflowsFromFinancingActivities": -11631868, "totalCashFromFinancingActivities": -40013321, "changeInCash": -3043499}, {"maxAge": 1, "endDate": "2018-03-31", "netIncome": 173042295, "depreciation": 16362344, "changeToNetincome": -129075870, "changeToAccountReceivables": 15135703, "changeToLiabilities": 15451386, "changeToInventory": 10247243, "changeToOperatingActivities": -9996337, "totalCashFromOperatingActivities": 91166764, "capitalExpenditures": -31903089, "investments": -108568500, "otherCashflowsFromInvestingActivities": 1773698, "totalCashflowsFromInvestingActivities": 37310752, "dividendsPaid": -8108986, "netBorrowings": -104330565, "otherCashflowsFromFinancingActivities": -10305121, "totalCashFromFinancingActivities": -122744672, "changeInCash": 5732844}, {"maxAge": 1, "endDate": "2017-03-31", "netIncome": 8837380, "depreciation": 17933402, "changeToNetincome": 15197982, "changeToAccountReceivables": -63497951, "changeToLiabilities": 1838674, "changeToInventory": 47450805, "changeToOperatingActivities": -9987081, "totalCashFromOperatingActivities": 17773211, "capitalExpenditures": -17235181, "investments": -704411, "otherCashflowsFromInvestingActivities": 640954, "totalCashflowsFromInvestingActivities": -17008384, "dividendsPaid": -4054493, "netBorrowings": 19141826, "otherCashflowsFromFinancingActivities": -16008988, "totalCashFromFinancingActivities": -921655, "changeInCash": -156828}], "maxAge": 86400}, "institutionOwnership": {"maxAge": 1, "ownershipList": []}, "balanceSheetHistoryQuarterly": {"balanceSheetStatements": [{"maxAge": 1, "endDate": "2020-06-30", "totalStockholderEquity": 516741261, "netTangibleAssets": 516741261}, {"maxAge": 1, "endDate": "2020-03-31", "cash": 3719968, "shortTermInvestments": 74129700, "netReceivables": 310916204, "inventory": 50893607, "otherCurrentAssets": 45959089, "totalCurrentAssets": 493189573, "propertyPlantEquipment": 142214409, "otherAssets": 33451740, "totalAssets": 668855722, "accountsPayable": 15546134, "otherCurrentLiab": 73252265, "otherLiab": 14086552, "totalCurrentLiabilities": 105191433, "totalLiab": 152114461, "commonStock": 40544930, "retainedEarnings": 457277997, "treasuryStock": 10988230, "capitalSurplus": 7930104, "otherStockholderEquity": 10988230, "totalStockholderEquity": 516741261, "netTangibleAssets": 516741261}, {"maxAge": 1, "endDate": "2019-12-31", "totalStockholderEquity": 458031000, "netTangibleAssets": 458031000}, {"maxAge": 1, "endDate": "2019-09-30", "cash": 173220000, "netReceivables": 111193000, "inventory": 60597000, "otherCurrentAssets": 23436000, "totalCurrentAssets": 368446000, "propertyPlantEquipment": 116649000, "otherAssets": 14332000, "totalAssets": 499427000, "accountsPayable": 2984000, "otherCurrentLiab": 24361000, "otherLiab": 13140000, "totalCurrentLiabilities": 28256000, "totalLiab": 41396000, "commonStock": 40551000, "treasuryStock": 417480000, "otherStockholderEquity": 417480000, "totalStockholderEquity": 458031000, "netTangibleAssets": 458031000}], "maxAge": 86400}, "earningsHistory": {"history": [{"maxAge": 1, "epsActual": {}, "epsEstimate": {}, "epsDifference": {}, "surprisePercent": {}, "quarter": {}, "period": "-4q"}, {"maxAge": 1, "epsActual": {}, "epsEstimate": {}, "epsDifference": {}, "surprisePercent": {}, "quarter": {}, "period": "-3q"}, {"maxAge": 1, "epsActual": {}, "epsEstimate": {}, "epsDifference": {}, "surprisePercent": {}, "quarter": {}, "period": "-2q"}, {"maxAge": 1, "epsActual": {}, "epsEstimate": {}, "epsDifference": {}, "surprisePercent": {}, "quarter": {}, "period": "-1q"}], "maxAge": 86400}, "indexTrend": {"maxAge": 1, "symbol": "SP5", "peRatio": 19.7411, "pegRatio": 1.34172, "estimates": [{"period": "0q", "growth": 0.549}, {"period": "+1q", "growth": 0.431}, {"period": "0y", "growth": 0.305}, {"period": "+1y", "growth": 0.109}, {"period": "+5y", "growth": 0.120859005}, {"period": "-5y"}]}, "industryTrend": {"maxAge": 1, "symbol": null, "estimates": []}, "insiderTransactions": {"transactions": [{"maxAge": 1, "shares": 3796, "value": 19975, "filerUrl": "", "transactionText": "Sale at price 5.26 per share.", "filerName": "Rao (Pusuluru Srinivasa)", "filerRelation": "UNREPORTED", "moneyText": "", "startDate": "2020-09-25", "ownership": "D"}, {"maxAge": 1, "shares": 10000, "value": 53921, "filerUrl": "", "transactionText": "Sale at price 5.39 per share.", "filerName": "Abburi (Sarada)", "filerRelation": "Director (Executive)", "moneyText": "", "startDate": "2020-09-01", "ownership": "D"}, {"maxAge": 1, "shares": 5697, "value": 30830, "filerUrl": "", "transactionText": "Sale at price 5.41 per share.", "filerName": "Abburi (Sarada)", "filerRelation": "Director", "moneyText": "", "startDate": "2020-08-11", "ownership": "D"}, {"maxAge": 1, "shares": 1228, "filerUrl": "", "transactionText": "", "filerName": "Abburi (Sarada)", "filerRelation": "Director (Executive)", "moneyText": "", "startDate": "2019-11-26", "ownership": "D"}, {"maxAge": 1, "shares": 375, "filerUrl": "", "transactionText": "", "filerName": "Abburi (Sarada)", "filerRelation": "Director (Executive)", "moneyText": "", "startDate": "2019-11-22", "ownership": "D"}, {"maxAge": 1, "shares": 21144, "filerUrl": "", "transactionText": "", "filerName": "Abburi (Sarada)", "filerRelation": "Director (Executive)", "moneyText": "", "startDate": "2019-11-21", "ownership": "D"}, {"maxAge": 1, "shares": 15000, "filerUrl": "", "transactionText": "", "filerName": "Abburi (Sarada)", "filerRelation": "Director (Executive)", "moneyText": "", "startDate": "2019-11-20", "ownership": "D"}, {"maxAge": 1, "shares": 1235, "filerUrl": "", "transactionText": "", "filerName": "Abburi (Sarada)", "filerRelation": "Director (Executive)", "moneyText": "", "startDate": "2019-11-19", "ownership": "D"}, {"maxAge": 1, "shares": 1350, "filerUrl": "", "transactionText": "", "filerName": "Abburi (Vidya Sagar)", "filerRelation": "Chairman of the Board", "moneyText": "", "startDate": "2019-11-14", "ownership": "D"}, {"maxAge": 1, "shares": 190, "filerUrl": "", "transactionText": "", "filerName": "Abburi (Sidhartha Sagar)", "filerRelation": "Promoter", "moneyText": "", "startDate": "2019-11-13", "ownership": "D"}, {"maxAge": 1, "shares": 1014, "filerUrl": "", "transactionText": "", "filerName": "Abburi (Vidya Sagar)", "filerRelation": "Chairman of the Board", "moneyText": "", "startDate": "2019-11-13", "ownership": "D"}, {"maxAge": 1, "shares": 898, "filerUrl": "", "transactionText": "", "filerName": "Abburi (Sidhartha Sagar)", "filerRelation": "Promoter", "moneyText": "", "startDate": "2019-11-11", "ownership": "D"}, {"maxAge": 1, "shares": 1511, "filerUrl": "", "transactionText": "", "filerName": "Abburi (Sidhartha Sagar)", "filerRelation": "Promoter", "moneyText": "", "startDate": "2019-11-07", "ownership": "D"}, {"maxAge": 1, "shares": 2990, "filerUrl": "", "transactionText": "", "filerName": "Abburi (Vidya Sagar)", "filerRelation": "Chairman of the Board", "moneyText": "", "startDate": "2019-10-31", "ownership": "D"}, {"maxAge": 1, "shares": 5844, "filerUrl": "", "transactionText": "", "filerName": "Abburi (Vidya Sagar)", "filerRelation": "Chairman Emeritus", "moneyText": "", "startDate": "2019-10-30", "ownership": "D"}, {"maxAge": 1, "shares": 357, "filerUrl": "", "transactionText": "", "filerName": "Abburi (Vidya Sagar)", "filerRelation": "Chairman of the Board", "moneyText": "", "startDate": "2019-08-29", "ownership": "D"}, {"maxAge": 1, "shares": 5300, "filerUrl": "", "transactionText": "", "filerName": "Abburi (Vidya Sagar)", "filerRelation": "Chairman of the Board", "moneyText": "", "startDate": "2019-08-13", "ownership": "D"}, {"maxAge": 1, "shares": 2000, "filerUrl": "", "transactionText": "", "filerName": "Abburi (Sidhartha Sagar)", "filerRelation": "Promoter", "moneyText": "", "startDate": "2019-08-09", "ownership": "D"}, {"maxAge": 1, "shares": 5000, "filerUrl": "", "transactionText": "", "filerName": "Abburi (Vidya Sagar)", "filerRelation": "Chairman of the Board", "moneyText": "", "startDate": "2019-08-09", "ownership": "D"}, {"maxAge": 1, "shares": 679, "filerUrl": "", "transactionText": "", "filerName": "Abburi (Sidhartha Sagar)", "filerRelation": "Promoter", "moneyText": "", "startDate": "2019-08-06", "ownership": "D"}, {"maxAge": 1, "shares": 2000, "filerUrl": "", "transactionText": "", "filerName": "Abburi (Vidya Sagar)", "filerRelation": "Chairman of the Board", "moneyText": "", "startDate": "2019-08-02", "ownership": "D"}, {"maxAge": 1, "shares": 4000, "filerUrl": "", "transactionText": "", "filerName": "Abburi (Sidhartha Sagar)", "filerRelation": "Promoter", "moneyText": "", "startDate": "2019-07-31", "ownership": "D"}, {"maxAge": 1, "shares": 574, "filerUrl": "", "transactionText": "", "filerName": "Abburi (Sidhartha Sagar)", "filerRelation": "Promoter", "moneyText": "", "startDate": "2019-07-19", "ownership": "D"}, {"maxAge": 1, "shares": 5000, "filerUrl": "", "transactionText": "", "filerName": "Abburi (Sarada)", "filerRelation": "Director (Executive)", "moneyText": "", "startDate": "2019-07-18", "ownership": "D"}, {"maxAge": 1, "shares": 2000, "filerUrl": "", "transactionText": "", "filerName": "Abburi (Vidya Sagar)", "filerRelation": "Chairman of the Board", "moneyText": "", "startDate": "2019-07-18", "ownership": "D"}, {"maxAge": 1, "shares": 6494, "filerUrl": "", "transactionText": "", "filerName": "Abburi (Vidya Sagar)", "filerRelation": "Chairman of the Board", "moneyText": "", "startDate": "2019-07-17", "ownership": "D"}, {"maxAge": 1, "shares": 1733, "filerUrl": "", "transactionText": "", "filerName": "Abburi (Sarada)", "filerRelation": "Director (Executive)", "moneyText": "", "startDate": "2019-05-31", "ownership": "D"}, {"maxAge": 1, "shares": 1523, "filerUrl": "", "transactionText": "", "filerName": "Abburi (Sarada)", "filerRelation": "Director (Executive)", "moneyText": "", "startDate": "2019-05-24", "ownership": "D"}, {"maxAge": 1, "shares": 4908, "filerUrl": "", "transactionText": "", "filerName": "Abburi (Sarada)", "filerRelation": "Director (Executive)", "moneyText": "", "startDate": "2019-05-22", "ownership": "D"}, {"maxAge": 1, "shares": 1878, "filerUrl": "", "transactionText": "", "filerName": "Abburi (Sidhartha Sagar)", "filerRelation": "Promoter", "moneyText": "", "startDate": "2019-05-20", "ownership": "D"}, {"maxAge": 1, "shares": 5099, "filerUrl": "", "transactionText": "", "filerName": "Abburi (Sidhartha Sagar)", "filerRelation": "Promoter", "moneyText": "", "startDate": "2019-05-17", "ownership": "D"}, {"maxAge": 1, "shares": 2468, "filerUrl": "", "transactionText": "", "filerName": "Abburi (Vidya Sagar)", "filerRelation": "Chairman of the Board", "moneyText": "", "startDate": "2019-05-16", "ownership": "D"}, {"maxAge": 1, "shares": 873, "filerUrl": "", "transactionText": "", "filerName": "Abburi (Sidhartha Sagar)", "filerRelation": "Promoter", "moneyText": "", "startDate": "2019-02-22", "ownership": "D"}, {"maxAge": 1, "shares": 5107, "filerUrl": "", "transactionText": "", "filerName": "Abburi (Vidya Sagar)", "filerRelation": "Chairman of the Board", "moneyText": "", "startDate": "2019-02-22", "ownership": "D"}, {"maxAge": 1, "shares": 701, "filerUrl": "", "transactionText": "", "filerName": "Abburi (Vidya Sagar)", "filerRelation": "Managing Director", "moneyText": "", "startDate": "2018-11-29", "ownership": "D"}, {"maxAge": 1, "shares": 1001, "filerUrl": "", "transactionText": "", "filerName": "Abburi (Vidya Sagar)", "filerRelation": "Managing Director", "moneyText": "", "startDate": "2018-11-27", "ownership": "D"}, {"maxAge": 1, "shares": 2000, "filerUrl": "", "transactionText": "", "filerName": "Abburi (Vidya Sagar)", "filerRelation": "Managing Director", "moneyText": "", "startDate": "2018-11-22", "ownership": "D"}, {"maxAge": 1, "shares": 11278, "filerUrl": "", "transactionText": "", "filerName": "Abburi (Vidya Sagar)", "filerRelation": "Managing Director", "moneyText": "", "startDate": "2018-11-20", "ownership": "D"}, {"maxAge": 1, "shares": 1681, "filerUrl": "", "transactionText": "", "filerName": "Abburi (Vidya Sagar)", "filerRelation": "Managing Director", "moneyText": "", "startDate": "2018-11-01", "ownership": "D"}, {"maxAge": 1, "shares": 25647, "filerUrl": "", "transactionText": "", "filerName": "Abburi (Vidya Sagar)", "filerRelation": "Managing Director", "moneyText": "", "startDate": "2018-10-31", "ownership": "D"}], "maxAge": 1}, "quoteType": {"exchange": "BSE", "quoteType": "EQUITY", "symbol": "AVANTEL.BO", "underlyingSymbol": "AVANTEL.BO", "shortName": "AVANTEL LTD.", "longName": "Avantel Limited", "firstTradeDateEpochUtc": "2001-07-30 09:15:00", "timeZoneFullName": "Asia/Kolkata", "timeZoneShortName": "IST", "uuid": "4cb01065-df80-392b-a2a0-3f2843fa6e78", "messageBoardId": null, "gmtOffSetMilliseconds": 19800000, "maxAge": 1}, "incomeStatementHistory": {"incomeStatementHistory": [{"maxAge": 1, "endDate": "2020-03-31", "totalRevenue": 519193053, "costOfRevenue": 187666220, "grossProfit": 331526833, "researchDevelopment": 43354514, "sellingGeneralAdministrative": 133958567, "nonRecurring": {}, "otherOperatingExpenses": {}, "totalOperatingExpenses": 392500683, "operatingIncome": 126692370, "totalOtherIncomeExpenseNet": 3432858, "ebit": 126692370, "interestExpense": -3855167, "incomeBeforeTax": 130125228, "incomeTaxExpense": 22551315, "minorityInterest": {}, "netIncomeFromContinuingOps": 107573913, "discontinuedOperations": {}, "extraordinaryItems": {}, "effectOfAccountingCharges": {}, "otherItems": {}, "netIncome": 107573913, "netIncomeApplicableToCommonShares": 107573913}, {"maxAge": 1, "endDate": "2019-03-31", "totalRevenue": 505112223, "costOfRevenue": 196315089, "grossProfit": 308797134, "researchDevelopment": 41167095, "sellingGeneralAdministrative": 125275432, "nonRecurring": {}, "otherOperatingExpenses": 135688000, "totalOperatingExpenses": 383423839, "operatingIncome": 121688384, "totalOtherIncomeExpenseNet": 3314230, "ebit": 121688384, "interestExpense": -2799, "incomeBeforeTax": 125002614, "incomeTaxExpense": 29110937, "minorityInterest": {}, "netIncomeFromContinuingOps": 95891677, "discontinuedOperations": {}, "extraordinaryItems": {}, "effectOfAccountingCharges": {}, "otherItems": {}, "netIncome": 95891677, "netIncomeApplicableToCommonShares": 95891677}, {"maxAge": 1, "endDate": "2018-03-31", "totalRevenue": 516941113, "costOfRevenue": 234884078, "grossProfit": 282057035, "researchDevelopment": 44525660, "sellingGeneralAdministrative": 121393467, "nonRecurring": {}, "otherOperatingExpenses": -833979, "totalOperatingExpenses": 419924276, "operatingIncome": 97016837, "totalOtherIncomeExpenseNet": 144904157, "ebit": 97016837, "interestExpense": -3480327, "incomeBeforeTax": 241920994, "incomeTaxExpense": 68878699, "minorityInterest": {}, "netIncomeFromContinuingOps": 173042295, "discontinuedOperations": {}, "extraordinaryItems": {}, "effectOfAccountingCharges": {}, "otherItems": {}, "netIncome": 173042295, "netIncomeApplicableToCommonShares": 173042295}, {"maxAge": 1, "endDate": "2017-03-31", "totalRevenue": 335876829, "costOfRevenue": 172416833, "grossProfit": 163459996, "researchDevelopment": 43499295, "sellingGeneralAdministrative": 64893824, "nonRecurring": {}, "otherOperatingExpenses": 12426752, "totalOperatingExpenses": 311186770, "operatingIncome": 24690059, "totalOtherIncomeExpenseNet": -14139055, "ebit": 24690059, "interestExpense": -13101450, "incomeBeforeTax": 10551004, "incomeTaxExpense": 1713624, "minorityInterest": {}, "netIncomeFromContinuingOps": 8837380, "discontinuedOperations": {}, "extraordinaryItems": {}, "effectOfAccountingCharges": {}, "otherItems": {}, "netIncome": 8837380, "netIncomeApplicableToCommonShares": 8837380}], "maxAge": 86400}, "fundOwnership": {"maxAge": 1, "ownershipList": []}, "summaryDetail": {"maxAge": 1, "priceHint": 2, "previousClose": 433.85, "open": 433.85, "dayLow": 431.0, "dayHigh": 444.5, "regularMarketPreviousClose": 433.85, "regularMarketOpen": 433.85, "regularMarketDayLow": 431.0, "regularMarketDayHigh": 444.5, "trailingPE": 16.186203, "volume": 7430, "regularMarketVolume": 7430, "averageVolume": 8797, "averageVolume10days": 15157, "averageDailyVolume10Day": 15157, "bid": 433.0, "ask": 433.95, "bidSize": 0, "askSize": 0, "marketCap": 1755188736, "fiftyTwoWeekLow": 140.0, "fiftyTwoWeekHigh": 478.9, "fiftyDayAverage": 404.87714, "twoHundredDayAverage": 385.48615, "trailingAnnualDividendRate": 4.0, "trailingAnnualDividendYield": 0.009219776, "currency": "INR", "fromCurrency": null, "toCurrency": null, "lastMarket": null, "algorithm": null, "tradeable": false}, "sectorTrend": {"maxAge": 1, "symbol": null, "estimates": []}, "incomeStatementHistoryQuarterly": {"incomeStatementHistory": [{"maxAge": 1, "endDate": "2020-06-30", "totalRevenue": 111302000, "costOfRevenue": 38453000, "grossProfit": 72849000, "researchDevelopment": {}, "sellingGeneralAdministrative": 20338000, "nonRecurring": {}, "otherOperatingExpenses": 26235000, "totalOperatingExpenses": 92196000, "operatingIncome": 19106000, "totalOtherIncomeExpenseNet": -1445000, "ebit": 19106000, "interestExpense": -3366000, "incomeBeforeTax": 17661000, "incomeTaxExpense": 3182000, "minorityInterest": {}, "netIncomeFromContinuingOps": 14479000, "discontinuedOperations": {}, "extraordinaryItems": {}, "effectOfAccountingCharges": {}, "otherItems": {}, "netIncome": 14479000, "netIncomeApplicableToCommonShares": 14479000}, {"maxAge": 1, "endDate": "2020-03-31", "totalRevenue": 216939053, "costOfRevenue": 146779220, "grossProfit": 70159833, "researchDevelopment": 43354514, "sellingGeneralAdministrative": 57268567, "nonRecurring": {}, "otherOperatingExpenses": -91773000, "totalOperatingExpenses": 166251683, "operatingIncome": 50687370, "totalOtherIncomeExpenseNet": -1035142, "ebit": 50687370, "interestExpense": -437167, "incomeBeforeTax": 49652228, "incomeTaxExpense": 8491315, "minorityInterest": {}, "netIncomeFromContinuingOps": 41160913, "discontinuedOperations": {}, "extraordinaryItems": {}, "effectOfAccountingCharges": {}, "otherItems": {}, "netIncome": 41160913, "netIncomeApplicableToCommonShares": 41160913}, {"maxAge": 1, "endDate": "2019-12-31", "totalRevenue": 134800000, "costOfRevenue": 28888000, "grossProfit": 105912000, "researchDevelopment": 43354514, "sellingGeneralAdministrative": 33426000, "nonRecurring": {}, "otherOperatingExpenses": 30930000, "totalOperatingExpenses": 99252000, "operatingIncome": 35548000, "totalOtherIncomeExpenseNet": -350000, "ebit": 35548000, "interestExpense": -1168000, "incomeBeforeTax": 35198000, "incomeTaxExpense": 6150000, "minorityInterest": {}, "netIncomeFromContinuingOps": 29048000, "discontinuedOperations": {}, "extraordinaryItems": {}, "effectOfAccountingCharges": {}, "otherItems": {}, "netIncome": 29048000, "netIncomeApplicableToCommonShares": 29048000}, {"maxAge": 1, "endDate": "2019-09-30", "totalRevenue": 80606000, "costOfRevenue": -10424000, "grossProfit": 91030000, "researchDevelopment": 43354514, "sellingGeneralAdministrative": 25219000, "nonRecurring": {}, "otherOperatingExpenses": 34423000, "totalOperatingExpenses": 55022000, "operatingIncome": 25584000, "totalOtherIncomeExpenseNet": 2399000, "ebit": 25584000, "interestExpense": -1149000, "incomeBeforeTax": 27983000, "incomeTaxExpense": 4184000, "minorityInterest": {}, "netIncomeFromContinuingOps": 23799000, "discontinuedOperations": {}, "extraordinaryItems": {}, "effectOfAccountingCharges": {}, "otherItems": {}, "netIncome": 23799000, "netIncomeApplicableToCommonShares": 23799000}], "maxAge": 86400}, "cashflowStatementHistoryQuarterly": {"cashflowStatements": [{"maxAge": 1, "endDate": "2020-06-30", "netIncome": 14479000, "changeToLiabilities": 0}, {"maxAge": 1, "endDate": "2020-03-31", "netIncome": 41160913, "changeToLiabilities": 0}, {"maxAge": 1, "endDate": "2019-12-31", "netIncome": 29048000, "changeToLiabilities": 0}, {"maxAge": 1, "endDate": "2019-09-30", "netIncome": 23799000, "changeToLiabilities": 0}], "maxAge": 86400}, "insiderHolders": {"holders": [{"maxAge": 1, "name": "Abburi (Sarada)", "relation": "Director (Executive)", "url": "", "transactionDescription": "Sale", "latestTransDate": "2020-09-01", "positionDirect": 256249, "positionDirectDate": "2020-09-01"}, {"maxAge": 1, "name": "Abburi (Sidhartha Sagar)", "relation": "Promoter", "url": "", "transactionDescription": "Acquisition", "latestTransDate": "2019-11-13", "positionDirect": 291941, "positionDirectDate": "2019-11-13"}, {"maxAge": 1, "name": "Abburi (Vidya Sagar)", "relation": "Chairman of the Board", "url": "", "transactionDescription": "Acquisition", "latestTransDate": "2019-11-14", "positionDirect": 823193, "positionDirectDate": "2019-11-14"}, {"maxAge": 1, "name": "Rao (Pusuluru Srinivasa)", "relation": "UNREPORTED", "url": "", "transactionDescription": "Sale", "latestTransDate": "2020-09-25", "positionDirect": 34, "positionDirectDate": "2020-09-25"}], "maxAge": 1}, "earnings": {"maxAge": 86400, "earningsChart": {"quarterly": [], "earningsDate": ["2020-07-27 05:30:S"]}, "financialsChart": {"yearly": [{"date": 2017, "revenue": 335876829, "earnings": 8837380}, {"date": 2018, "revenue": 516941113, "earnings": 173042295}, {"date": 2019, "revenue": 505112223, "earnings": 95891677}, {"date": 2020, "revenue": 519193053, "earnings": 107573913}], "quarterly": [{"date": "3Q2019", "revenue": 80606000, "earnings": 23799000}, {"date": "4Q2019", "revenue": 134800000, "earnings": 29048000}, {"date": "1Q2020", "revenue": 216939053, "earnings": 41160913}, {"date": "2Q2020", "revenue": 111302000, "earnings": 14479000}]}, "financialCurrency": "INR"}, "calendarEvents": {"maxAge": 1, "earnings": {"earningsDate": ["2020-07-27 05:30:S"]}}, "price": {"maxAge": 1, "regularMarketChangePercent": -0.002189725, "regularMarketChange": -0.9500122, "regularMarketTime": "2021-04-30 15:29:33", "priceHint": 2, "regularMarketPrice": 432.9, "regularMarketDayHigh": 444.5, "regularMarketDayLow": 431.0, "regularMarketVolume": 7430, "averageDailyVolume10Day": 15157, "averageDailyVolume3Month": 8797, "regularMarketPreviousClose": 433.85, "regularMarketSource": "FREE_REALTIME", "regularMarketOpen": 433.85, "exchange": "BSE", "exchangeName": "BSE", "exchangeDataDelayedBy": 0, "marketState": "CLOSED", "quoteType": "EQUITY", "symbol": "AVANTEL.BO", "underlyingSymbol": null, "shortName": "AVANTEL LTD.", "longName": "Avantel Limited", "currency": "INR", "quoteSourceName": "Delayed Quote", "currencySymbol": "\u20b9", "fromCurrency": null, "toCurrency": null, "lastMarket": null, "marketCap": 1755188736}, "balanceSheetHistory": {"balanceSheetStatements": [{"maxAge": 1, "endDate": "2020-03-31", "cash": 3719968, "shortTermInvestments": 74129700, "netReceivables": 310916204, "inventory": 50893607, "otherCurrentAssets": 45959089, "totalCurrentAssets": 493189573, "propertyPlantEquipment": 142214409, "otherAssets": 33451740, "totalAssets": 668855722, "accountsPayable": 15546134, "otherCurrentLiab": 73252265, "otherLiab": 14086552, "totalCurrentLiabilities": 105191433, "totalLiab": 152114461, "commonStock": 40544930, "retainedEarnings": 457277997, "treasuryStock": 10988230, "capitalSurplus": 7930104, "otherStockholderEquity": 10988230, "totalStockholderEquity": 516741261, "netTangibleAssets": 516741261}, {"maxAge": 1, "endDate": "2019-03-31", "cash": 2902294, "shortTermInvestments": 97040500, "netReceivables": 200646409, "inventory": 24421184, "otherCurrentAssets": 11229469, "totalCurrentAssets": 341369922, "propertyPlantEquipment": 117384928, "otherAssets": 14026908, "totalAssets": 472781758, "accountsPayable": 1677031, "otherCurrentLiab": 14752563, "otherLiab": 14785057, "totalCurrentLiabilities": 27554400, "totalLiab": 42339457, "commonStock": 40544930, "retainedEarnings": 370979037, "treasuryStock": 10988230, "capitalSurplus": 7930104, "otherStockholderEquity": 10988230, "totalStockholderEquity": 430442301, "netTangibleAssets": 430442301}, {"maxAge": 1, "endDate": "2018-03-31", "cash": 5945793, "shortTermInvestments": 102740200, "netReceivables": 94653811, "inventory": 66731553, "otherCurrentAssets": 18453763, "totalCurrentAssets": 295490529, "propertyPlantEquipment": 120978064, "otherAssets": 13952397, "totalAssets": 430420990, "accountsPayable": 20514682, "otherCurrentLiab": 10997180, "otherLiab": 17715594, "totalCurrentLiabilities": 43126799, "totalLiab": 60842393, "commonStock": 40544930, "retainedEarnings": 310115333, "treasuryStock": 10988230, "capitalSurplus": 7930104, "otherStockholderEquity": 10988230, "totalStockholderEquity": 369578597, "netTangibleAssets": 369578597}, {"maxAge": 1, "endDate": "2017-03-31", "cash": 212949, "shortTermInvestments": 2232500, "netReceivables": 96702649, "inventory": 76978796, "otherCurrentAssets": 5276562, "totalCurrentAssets": 186495378, "propertyPlantEquipment": 133016452, "otherAssets": 18999631, "deferredLongTermAssetCharges": 4864469, "totalAssets": 338511461, "accountsPayable": 5063296, "shortLongTermDebt": 10200000, "otherCurrentLiab": 4301690, "longTermDebt": 14100000, "otherLiab": 2537763, "totalCurrentLiabilities": 115577617, "totalLiab": 132215380, "commonStock": 40544930, "retainedEarnings": 146832817, "treasuryStock": 10988230, "capitalSurplus": 7930104, "otherStockholderEquity": 10988230, "totalStockholderEquity": 206296081, "netTangibleAssets": 206296081}], "maxAge": 86400}, "earningsTrend": {"trend": [{"maxAge": 1, "period": "0q", "endDate": null, "growth": {}, "earningsEstimate": {"avg": 0.0, "low": 0.0, "high": 0.0, "yearAgoEps": {}, "numberOfAnalysts": 0, "growth": {}}, "revenueEstimate": {"avg": 0, "low": 0, "high": 0, "numberOfAnalysts": 0, "yearAgoRevenue": {}, "growth": {}}, "epsTrend": {"current": 0.0, "7daysAgo": 0.0, "30daysAgo": 0.0, "60daysAgo": 0.0, "90daysAgo": 0.0}, "epsRevisions": {"upLast7days": 0, "upLast30days": 0, "downLast30days": 0, "downLast90days": {}}}, {"maxAge": 1, "period": "+1q", "endDate": null, "growth": {}, "earningsEstimate": {"avg": 0.0, "low": 0.0, "high": 0.0, "yearAgoEps": {}, "numberOfAnalysts": 0, "growth": {}}, "revenueEstimate": {"avg": 0, "low": 0, "high": 0, "numberOfAnalysts": 0, "yearAgoRevenue": {}, "growth": {}}, "epsTrend": {"current": 0.0, "7daysAgo": 0.0, "30daysAgo": 0.0, "60daysAgo": 0.0, "90daysAgo": 0.0}, "epsRevisions": {"upLast7days": 0, "upLast30days": 0, "downLast30days": 0, "downLast90days": {}}}, {"maxAge": 1, "period": "0y", "endDate": null, "growth": {}, "earningsEstimate": {"avg": 0.0, "low": 0.0, "high": 0.0, "yearAgoEps": {}, "numberOfAnalysts": 0, "growth": {}}, "revenueEstimate": {"avg": 0, "low": 0, "high": 0, "numberOfAnalysts": 0, "yearAgoRevenue": {}, "growth": {}}, "epsTrend": {"current": 0.0, "7daysAgo": 0.0, "30daysAgo": 0.0, "60daysAgo": 0.0, "90daysAgo": 0.0}, "epsRevisions": {"upLast7days": 0, "upLast30days": 0, "downLast30days": 0, "downLast90days": {}}}, {"maxAge": 1, "period": "+1y", "endDate": null, "growth": {}, "earningsEstimate": {"avg": 0.0, "low": 0.0, "high": 0.0, "yearAgoEps": {}, "numberOfAnalysts": 0, "growth": {}}, "revenueEstimate": {"avg": 0, "low": 0, "high": 0, "numberOfAnalysts": 0, "yearAgoRevenue": {}, "growth": {}}, "epsTrend": {"current": 0.0, "7daysAgo": 0.0, "30daysAgo": 0.0, "60daysAgo": 0.0, "90daysAgo": 0.0}, "epsRevisions": {"upLast7days": 0, "upLast30days": 0, "downLast30days": 0, "downLast90days": {}}}, {"maxAge": 1, "period": "+5y", "endDate": null, "growth": {}, "earningsEstimate": {"avg": {}, "low": {}, "high": {}, "yearAgoEps": {}, "numberOfAnalysts": {}, "growth": {}}, "revenueEstimate": {"avg": {}, "low": {}, "high": {}, "numberOfAnalysts": {}, "yearAgoRevenue": {}, "growth": {}}, "epsTrend": {"current": {}, "7daysAgo": {}, "30daysAgo": {}, "60daysAgo": {}, "90daysAgo": {}}, "epsRevisions": {"upLast7days": {}, "upLast30days": {}, "downLast30days": {}, "downLast90days": {}}}, {"maxAge": 1, "period": "-5y", "endDate": null, "growth": {}, "earningsEstimate": {"avg": {}, "low": {}, "high": {}, "yearAgoEps": {}, "numberOfAnalysts": {}, "growth": {}}, "revenueEstimate": {"avg": {}, "low": {}, "high": {}, "numberOfAnalysts": {}, "yearAgoRevenue": {}, "growth": {}}, "epsTrend": {"current": {}, "7daysAgo": {}, "30daysAgo": {}, "60daysAgo": {}, "90daysAgo": {}}, "epsRevisions": {"upLast7days": {}, "upLast30days": {}, "downLast30days": {}, "downLast90days": {}}}], "maxAge": 1}, "financialData": {"maxAge": 86400, "currentPrice": 432.9, "recommendationKey": "none", "grossProfits": 331526833, "financialCurrency": "INR"}}}