{"AVI.BO": {"cashflowStatementHistory": {"cashflowStatements": [{"maxAge": 1, "endDate": "2020-03-31", "netIncome": 670000, "changeToNetincome": 1648000, "changeToAccountReceivables": 1000, "changeToLiabilities": 67000, "changeToOperatingActivities": 3000, "totalCashFromOperatingActivities": 2389000, "totalCashflowsFromInvestingActivities": -2320000, "changeInCash": 68000}, {"maxAge": 1, "endDate": "2019-03-31", "netIncome": 175316, "changeToNetincome": -5593, "changeToAccountReceivables": 4509048, "changeToLiabilities": -2968334, "changeToInventory": 1360, "changeToOperatingActivities": -1745307, "totalCashFromOperatingActivities": -33510, "totalCashflowsFromInvestingActivities": -2320000, "changeInCash": -33510}, {"maxAge": 1, "endDate": "2018-03-31", "netIncome": 492238, "changeToNetincome": 483811, "changeToAccountReceivables": 717371, "changeToLiabilities": 2149717, "changeToInventory": 1360, "changeToOperatingActivities": -5552538, "totalCashFromOperatingActivities": -1709401, "investments": 1507500, "totalCashflowsFromInvestingActivities": 1507500, "changeInCash": -201901}, {"maxAge": 1, "endDate": "2017-03-31", "netIncome": 4655478, "changeToNetincome": -3219340, "changeToAccountReceivables": -4246590, "changeToLiabilities": 758020, "changeToInventory": 1360, "changeToOperatingActivities": 244137, "totalCashFromOperatingActivities": -1808295, "investments": 1980000, "totalCashflowsFromInvestingActivities": 1980000, "changeInCash": 171704}], "maxAge": 86400}, "institutionOwnership": {"ownershipList": [], "maxAge": 1}, "balanceSheetHistoryQuarterly": {"balanceSheetStatements": [{"maxAge": 1, "endDate": "2020-06-30", "totalStockholderEquity": 38873000, "netTangibleAssets": 38873000}, {"maxAge": 1, "endDate": "2020-03-31", "cash": 164000, "netReceivables": 35085000, "totalCurrentAssets": 35249000, "propertyPlantEquipment": 4000, "otherAssets": 3711000, "deferredLongTermAssetCharges": 3611000, "totalAssets": 38964000, "accountsPayable": 87000, "totalCurrentLiabilities": 91000, "totalLiab": 91000, "commonStock": 40907000, "retainedEarnings": -5879000, "treasuryStock": 3845000, "otherStockholderEquity": 3845000, "totalStockholderEquity": 38873000, "netTangibleAssets": 38873000}, {"maxAge": 1, "endDate": "2019-12-31", "totalStockholderEquity": 37552000, "netTangibleAssets": 37552000}, {"maxAge": 1, "endDate": "2019-09-30", "cash": 138000, "netReceivables": 33050000, "otherCurrentAssets": 289000, "totalCurrentAssets": 33477000, "propertyPlantEquipment": 4000, "otherAssets": 4156000, "deferredLongTermAssetCharges": 4056000, "totalAssets": 37637000, "accountsPayable": 85000, "totalCurrentLiabilities": 85000, "totalLiab": 85000, "commonStock": 40907000, "retainedEarnings": -7200000, "treasuryStock": 3845000, "otherStockholderEquity": 3845000, "totalStockholderEquity": 37552000, "netTangibleAssets": 37552000}], "maxAge": 86400}, "indexTrend": {"maxAge": 1, "symbol": "SP5", "peRatio": 19.7411, "pegRatio": 1.34172, "estimates": [{"period": "0q", "growth": 0.549}, {"period": "+1q", "growth": 0.431}, {"period": "0y", "growth": 0.305}, {"period": "+1y", "growth": 0.109}, {"period": "+5y", "growth": 0.120859005}, {"period": "-5y"}]}, "insiderTransactions": {"transactions": [{"maxAge": 1, "shares": 200000, "filerUrl": "", "transactionText": "", "filerName": "Lalwani (Kamleshkumar K)", "filerRelation": "UNREPORTED", "moneyText": "", "startDate": "2020-03-17", "ownership": "D"}, {"maxAge": 1, "shares": 197000, "filerUrl": "", "transactionText": "", "filerName": "Aar Vee Industries, Ltd.", "filerRelation": "Promoter", "moneyText": "", "startDate": "2019-11-26", "ownership": "D"}, {"maxAge": 1, "shares": 197000, "filerUrl": "", "transactionText": "", "filerName": "Aar Vee Industries, Ltd.", "filerRelation": "Promoter", "moneyText": "", "startDate": "2019-11-26", "ownership": "D"}, {"maxAge": 1, "shares": 134000, "filerUrl": "", "transactionText": "", "filerName": "Monolink Trexim Pvt. Ltd.", "filerRelation": "Promoter", "moneyText": "", "startDate": "2015-12-07", "ownership": "D"}, {"maxAge": 1, "shares": 134000, "filerUrl": "", "transactionText": "", "filerName": "Patel (Akhai Ramji)", "filerRelation": "Promoter", "moneyText": "", "startDate": "2015-12-07", "ownership": "D"}, {"maxAge": 1, "shares": 181000, "filerUrl": "", "transactionText": "", "filerName": "Akai Securities Pvt. Ltd.", "filerRelation": "Promoter", "moneyText": "", "startDate": "2015-11-23", "ownership": "D"}], "maxAge": 1}, "quoteType": {"exchange": "BSE", "quoteType": "EQUITY", "symbol": "AVI.BO", "underlyingSymbol": "AVI.BO", "shortName": "Avi Polymers Ltd.", "longName": "AVI Polymers Limited", "firstTradeDateEpochUtc": "2015-12-15 09:15:00", "timeZoneFullName": "Asia/Kolkata", "timeZoneShortName": "IST", "uuid": "c39d07a4-bddc-34c5-9510-e72e651fe79b", "gmtOffSetMilliseconds": 19800000, "maxAge": 1}, "incomeStatementHistory": {"incomeStatementHistory": [{"maxAge": 1, "endDate": "2020-03-31", "totalRevenue": 11558000, "costOfRevenue": 7471000, "grossProfit": 4087000, "researchDevelopment": {}, "sellingGeneralAdministrative": 1034000, "nonRecurring": {}, "otherOperatingExpenses": 800000, "totalOperatingExpenses": 9305000, "operatingIncome": 2253000, "totalOtherIncomeExpenseNet": -1000, "ebit": 2253000, "interestExpense": -2000, "incomeBeforeTax": 2252000, "incomeTaxExpense": 1582000, "minorityInterest": {}, "netIncomeFromContinuingOps": 670000, "discontinuedOperations": {}, "extraordinaryItems": {}, "effectOfAccountingCharges": {}, "otherItems": {}, "netIncome": 670000, "netIncomeApplicableToCommonShares": 670000}, {"maxAge": 1, "endDate": "2019-03-31", "totalRevenue": 4204334, "costOfRevenue": 2323926, "grossProfit": 1880408, "researchDevelopment": {}, "sellingGeneralAdministrative": 1110490, "nonRecurring": {}, "otherOperatingExpenses": 593591, "totalOperatingExpenses": 4028007, "operatingIncome": 176327, "totalOtherIncomeExpenseNet": -13605, "ebit": 176327, "interestExpense": -7000, "incomeBeforeTax": 169722, "incomeTaxExpense": -5594, "minorityInterest": {}, "netIncomeFromContinuingOps": 175316, "discontinuedOperations": {}, "extraordinaryItems": {}, "effectOfAccountingCharges": {}, "otherItems": {}, "netIncome": 175316, "netIncomeApplicableToCommonShares": 175316}, {"maxAge": 1, "endDate": "2018-03-31", "totalRevenue": 10908923, "costOfRevenue": 7291488, "grossProfit": 3617435, "researchDevelopment": {}, "sellingGeneralAdministrative": 1287115, "nonRecurring": {}, "otherOperatingExpenses": 1116667, "totalOperatingExpenses": 9695270, "operatingIncome": 1213653, "totalOtherIncomeExpenseNet": -1210646, "ebit": 1213653, "interestExpense": -87, "incomeBeforeTax": 3007, "incomeTaxExpense": -489231, "minorityInterest": {}, "netIncomeFromContinuingOps": 492238, "discontinuedOperations": {}, "extraordinaryItems": {}, "effectOfAccountingCharges": {}, "otherItems": {}, "netIncome": 492238, "netIncomeApplicableToCommonShares": 492238}, {"maxAge": 1, "endDate": "2017-03-31", "totalRevenue": 13454857, "costOfRevenue": 9626907, "grossProfit": 3827950, "researchDevelopment": {}, "sellingGeneralAdministrative": 1295553, "nonRecurring": {}, "otherOperatingExpenses": 884761, "totalOperatingExpenses": 11807221, "operatingIncome": 1647636, "totalOtherIncomeExpenseNet": -1598217, "ebit": 1647636, "interestExpense": -10, "incomeBeforeTax": 49419, "incomeTaxExpense": -4606059, "minorityInterest": {}, "netIncomeFromContinuingOps": 4655478, "discontinuedOperations": {}, "extraordinaryItems": {}, "effectOfAccountingCharges": {}, "otherItems": {}, "netIncome": 4655478, "netIncomeApplicableToCommonShares": 4655478}], "maxAge": 86400}, "fundOwnership": {"ownershipList": [], "maxAge": 1}, "summaryDetail": {"maxAge": 1, "priceHint": 2, "previousClose": 9.51, "open": 9.51, "dayLow": 9.51, "dayHigh": 9.51, "regularMarketPreviousClose": 9.51, "regularMarketOpen": 9.51, "regularMarketDayLow": 9.51, "regularMarketDayHigh": 9.51, "volume": 10, "regularMarketVolume": 10, "bid": 7.2, "ask": 0.0, "fiftyTwoWeekLow": 9.51, "fiftyTwoWeekHigh": 9.51, "currency": "INR", "fromCurrency": null, "lastMarket": null, "algorithm": null, "tradeable": false}, "incomeStatementHistoryQuarterly": {"incomeStatementHistory": [{"maxAge": 1, "endDate": "2020-06-30", "totalRevenue": 738000, "costOfRevenue": 32000, "grossProfit": 706000, "researchDevelopment": {}, "sellingGeneralAdministrative": 210000, "nonRecurring": {}, "otherOperatingExpenses": 346000, "totalOperatingExpenses": 588000, "operatingIncome": 150000, "totalOtherIncomeExpenseNet": 0, "ebit": 150000, "interestExpense": {}, "incomeBeforeTax": 150000, "incomeTaxExpense": 38000, "minorityInterest": {}, "netIncomeFromContinuingOps": 112000, "discontinuedOperations": {}, "extraordinaryItems": {}, "effectOfAccountingCharges": {}, "otherItems": {}, "netIncome": 112000, "netIncomeApplicableToCommonShares": 112000}, {"maxAge": 1, "endDate": "2020-03-31", "totalRevenue": 1182000, "costOfRevenue": 487000, "grossProfit": 695000, "researchDevelopment": {}, "sellingGeneralAdministrative": 255000, "nonRecurring": {}, "otherOperatingExpenses": 121000, "totalOperatingExpenses": 863000, "operatingIncome": 319000, "totalOtherIncomeExpenseNet": -1000, "ebit": 319000, "interestExpense": -2000, "incomeBeforeTax": 318000, "incomeTaxExpense": 80000, "minorityInterest": {}, "netIncomeFromContinuingOps": 238000, "discontinuedOperations": {}, "extraordinaryItems": {}, "effectOfAccountingCharges": {}, "otherItems": {}, "netIncome": 238000, "netIncomeApplicableToCommonShares": 238000}, {"maxAge": 1, "endDate": "2019-12-31", "totalRevenue": 7529000, "costOfRevenue": 5641000, "grossProfit": 1888000, "researchDevelopment": {}, "sellingGeneralAdministrative": 349000, "nonRecurring": {}, "otherOperatingExpenses": 90000, "totalOperatingExpenses": 6080000, "operatingIncome": 1449000, "totalOtherIncomeExpenseNet": 0, "ebit": 1449000, "interestExpense": -2000, "incomeBeforeTax": 1449000, "incomeTaxExpense": 365000, "minorityInterest": {}, "netIncomeFromContinuingOps": 1084000, "discontinuedOperations": {}, "extraordinaryItems": {}, "effectOfAccountingCharges": {}, "otherItems": {}, "netIncome": 1084000, "netIncomeApplicableToCommonShares": 1084000}, {"maxAge": 1, "endDate": "2019-09-30", "totalRevenue": 1718000, "costOfRevenue": 834000, "grossProfit": 884000, "researchDevelopment": {}, "sellingGeneralAdministrative": 257000, "nonRecurring": {}, "otherOperatingExpenses": 97000, "totalOperatingExpenses": 1188000, "operatingIncome": 530000, "totalOtherIncomeExpenseNet": 0, "ebit": 530000, "interestExpense": -2000, "incomeBeforeTax": 530000, "incomeTaxExpense": 1146000, "minorityInterest": {}, "netIncomeFromContinuingOps": -616000, "discontinuedOperations": {}, "extraordinaryItems": {}, "effectOfAccountingCharges": {}, "otherItems": {}, "netIncome": -616000, "netIncomeApplicableToCommonShares": -616000}], "maxAge": 86400}, "cashflowStatementHistoryQuarterly": {"cashflowStatements": [{"maxAge": 1, "endDate": "2020-06-30", "netIncome": 112000, "changeToLiabilities": 0}, {"maxAge": 1, "endDate": "2020-03-31", "netIncome": 238000, "changeToLiabilities": 0}, {"maxAge": 1, "endDate": "2019-12-31", "netIncome": 1084000, "changeToLiabilities": 0}, {"maxAge": 1, "endDate": "2019-09-30", "netIncome": -616000, "changeToLiabilities": 0}], "maxAge": 86400}, "insiderHolders": {"holders": [{"maxAge": 1, "name": "Aar Vee Industries, Ltd.", "relation": "Promoter", "url": "", "transactionDescription": "Sale", "latestTransDate": "2019-11-26", "positionDirect": 0, "positionDirectDate": "2019-11-26"}, {"maxAge": 1, "name": "Akai Securities Pvt. Ltd.", "relation": "Promoter", "url": "", "transactionDescription": "Purchase", "latestTransDate": "2015-11-23", "positionDirect": 0, "positionDirectDate": "2015-11-23"}, {"maxAge": 1, "name": "Lalwani (Kamleshkumar K)", "relation": "UNREPORTED", "url": "", "transactionDescription": "Sale", "latestTransDate": "2020-03-17", "positionDirect": 163099, "positionDirectDate": "2020-03-17"}, {"maxAge": 1, "name": "Monolink Trexim Pvt. Ltd.", "relation": "Promoter", "url": "", "transactionDescription": "Sale", "latestTransDate": "2015-12-07", "positionDirect": 0, "positionDirectDate": "2015-12-07"}, {"maxAge": 1, "name": "Patel (Akhai Ramji)", "relation": "Promoter", "url": "", "transactionDescription": "Purchase", "latestTransDate": "2015-12-07", "positionDirect": 189000, "positionDirectDate": "2015-12-07"}], "maxAge": 1}, "calendarEvents": {"maxAge": 1, "earnings": {"earningsDate": []}}, "upgradeDowngradeHistory": {"history": [], "maxAge": 86400}, "price": {"maxAge": 1, "regularMarketChangePercent": 0.0, "regularMarketChange": 0.0, "regularMarketTime": "2021-04-28 11:28:51", "priceHint": 2, "regularMarketPrice": 9.51, "regularMarketDayHigh": 9.51, "regularMarketDayLow": 9.51, "regularMarketVolume": 10, "regularMarketPreviousClose": 9.51, "regularMarketSource": "FREE_REALTIME", "regularMarketOpen": 9.51, "exchange": "BSE", "exchangeName": "BSE", "exchangeDataDelayedBy": 0, "marketState": "CLOSED", "quoteType": "EQUITY", "symbol": "AVI.BO", "underlyingSymbol": null, "shortName": "Avi Polymers Ltd.", "longName": "AVI Polymers Limited", "currency": "INR", "quoteSourceName": "Delayed Quote", "currencySymbol": "\u20b9", "fromCurrency": null, "lastMarket": null}, "balanceSheetHistory": {"balanceSheetStatements": [{"maxAge": 1, "endDate": "2020-03-31", "cash": 164000, "netReceivables": 35085000, "totalCurrentAssets": 35249000, "propertyPlantEquipment": 4000, "otherAssets": 3711000, "deferredLongTermAssetCharges": 3611000, "totalAssets": 38964000, "accountsPayable": 87000, "totalCurrentLiabilities": 91000, "totalLiab": 91000, "commonStock": 40907000, "retainedEarnings": -5879000, "treasuryStock": 3845000, "otherStockholderEquity": 3845000, "totalStockholderEquity": 38873000, "netTangibleAssets": 38873000}, {"maxAge": 1, "endDate": "2019-03-31", "cash": 95887, "netReceivables": 32832218, "otherCurrentAssets": 91573, "totalCurrentAssets": 33019678, "longTermInvestments": 100000, "propertyPlantEquipment": 3668, "otherAssets": 5200884, "deferredLongTermAssetCharges": 5100884, "totalAssets": 38224230, "accountsPayable": 20000, "otherCurrentLiab": 1000, "totalCurrentLiabilities": 21160, "totalLiab": 21160, "commonStock": 40907000, "retainedEarnings": -6548680, "treasuryStock": 3844750, "otherStockholderEquity": 3844750, "totalStockholderEquity": 38203070, "netTangibleAssets": 38203070}, {"maxAge": 1, "endDate": "2018-03-31", "cash": 129397, "shortTermInvestments": 422084, "netReceivables": 35429616, "inventory": 1360, "otherCurrentAssets": 58945, "totalCurrentAssets": 36041402, "propertyPlantEquipment": 3668, "otherAssets": 5195291, "deferredLongTermAssetCharges": 5095290, "totalAssets": 41240361, "accountsPayable": 2901259, "totalCurrentLiabilities": 3212607, "totalLiab": 3212607, "commonStock": 40907000, "retainedEarnings": -6723996, "treasuryStock": 3844750, "otherStockholderEquity": 3844750, "totalStockholderEquity": 38027754, "netTangibleAssets": 38027754}, {"maxAge": 1, "endDate": "2017-03-31", "cash": 331298, "netReceivables": 30242939, "inventory": 1360, "otherCurrentAssets": 409087, "totalCurrentAssets": 30984684, "longTermInvestments": 2680000, "propertyPlantEquipment": 3668, "otherAssets": 4706059, "deferredLongTermAssetCharges": 4606059, "totalAssets": 38374411, "accountsPayable": 615300, "totalCurrentLiabilities": 838895, "totalLiab": 838895, "commonStock": 40907000, "retainedEarnings": -7216234, "treasuryStock": 3844750, "otherStockholderEquity": 3844750, "totalStockholderEquity": 37535516, "netTangibleAssets": 37535516}], "maxAge": 86400}, "financialData": {"maxAge": 86400, "currentPrice": 9.51, "recommendationKey": "none", "grossProfits": 4087000, "financialCurrency": null}}}