{"AVL.BO": {"cashflowStatementHistory": {"cashflowStatements": [{"maxAge": 1, "endDate": "2020-03-31", "netIncome": 140204818, "depreciation": 20083927, "changeToNetincome": 7137173, "changeToAccountReceivables": -286621395, "changeToLiabilities": 1282737810, "changeToInventory": -1107725247, "totalCashFromOperatingActivities": 56589215, "capitalExpenditures": -75009260, "investments": -250000, "otherCashflowsFromInvestingActivities": 12728637, "totalCashflowsFromInvestingActivities": -62530623, "dividendsPaid": -8675587, "netBorrowings": 31318972, "totalCashFromFinancingActivities": 22643385, "changeInCash": 16701978}, {"maxAge": 1, "endDate": "2019-03-31", "netIncome": 57646029, "depreciation": 15496502, "changeToNetincome": 12468249, "changeToAccountReceivables": 19687072, "changeToLiabilities": 277760608, "changeToInventory": -338787470, "totalCashFromOperatingActivities": 45043118, "capitalExpenditures": -36851698, "investments": -250000, "otherCashflowsFromInvestingActivities": 3928178, "totalCashflowsFromInvestingActivities": -32722179, "dividendsPaid": -8675587, "netBorrowings": -25928220, "totalCashFromFinancingActivities": -25928220, "changeInCash": -13607281}, {"maxAge": 1, "endDate": "2018-03-31", "netIncome": 27846151, "depreciation": 13344948, "changeToNetincome": 150547, "changeToAccountReceivables": -128327844, "changeToLiabilities": 138924419, "changeToInventory": 24675835, "totalCashFromOperatingActivities": 77386186, "capitalExpenditures": -56787186, "investments": -1000000, "otherCashflowsFromInvestingActivities": 6341566, "totalCashflowsFromInvestingActivities": -49651868, "dividendsPaid": -8675587, "netBorrowings": 7913171, "totalCashFromFinancingActivities": 7913171, "changeInCash": 35647490}, {"maxAge": 1, "endDate": "2017-03-31", "netIncome": 17057989, "depreciation": 8789112, "changeToNetincome": -227023, "changeToAccountReceivables": -2919398, "changeToLiabilities": 207557430, "changeToInventory": -173988400, "totalCashFromOperatingActivities": 56269710, "capitalExpenditures": -52693974, "investments": -1000000, "otherCashflowsFromInvestingActivities": -239980, "totalCashflowsFromInvestingActivities": -52933954, "dividendsPaid": -8675587, "netBorrowings": 26765739, "totalCashFromFinancingActivities": 84365739, "changeInCash": 87701495, "issuanceOfStock": 57600000}], "maxAge": 86400}, "institutionOwnership": {"ownershipList": [], "maxAge": 1}, "balanceSheetHistoryQuarterly": {"balanceSheetStatements": [{"maxAge": 1, "endDate": "2020-03-31", "cash": 159184895, "netReceivables": 364169814, "inventory": 1842813752, "otherCurrentAssets": 49243470, "totalCurrentAssets": 2415411931, "longTermInvestments": 1250000, "propertyPlantEquipment": 209277519, "otherAssets": 1544263, "totalAssets": 2627483713, "accountsPayable": 1840244884, "otherCurrentLiab": 45288634, "longTermDebt": 62213752, "otherLiab": 12446882, "deferredLongTermLiab": 1544263, "totalCurrentLiabilities": 2159522214, "totalLiab": 2234182848, "commonStock": 141105000, "retainedEarnings": 252195867, "totalStockholderEquity": 393300867, "netTangibleAssets": 393300867}, {"maxAge": 1, "endDate": "2019-12-31", "cash": 159184895, "netReceivables": 364169814, "inventory": 1842813752, "otherCurrentAssets": 49243470, "totalCurrentAssets": 2415411931, "longTermInvestments": 1250000, "propertyPlantEquipment": 209277519, "otherAssets": 1544263, "totalAssets": 2627483713, "accountsPayable": 1840244884, "otherCurrentLiab": 45288634, "longTermDebt": 62213752, "otherLiab": 12446882, "deferredLongTermLiab": 1544263, "totalCurrentLiabilities": 2159522214, "totalLiab": 2234182848, "commonStock": 141105000, "retainedEarnings": 252195867, "totalStockholderEquity": 393300867, "netTangibleAssets": 393300867}, {"maxAge": 1, "endDate": "2019-09-30", "cash": 128528589, "netReceivables": 213966846, "inventory": 1228749575, "totalCurrentAssets": 1571245010, "longTermInvestments": 1000000, "propertyPlantEquipment": 158587902, "otherAssets": 1930328, "totalAssets": 1732763240, "accountsPayable": 965990969, "otherCurrentLiab": 14917145, "longTermDebt": 17638201, "otherLiab": 8819500, "deferredLongTermLiab": 1930328, "totalCurrentLiabilities": 1413306131, "totalLiab": 1439763832, "commonStock": 141105000, "retainedEarnings": 151894409, "totalStockholderEquity": 292999409, "netTangibleAssets": 292999409}, {"maxAge": 1, "endDate": "2019-06-30", "cash": 128528589, "netReceivables": 213966846, "inventory": 1228749575, "totalCurrentAssets": 1571245010, "longTermInvestments": 1000000, "propertyPlantEquipment": 158587902, "otherAssets": 1930328, "totalAssets": 1732763240, "accountsPayable": 965990969, "otherCurrentLiab": 14917145, "longTermDebt": 17638201, "otherLiab": 8819500, "deferredLongTermLiab": 1930328, "totalCurrentLiabilities": 1413306131, "totalLiab": 1439763832, "commonStock": 141105000, "retainedEarnings": 151894409, "totalStockholderEquity": 292999409, "netTangibleAssets": 292999409}], "maxAge": 86400}, "indexTrend": {"maxAge": 1, "symbol": "SP5", "peRatio": 19.7411, "pegRatio": 1.34172, "estimates": [{"period": "0q", "growth": 0.549}, {"period": "+1q", "growth": 0.431}, {"period": "0y", "growth": 0.305}, {"period": "+1y", "growth": 0.109}, {"period": "+5y", "growth": 0.120859005}, {"period": "-5y"}]}, "insiderTransactions": {"transactions": [{"maxAge": 1, "shares": 0, "filerUrl": "", "transactionText": "", "filerName": "Sinha (Yashovardhan)", "filerRelation": "Chairman of the Board", "moneyText": "", "startDate": "2020-09-08", "ownership": "I"}, {"maxAge": 1, "shares": 788000, "value": 255863, "filerUrl": "", "transactionText": "Other at price 0.32 per share.", "filerName": "Sinha (Yashovardhan)", "filerRelation": "Chairman of the Board", "moneyText": "", "startDate": "2020-08-27", "ownership": "D"}, {"maxAge": 1, "shares": 2082000, "filerUrl": "", "transactionText": "", "filerName": "Ways Vinimay Pvt Ltd", "filerRelation": "Institution- Corporation", "moneyText": "", "startDate": "2020-04-15", "ownership": "D"}, {"maxAge": 1, "shares": 96000, "filerUrl": "", "transactionText": "", "filerName": "Sinha (Yashovardhan)", "filerRelation": "Promoter", "moneyText": "", "startDate": "2019-11-20", "ownership": "D"}], "maxAge": 1}, "quoteType": {"exchange": "BSE", "quoteType": "EQUITY", "symbol": "AVL.BO", "underlyingSymbol": "AVL.BO", "shortName": "Aditya Vision Limited", "longName": "Aditya Vision Limited", "firstTradeDateEpochUtc": "2016-12-12 09:15:00", "timeZoneFullName": "Asia/Kolkata", "timeZoneShortName": "IST", "uuid": "435ac5fe-7b84-3cb6-a8e1-53a0cc620c96", "gmtOffSetMilliseconds": 19800000, "maxAge": 1}, "incomeStatementHistory": {"incomeStatementHistory": [{"maxAge": 1, "endDate": "2020-03-31", "totalRevenue": 7969792982, "costOfRevenue": 7117358355, "grossProfit": 852434627, "researchDevelopment": {}, "sellingGeneralAdministrative": 600325803, "nonRecurring": {}, "otherOperatingExpenses": -78517596, "totalOperatingExpenses": 7659250489, "operatingIncome": 310542493, "totalOtherIncomeExpenseNet": -123182848, "ebit": 310542493, "interestExpense": -135911485, "incomeBeforeTax": 187359645, "incomeTaxExpense": 47154827, "minorityInterest": {}, "netIncomeFromContinuingOps": 140204818, "discontinuedOperations": {}, "extraordinaryItems": {}, "effectOfAccountingCharges": {}, "otherItems": {}, "netIncome": 140204818, "netIncomeApplicableToCommonShares": 140204818}, {"maxAge": 1, "endDate": "2019-03-31", "totalRevenue": 5636533154, "costOfRevenue": 5066372737, "grossProfit": 570160417, "researchDevelopment": {}, "sellingGeneralAdministrative": 399980814, "nonRecurring": {}, "otherOperatingExpenses": -78517596, "totalOperatingExpenses": 5481850053, "operatingIncome": 154683101, "totalOtherIncomeExpenseNet": -68300406, "ebit": 154683101, "interestExpense": -72228584, "incomeBeforeTax": 86382695, "incomeTaxExpense": 28736666, "minorityInterest": {}, "netIncomeFromContinuingOps": 57646029, "discontinuedOperations": {}, "extraordinaryItems": {}, "effectOfAccountingCharges": {}, "otherItems": {}, "netIncome": 57646029, "netIncomeApplicableToCommonShares": 57646029}, {"maxAge": 1, "endDate": "2018-03-31", "totalRevenue": 4439423325, "costOfRevenue": 4058644029, "grossProfit": 380779296, "researchDevelopment": {}, "sellingGeneralAdministrative": 310302553, "nonRecurring": {}, "otherOperatingExpenses": -78517596, "totalOperatingExpenses": 4382291530, "operatingIncome": 57131795, "totalOtherIncomeExpenseNet": -15748820, "ebit": 57131795, "interestExpense": -22194712, "incomeBeforeTax": 41382975, "incomeTaxExpense": 13536824, "minorityInterest": {}, "netIncomeFromContinuingOps": 27846151, "discontinuedOperations": {}, "extraordinaryItems": {}, "effectOfAccountingCharges": {}, "otherItems": {}, "netIncome": 27846151, "netIncomeApplicableToCommonShares": 27846151}, {"maxAge": 1, "endDate": "2017-03-31", "totalRevenue": 3616795676, "costOfRevenue": 3360270575, "grossProfit": 256525101, "researchDevelopment": {}, "sellingGeneralAdministrative": 208990588, "nonRecurring": {}, "otherOperatingExpenses": -78517596, "totalOperatingExpenses": 3578050275, "operatingIncome": 38745401, "totalOtherIncomeExpenseNet": -13434513, "ebit": 38745401, "interestExpense": -17341619, "incomeBeforeTax": 25310888, "incomeTaxExpense": 8252899, "minorityInterest": {}, "netIncomeFromContinuingOps": 17057989, "discontinuedOperations": {}, "extraordinaryItems": {}, "effectOfAccountingCharges": {}, "otherItems": {}, "netIncome": 17057989, "netIncomeApplicableToCommonShares": 17057989}], "maxAge": 86400}, "fundOwnership": {"ownershipList": [], "maxAge": 1}, "summaryDetail": {"maxAge": 1, "priceHint": 2, "previousClose": 259.5, "open": 264.65, "dayLow": 264.65, "dayHigh": 264.65, "regularMarketPreviousClose": 259.5, "regularMarketOpen": 264.65, "regularMarketDayLow": 264.65, "regularMarketDayHigh": 264.65, "trailingPE": 26.635468, "volume": 850, "regularMarketVolume": 850, "averageVolume": 1330, "averageVolume10days": 424, "averageDailyVolume10Day": 424, "bid": 264.65, "ask": 0.0, "bidSize": 0, "askSize": 0, "marketCap": 3734343680, "fiftyTwoWeekLow": 20.6, "fiftyTwoWeekHigh": 264.65, "fiftyDayAverage": 41.44091, "twoHundredDayAverage": 27.463604, "trailingAnnualDividendRate": 2.5, "trailingAnnualDividendYield": 0.009633912, "currency": "INR", "fromCurrency": null, "lastMarket": null, "algorithm": null, "tradeable": false}, "incomeStatementHistoryQuarterly": {"incomeStatementHistory": [{"maxAge": 1, "endDate": "2020-03-31", "totalRevenue": 1728923763, "costOfRevenue": 1529488588, "grossProfit": 199435176, "researchDevelopment": {}, "sellingGeneralAdministrative": 98356333, "nonRecurring": {}, "otherOperatingExpenses": -39258798, "totalOperatingExpenses": 1594540641, "operatingIncome": 134383123, "totalOtherIncomeExpenseNet": -67529342, "ebit": 134383123, "interestExpense": -49342250, "incomeBeforeTax": 66853781, "incomeTaxExpense": 16703052, "minorityInterest": {}, "netIncomeFromContinuingOps": 50150729, "discontinuedOperations": {}, "extraordinaryItems": {}, "effectOfAccountingCharges": {}, "otherItems": {}, "netIncome": 50150729, "netIncomeApplicableToCommonShares": 50150729}, {"maxAge": 1, "endDate": "2019-12-31", "totalRevenue": 1728923763, "costOfRevenue": 1529488588, "grossProfit": 199435176, "researchDevelopment": {}, "sellingGeneralAdministrative": 98356333, "nonRecurring": {}, "otherOperatingExpenses": -39258798, "totalOperatingExpenses": 1594540641, "operatingIncome": 134383123, "totalOtherIncomeExpenseNet": -67529342, "ebit": 134383123, "interestExpense": -49342250, "incomeBeforeTax": 66853781, "incomeTaxExpense": 16703052, "minorityInterest": {}, "netIncomeFromContinuingOps": 50150729, "discontinuedOperations": {}, "extraordinaryItems": {}, "effectOfAccountingCharges": {}, "otherItems": {}, "netIncome": 50150729, "netIncomeApplicableToCommonShares": 50150729}, {"maxAge": 1, "endDate": "2019-09-30", "totalRevenue": 2255972728, "costOfRevenue": 2029190590, "grossProfit": 226782138, "researchDevelopment": {}, "sellingGeneralAdministrative": 201806569, "nonRecurring": {}, "otherOperatingExpenses": -39258798, "totalOperatingExpenses": 2235084604, "operatingIncome": 20888124, "totalOtherIncomeExpenseNet": 5937918, "ebit": 20888124, "interestExpense": -18613493, "incomeBeforeTax": 26826042, "incomeTaxExpense": 6874362, "minorityInterest": {}, "netIncomeFromContinuingOps": 19951680, "discontinuedOperations": {}, "extraordinaryItems": {}, "effectOfAccountingCharges": {}, "otherItems": {}, "netIncome": 19951680, "netIncomeApplicableToCommonShares": 19951680}, {"maxAge": 1, "endDate": "2019-06-30", "totalRevenue": 2255972728, "costOfRevenue": 2029190590, "grossProfit": 226782138, "researchDevelopment": {}, "sellingGeneralAdministrative": 201806569, "nonRecurring": {}, "otherOperatingExpenses": -39258798, "totalOperatingExpenses": 2235084604, "operatingIncome": 20888124, "totalOtherIncomeExpenseNet": 5937918, "ebit": 20888124, "interestExpense": -18613493, "incomeBeforeTax": 26826042, "incomeTaxExpense": 6874362, "minorityInterest": {}, "netIncomeFromContinuingOps": 19951680, "discontinuedOperations": {}, "extraordinaryItems": {}, "effectOfAccountingCharges": {}, "otherItems": {}, "netIncome": 19951680, "netIncomeApplicableToCommonShares": 19951680}], "maxAge": 86400}, "cashflowStatementHistoryQuarterly": {"cashflowStatements": [{"maxAge": 1, "endDate": "2020-03-31", "netIncome": 50150729, "depreciation": 5954519, "changeToNetincome": 34890144, "changeToAccountReceivables": -99723219, "changeToLiabilities": 357182681, "changeToInventory": -307032089, "totalCashFromOperatingActivities": 41615798, "capitalExpenditures": -31299328, "investments": -125000, "otherCashflowsFromInvestingActivities": -18187092, "totalCashflowsFromInvestingActivities": -49611421, "netBorrowings": 23323775, "totalCashFromFinancingActivities": 23323775, "changeInCash": 15328153}, {"maxAge": 1, "endDate": "2019-12-31", "netIncome": 50150729, "depreciation": 5954519, "changeToNetincome": 34890144, "changeToAccountReceivables": -99723219, "changeToLiabilities": 357182681, "changeToInventory": -307032089, "totalCashFromOperatingActivities": 41615798, "capitalExpenditures": -31299328, "investments": -125000, "otherCashflowsFromInvestingActivities": -18187092, "totalCashflowsFromInvestingActivities": -49611421, "netBorrowings": 23323775, "totalCashFromFinancingActivities": 23323775, "changeInCash": 15328153}, {"maxAge": 1, "endDate": "2019-09-30", "netIncome": 19951680, "depreciation": 4087445, "changeToNetincome": -31321557, "changeToAccountReceivables": -43587479, "changeToLiabilities": 284186224, "changeToInventory": -246830535, "totalCashFromOperatingActivities": -13321190, "capitalExpenditures": -6205302, "investments": -125000, "otherCashflowsFromInvestingActivities": 24551411, "totalCashflowsFromInvestingActivities": 18346109, "dividendsPaid": -4337794, "netBorrowings": -7664289, "totalCashFromFinancingActivities": -12002082, "changeInCash": -6977164}, {"maxAge": 1, "endDate": "2019-06-30", "netIncome": 19951680, "depreciation": 4087445, "changeToNetincome": -31321557, "changeToAccountReceivables": -43587479, "changeToLiabilities": 284186224, "changeToInventory": -246830535, "totalCashFromOperatingActivities": -13321190, "capitalExpenditures": -6205302, "investments": -125000, "otherCashflowsFromInvestingActivities": 24551411, "totalCashflowsFromInvestingActivities": 18346109, "dividendsPaid": -4337794, "netBorrowings": -7664289, "totalCashFromFinancingActivities": -12002082, "changeInCash": -6977164}], "maxAge": 86400}, "insiderHolders": {"holders": [{"maxAge": 1, "name": "Sinha (Yashovardhan)", "relation": "Chairman of the Board", "url": "", "transactionDescription": "Sale", "latestTransDate": "2020-09-08", "positionIndirect": 4170650, "positionIndirectDate": 1599523200}, {"maxAge": 1, "name": "Ways Vinimay Pvt Ltd", "relation": "Institution- Corporation", "url": "", "transactionDescription": "Sale", "latestTransDate": "2020-04-15", "positionDirect": 0, "positionDirectDate": "2020-04-15"}], "maxAge": 1}, "calendarEvents": {"maxAge": 1, "earnings": {"earningsDate": ["2020-06-29 05:30:S"]}}, "upgradeDowngradeHistory": {"history": [], "maxAge": 86400}, "price": {"maxAge": 1, "regularMarketChangePercent": 0.019845834, "regularMarketChange": 5.149994, "regularMarketTime": "2021-04-30 10:13:36", "priceHint": 2, "regularMarketPrice": 264.65, "regularMarketDayHigh": 264.65, "regularMarketDayLow": 264.65, "regularMarketVolume": 850, "averageDailyVolume10Day": 424, "averageDailyVolume3Month": 1330, "regularMarketPreviousClose": 259.5, "regularMarketSource": "FREE_REALTIME", "regularMarketOpen": 264.65, "exchange": "BSE", "exchangeName": "BSE", "exchangeDataDelayedBy": 0, "marketState": "CLOSED", "quoteType": "EQUITY", "symbol": "AVL.BO", "underlyingSymbol": null, "shortName": "Aditya Vision Limited", "longName": "Aditya Vision Limited", "currency": "INR", "quoteSourceName": "Delayed Quote", "currencySymbol": "\u20b9", "fromCurrency": null, "lastMarket": null, "marketCap": 3734343680}, "balanceSheetHistory": {"balanceSheetStatements": [{"maxAge": 1, "endDate": "2020-03-31", "cash": 159184895, "netReceivables": 364169814, "inventory": 1842813752, "otherCurrentAssets": 49243470, "totalCurrentAssets": 2415411931, "longTermInvestments": 1250000, "propertyPlantEquipment": 209277519, "otherAssets": 1544263, "totalAssets": 2627483713, "accountsPayable": 1840244884, "otherCurrentLiab": 45288634, "longTermDebt": 62213752, "otherLiab": 12446882, "deferredLongTermLiab": 1544263, "totalCurrentLiabilities": 2159522214, "totalLiab": 2234182848, "commonStock": 141105000, "retainedEarnings": 252195867, "totalStockholderEquity": 393300867, "netTangibleAssets": 393300867}, {"maxAge": 1, "endDate": "2019-03-31", "cash": 142482916, "netReceivables": 94891889, "inventory": 735088505, "otherCurrentAssets": 31900000, "totalCurrentAssets": 1004363310, "longTermInvestments": 1000000, "propertyPlantEquipment": 154352186, "otherAssets": 2316394, "totalAssets": 1162031890, "accountsPayable": 253358909, "otherCurrentLiab": 29441432, "longTermDebt": 30894779, "otherLiab": 10580689, "deferredLongTermLiab": 2316394, "totalCurrentLiabilities": 858784786, "totalLiab": 900260254, "commonStock": 141105000, "retainedEarnings": 120666638, "totalStockholderEquity": 261771638, "netTangibleAssets": 261771638}, {"maxAge": 1, "endDate": "2018-03-31", "cash": 156090198, "netReceivables": 22176897, "inventory": 396301035, "otherCurrentAssets": 124302065, "totalCurrentAssets": 698870195, "longTermInvestments": 1000000, "propertyPlantEquipment": 133198333, "otherAssets": 3088525, "totalAssets": 836157053, "accountsPayable": 120714642, "otherCurrentLiab": 14102369, "longTermDebt": 56823000, "otherLiab": 9133040, "deferredLongTermLiab": 3088525, "totalCurrentLiabilities": 565191580, "totalLiab": 631147620, "commonStock": 141105000, "retainedEarnings": 63904432, "totalStockholderEquity": 205009432, "netTangibleAssets": 205009432}, {"maxAge": 1, "endDate": "2017-03-31", "cash": 120442707, "netReceivables": 11290538, "inventory": 420976870, "otherCurrentAssets": 6860580, "totalCurrentAssets": 559570695, "propertyPlantEquipment": 91549847, "otherAssets": 3860656, "totalAssets": 654981198, "accountsPayable": 109932868, "otherCurrentLiab": 7377938, "longTermDebt": 46909828, "otherLiab": 9052635, "deferredLongTermLiab": 3860656, "totalCurrentLiabilities": 421411661, "totalLiab": 477374124, "commonStock": 141105000, "retainedEarnings": 36502074, "totalStockholderEquity": 177607074, "netTangibleAssets": 177607074}], "maxAge": 86400}, "financialData": {"maxAge": 86400, "currentPrice": 264.65, "recommendationKey": "none", "grossProfits": 852434627, "financialCurrency": "INR"}}}