{"AWHCL.NS": {"assetProfile": {"address1": "Dev Corpora Building", "address2": "1402 and 1404, 14th Floor Opp. Cadbury Company Eastern Express Highway", "city": "Thane", "zip": "400601", "country": "India", "website": "http://www.antony-waste.com", "industry": "Waste Management", "sector": "Industrials", "longBusinessSummary": "Antony Waste Handling Cell Limited engages in municipal solid waste (MSW) management business in India. It provides MSW services, including solid waste collection, transportation, processing, and disposal services primarily to municipalities. The company is also involved in the landfill construction and management sector; and waste management area. Antony Waste Handling Cell Limited was incorporated in 2001 and is based in Thane, India.", "companyOfficers": [{"maxAge": 1, "name": "Mr. Jose Jacob Kallarakal", "age": 47, "title": "Chairman, Founder & MD", "yearBorn": 1973, "exercisedValue": 0, "unexercisedValue": 0}, {"maxAge": 1, "name": "Mr. Shiju Jacob Kallarakal", "age": 44, "title": "Founder & Exec. Director", "yearBorn": 1976, "exercisedValue": 0, "unexercisedValue": 0}, {"maxAge": 1, "name": "Mr. NG  Subramanian", "title": "Group Chief Financial Officer", "exercisedValue": 0, "unexercisedValue": 0}, {"maxAge": 1, "name": "Mr. Samir  Kolte", "title": "Pres of Operations", "exercisedValue": 0, "unexercisedValue": 0}, {"maxAge": 1, "name": "Ms. Harshada  Rane", "title": "Company Sec. & Compliance Officer", "exercisedValue": 0, "unexercisedValue": 0}, {"maxAge": 1, "name": "Mr. Shiju Antony Kallarakkal", "title": "Whole-time Director", "exercisedValue": 0, "unexercisedValue": 0}], "maxAge": 86400}, "cashflowStatementHistory": {"cashflowStatements": [{"maxAge": 1, "endDate": "2020-03-31", "netIncome": 422830000, "depreciation": 242430000, "changeToNetincome": 487260000, "changeToAccountReceivables": -270530000, "changeToLiabilities": 437840000, "changeToInventory": -80000, "changeToOperatingActivities": -361810000, "totalCashFromOperatingActivities": 957940000, "capitalExpenditures": -1082390000, "otherCashflowsFromInvestingActivities": 36940000, "totalCashflowsFromInvestingActivities": -1037390000, "netBorrowings": 414130000, "otherCashflowsFromFinancingActivities": -275670000, "totalCashFromFinancingActivities": 138560000, "changeInCash": 59110000, "issuanceOfStock": 100000}, {"maxAge": 1, "endDate": "2019-03-31", "netIncome": 274200000, "depreciation": 173330000, "changeToNetincome": 235610000, "changeToAccountReceivables": -168080000, "changeToLiabilities": 72060000, "changeToInventory": -360000, "changeToOperatingActivities": -279910000, "totalCashFromOperatingActivities": 306850000, "capitalExpenditures": -625000000, "otherCashflowsFromInvestingActivities": 84730000, "totalCashflowsFromInvestingActivities": -537490000, "dividendsPaid": -55790000, "netBorrowings": 331700000, "otherCashflowsFromFinancingActivities": -164500000, "totalCashFromFinancingActivities": 111410000, "changeInCash": -119230000, "issuanceOfStock": 100000}, {"maxAge": 1, "endDate": "2018-03-31", "netIncome": 294070000, "depreciation": 124290000, "changeToNetincome": 240570000, "changeToAccountReceivables": -75040000, "changeToLiabilities": 80750000, "changeToInventory": -260000, "changeToOperatingActivities": -303880000, "totalCashFromOperatingActivities": 360500000, "capitalExpenditures": 28720000, "otherCashflowsFromInvestingActivities": 99870000, "totalCashflowsFromInvestingActivities": 140630000, "dividendsPaid": -31020000, "netBorrowings": -102420000, "otherCashflowsFromFinancingActivities": -161530000, "totalCashFromFinancingActivities": -294970000, "changeInCash": 206160000, "issuanceOfStock": 100000}, {"maxAge": 1, "endDate": "2017-03-31", "netIncome": 305860000, "depreciation": 109190000, "changeToNetincome": 255480000, "changeToAccountReceivables": -300220000, "changeToLiabilities": 128050000, "changeToInventory": 1430000, "changeToOperatingActivities": -31540000, "totalCashFromOperatingActivities": 468250000, "capitalExpenditures": -408980000, "otherCashflowsFromInvestingActivities": 176970000, "totalCashflowsFromInvestingActivities": -230320000, "dividendsPaid": -54190000, "netBorrowings": -171420000, "otherCashflowsFromFinancingActivities": -228330000, "totalCashFromFinancingActivities": -453940000, "changeInCash": -216010000, "issuanceOfStock": 100000}], "maxAge": 86400}, "institutionOwnership": {"maxAge": 1, "ownershipList": []}, "majorHoldersBreakdown": {"maxAge": 1, "insidersPercentHeld": 0.70787, "institutionsPercentHeld": 0.097950004, "institutionsFloatPercentHeld": 0.33528998, "institutionsCount": 4}, "balanceSheetHistoryQuarterly": {"balanceSheetStatements": [{"maxAge": 1, "endDate": "2020-12-31"}, {"maxAge": 1, "endDate": "2019-12-31"}, {"maxAge": 1, "endDate": "2018-06-30", "cash": 127290000, "shortTermInvestments": 116530000, "netReceivables": 859340000, "inventory": 230000, "otherCurrentAssets": 74840000, "totalCurrentAssets": 1194200000, "propertyPlantEquipment": 462130000, "intangibleAssets": 1008220000, "otherAssets": 1738310000, "deferredLongTermAssetCharges": 32340000, "totalAssets": 4402860000, "accountsPayable": 318150000, "shortLongTermDebt": 427570000, "otherCurrentLiab": 267560000, "longTermDebt": 818120000, "otherLiab": 394730000, "minorityInterest": 462930000, "totalCurrentLiabilities": 1515860000, "totalLiab": 2728710000, "commonStock": 13080000, "retainedEarnings": -152890000, "treasuryStock": 1351030000, "otherStockholderEquity": 1351030000, "totalStockholderEquity": 1211220000, "netTangibleAssets": 203000000}], "maxAge": 86400}, "indexTrend": {"maxAge": 1, "symbol": "SP5", "peRatio": 19.7411, "pegRatio": 1.34172, "estimates": [{"period": "0q", "growth": 0.549}, {"period": "+1q", "growth": 0.431}, {"period": "0y", "growth": 0.305}, {"period": "+1y", "growth": 0.109}, {"period": "+5y", "growth": 0.120865}, {"period": "-5y"}]}, "defaultKeyStatistics": {"maxAge": 1, "priceHint": 2, "enterpriseValue": 7616250880, "profitMargins": 0.09032, "floatShares": 1967157, "sharesOutstanding": 28287200, "heldPercentInsiders": 0.70787, "heldPercentInstitutions": 0.097950004, "category": null, "bookValue": 82.255, "priceToBook": 3.6064677, "fundFamily": null, "legalType": null, "lastFiscalYearEnd": "2020-03-31 05:30:00", "nextFiscalYearEnd": "2022-03-31 05:30:00", "mostRecentQuarter": "2020-12-31 05:30:00", "earningsQuarterlyGrowth": 0.93, "netIncomeToCommon": 405600992, "trailingEps": 16.985, "lastSplitFactor": null, "enterpriseToRevenue": 1.696, "enterpriseToEbitda": 6.692, "52WeekChange": -0.27175647, "SandP52WeekChange": 0.48148263}, "summaryProfile": {"address1": "Dev Corpora Building", "address2": "1402 and 1404, 14th Floor Opp. Cadbury Company Eastern Express Highway", "city": "Thane", "zip": "400601", "country": "India", "website": "http://www.antony-waste.com", "industry": "Waste Management", "sector": "Industrials", "longBusinessSummary": "Antony Waste Handling Cell Limited engages in municipal solid waste (MSW) management business in India. It provides MSW services, including solid waste collection, transportation, processing, and disposal services primarily to municipalities. The company is also involved in the landfill construction and management sector; and waste management area. Antony Waste Handling Cell Limited was incorporated in 2001 and is based in Thane, India.", "companyOfficers": [], "maxAge": 86400}, "netSharePurchaseActivity": {"maxAge": 1, "period": "6m", "buyInfoCount": 0, "buyInfoShares": 0, "sellInfoCount": 0, "netInfoCount": 0, "netInfoShares": 0, "netPercentInsiderShares": 0.0, "totalInsiderShares": 18173996}, "quoteType": {"exchange": "NSI", "quoteType": "EQUITY", "symbol": "AWHCL.NS", "underlyingSymbol": "AWHCL.NS", "shortName": "Antony Waste Hdg Cell Ltd", "longName": "Antony Waste Handling Cell Limited", "firstTradeDateEpochUtc": "2021-01-01 09:15:00", "timeZoneFullName": "Asia/Kolkata", "timeZoneShortName": "IST", "uuid": "7f8b6837-6dbc-3265-a965-d199042d225d", "messageBoardId": "finmb_575967774", "gmtOffSetMilliseconds": 19800000, "maxAge": 1}, "incomeStatementHistory": {"incomeStatementHistory": [{"maxAge": 1, "endDate": "2020-03-31", "totalRevenue": 4505100000, "costOfRevenue": 1791500000, "grossProfit": 2713600000, "researchDevelopment": {}, "sellingGeneralAdministrative": 630090000, "nonRecurring": {}, "otherOperatingExpenses": 827920000, "totalOperatingExpenses": 3491940000, "operatingIncome": 1013160000, "totalOtherIncomeExpenseNet": -193600000, "ebit": 1013160000, "interestExpense": -280920000, "incomeBeforeTax": 819560000, "incomeTaxExpense": 198800000, "minorityInterest": 761160000, "netIncomeFromContinuingOps": 620760000, "discontinuedOperations": {}, "extraordinaryItems": {}, "effectOfAccountingCharges": {}, "otherItems": {}, "netIncome": 422830000, "netIncomeApplicableToCommonShares": 422830000}, {"maxAge": 1, "endDate": "2019-03-31", "totalRevenue": 2836890000, "costOfRevenue": 1196680000, "grossProfit": 1640210000, "researchDevelopment": {}, "sellingGeneralAdministrative": 334900000, "nonRecurring": {}, "otherOperatingExpenses": 543250000, "totalOperatingExpenses": 2248160000, "operatingIncome": 588730000, "totalOtherIncomeExpenseNet": -111930000, "ebit": 588730000, "interestExpense": -228760000, "incomeBeforeTax": 476800000, "incomeTaxExpense": 129980000, "minorityInterest": 563280000, "netIncomeFromContinuingOps": 346820000, "discontinuedOperations": {}, "extraordinaryItems": {}, "effectOfAccountingCharges": {}, "otherItems": {}, "netIncome": 274200000, "netIncomeApplicableToCommonShares": 274200000}, {"maxAge": 1, "endDate": "2018-03-31", "totalRevenue": 2761360000, "costOfRevenue": 1258950000, "grossProfit": 1502410000, "researchDevelopment": {}, "sellingGeneralAdministrative": 382430000, "nonRecurring": {}, "otherOperatingExpenses": 418910000, "totalOperatingExpenses": 2184580000, "operatingIncome": 576780000, "totalOtherIncomeExpenseNet": -88910000, "ebit": 576780000, "interestExpense": -204710000, "incomeBeforeTax": 487870000, "incomeTaxExpense": 89030000, "minorityInterest": 490590000, "netIncomeFromContinuingOps": 398840000, "discontinuedOperations": {}, "extraordinaryItems": {}, "effectOfAccountingCharges": {}, "otherItems": {}, "netIncome": 294070000, "netIncomeApplicableToCommonShares": 294070000}, {"maxAge": 1, "endDate": "2017-03-31", "totalRevenue": 2750180000, "costOfRevenue": 1471730000, "grossProfit": 1278450000, "researchDevelopment": {}, "sellingGeneralAdministrative": 349430000, "nonRecurring": {}, "otherOperatingExpenses": 275620000, "totalOperatingExpenses": 2205970000, "operatingIncome": 544210000, "totalOtherIncomeExpenseNet": -125600000, "ebit": 544210000, "interestExpense": -212490000, "incomeBeforeTax": 418610000, "incomeTaxExpense": 30950000, "minorityInterest": 395580000, "netIncomeFromContinuingOps": 387660000, "discontinuedOperations": {}, "extraordinaryItems": {}, "effectOfAccountingCharges": {}, "otherItems": {}, "netIncome": 305860000, "netIncomeApplicableToCommonShares": 305860000}], "maxAge": 86400}, "fundOwnership": {"maxAge": 1, "ownershipList": []}, "summaryDetail": {"maxAge": 1, "priceHint": 2, "previousClose": 299.9, "open": 296.0, "dayLow": 294.0, "dayHigh": 302.3, "regularMarketPreviousClose": 299.9, "regularMarketOpen": 296.0, "regularMarketDayLow": 294.0, "regularMarketDayHigh": 302.3, "payoutRatio": 0.0, "trailingPE": 17.46541, "volume": 79930, "regularMarketVolume": 79930, "averageVolume": 137030, "averageVolume10days": 164092, "averageDailyVolume10Day": 164092, "bid": 0.0, "ask": 0.0, "marketCap": 8394186240, "fiftyTwoWeekLow": 241.0, "fiftyTwoWeekHigh": 489.9, "priceToSalesTrailing12Months": 1.8692847, "fiftyDayAverage": 268.13284, "twoHundredDayAverage": 299.2788, "currency": "INR", "fromCurrency": null, "toCurrency": null, "lastMarket": null, "algorithm": null, "tradeable": false}, "incomeStatementHistoryQuarterly": {"incomeStatementHistory": [{"maxAge": 1, "endDate": "2020-12-31", "totalRevenue": 1234816000, "costOfRevenue": 427857000, "grossProfit": 806959000, "researchDevelopment": {}, "sellingGeneralAdministrative": {}, "nonRecurring": {}, "otherOperatingExpenses": 480595000, "totalOperatingExpenses": 987054000, "operatingIncome": 247762000, "totalOtherIncomeExpenseNet": -30705000, "ebit": 247762000, "interestExpense": -68927000, "incomeBeforeTax": 217057000, "incomeTaxExpense": 22740000, "minorityInterest": {}, "netIncomeFromContinuingOps": 194317000, "discontinuedOperations": {}, "extraordinaryItems": {}, "effectOfAccountingCharges": {}, "otherItems": {}, "netIncome": 136330000, "netIncomeApplicableToCommonShares": 136330000}, {"maxAge": 1, "endDate": "2019-12-31", "totalRevenue": 1137173000, "costOfRevenue": 375167000, "grossProfit": 762006000, "researchDevelopment": {}, "sellingGeneralAdministrative": {}, "nonRecurring": {}, "otherOperatingExpenses": 488557000, "totalOperatingExpenses": 926955000, "operatingIncome": 210218000, "totalOtherIncomeExpenseNet": -44878000, "ebit": 210218000, "interestExpense": -78921000, "incomeBeforeTax": 165340000, "incomeTaxExpense": 54612000, "minorityInterest": {}, "netIncomeFromContinuingOps": 110728000, "discontinuedOperations": {}, "extraordinaryItems": {}, "effectOfAccountingCharges": {}, "otherItems": {}, "netIncome": 70638000, "netIncomeApplicableToCommonShares": 70638000}, {"maxAge": 1, "endDate": "2018-06-30", "totalRevenue": 685660000, "costOfRevenue": 317080000, "grossProfit": 368580000, "researchDevelopment": {}, "sellingGeneralAdministrative": 64140000, "nonRecurring": {}, "otherOperatingExpenses": 90140000, "totalOperatingExpenses": 555620000, "operatingIncome": 130040000, "totalOtherIncomeExpenseNet": -26370000, "ebit": 130040000, "interestExpense": -42990000, "incomeBeforeTax": 103670000, "incomeTaxExpense": 164110000, "minorityInterest": 462930000, "netIncomeFromContinuingOps": -60440000, "discontinuedOperations": {}, "extraordinaryItems": {}, "effectOfAccountingCharges": {}, "otherItems": {}, "netIncome": -29670000, "netIncomeApplicableToCommonShares": -29670000}], "maxAge": 86400}, "cashflowStatementHistoryQuarterly": {"cashflowStatements": [{"maxAge": 1, "endDate": "2020-12-31", "netIncome": 136330000, "changeToLiabilities": 0}, {"maxAge": 1, "endDate": "2019-12-31", "netIncome": 70638000, "changeToLiabilities": 0}, {"maxAge": 1, "endDate": "2018-06-30", "netIncome": -29670000, "depreciation": 84260000, "changeToNetincome": 155670000, "changeToAccountReceivables": -156780000, "changeToLiabilities": -9170000, "changeToInventory": 310000, "changeToOperatingActivities": -124990000, "totalCashFromOperatingActivities": -80370000, "capitalExpenditures": -68620000, "otherCashflowsFromInvestingActivities": -18780000, "totalCashflowsFromInvestingActivities": -86050000, "netBorrowings": 25870000, "otherCashflowsFromFinancingActivities": -47930000, "totalCashFromFinancingActivities": -22060000, "changeInCash": -188480000}], "maxAge": 86400}, "insiderHolders": {"holders": [], "maxAge": 1}, "calendarEvents": {"maxAge": 1, "earnings": {"earningsDate": []}}, "price": {"maxAge": 1, "regularMarketChangePercent": -0.010836946, "regularMarketChange": -3.25, "regularMarketTime": "2021-04-30 15:29:57", "priceHint": 2, "regularMarketPrice": 296.65, "regularMarketDayHigh": 302.3, "regularMarketDayLow": 294.0, "regularMarketVolume": 79930, "averageDailyVolume10Day": 164092, "averageDailyVolume3Month": 137030, "regularMarketPreviousClose": 299.9, "regularMarketSource": "FREE_REALTIME", "regularMarketOpen": 296.0, "exchange": "NSI", "exchangeName": "NSE", "exchangeDataDelayedBy": 15, "marketState": "CLOSED", "quoteType": "EQUITY", "symbol": "AWHCL.NS", "underlyingSymbol": null, "shortName": "Antony Waste Hdg Cell Ltd", "longName": "Antony Waste Handling Cell Limited", "currency": "INR", "quoteSourceName": "Delayed Quote", "currencySymbol": "\u20b9", "fromCurrency": null, "toCurrency": null, "lastMarket": null, "marketCap": 8394186240}, "balanceSheetHistory": {"balanceSheetStatements": [{"maxAge": 1, "endDate": "2020-03-31", "cash": 254810000, "shortTermInvestments": 48970000, "netReceivables": 1637860000, "inventory": 980000, "otherCurrentAssets": 144000000, "totalCurrentAssets": 2097240000, "longTermInvestments": 10560000, "propertyPlantEquipment": 1406680000, "intangibleAssets": 1326750000, "otherAssets": 1879800000, "deferredLongTermAssetCharges": 86200000, "totalAssets": 6721030000, "accountsPayable": 540980000, "shortLongTermDebt": 338060000, "otherCurrentLiab": 120670000, "longTermDebt": 1451270000, "otherLiab": 568530000, "minorityInterest": 761160000, "totalCurrentLiabilities": 1804850000, "totalLiab": 3855060000, "commonStock": 127940000, "retainedEarnings": 518520000, "treasuryStock": 171080000, "capitalSurplus": 1287270000, "otherStockholderEquity": 171080000, "totalStockholderEquity": 2104810000, "netTangibleAssets": 778060000}, {"maxAge": 1, "endDate": "2019-03-31", "cash": 195700000, "shortTermInvestments": 5890000, "netReceivables": 812320000, "inventory": 900000, "otherCurrentAssets": 84060000, "totalCurrentAssets": 1116860000, "longTermInvestments": 10560000, "propertyPlantEquipment": 757050000, "intangibleAssets": 1131920000, "otherAssets": 2109990000, "deferredLongTermAssetCharges": 91870000, "totalAssets": 5126380000, "accountsPayable": 362030000, "shortLongTermDebt": 306850000, "otherCurrentLiab": 344650000, "longTermDebt": 1055130000, "otherLiab": 418640000, "minorityInterest": 563280000, "totalCurrentLiabilities": 1563870000, "totalLiab": 3059580000, "commonStock": 71510000, "retainedEarnings": 107310000, "treasuryStock": 1218990000, "capitalSurplus": 105710000, "otherStockholderEquity": 1218990000, "totalStockholderEquity": 1503520000, "netTangibleAssets": 371600000}, {"maxAge": 1, "endDate": "2018-03-31", "cash": 314930000, "shortTermInvestments": 3100000, "netReceivables": 719900000, "inventory": 540000, "otherCurrentAssets": 67300000, "totalCurrentAssets": 1133900000, "longTermInvestments": 10560000, "propertyPlantEquipment": 414700000, "intangibleAssets": 1055850000, "otherAssets": 1665690000, "deferredLongTermAssetCharges": 63580000, "totalAssets": 4280700000, "accountsPayable": 316030000, "shortLongTermDebt": 216900000, "otherCurrentLiab": 418500000, "longTermDebt": 806020000, "otherLiab": 297160000, "minorityInterest": 490590000, "totalCurrentLiabilities": 1465790000, "totalLiab": 2588950000, "commonStock": 13080000, "retainedEarnings": -155980000, "treasuryStock": 1344060000, "otherStockholderEquity": 1344060000, "totalStockholderEquity": 1201160000, "netTangibleAssets": 145310000}, {"maxAge": 1, "endDate": "2017-03-31", "cash": 108770000, "shortTermInvestments": 5980000, "netReceivables": 448220000, "inventory": 280000, "otherCurrentAssets": 80800000, "totalCurrentAssets": 670720000, "propertyPlantEquipment": 511710000, "intangibleAssets": 926760000, "otherAssets": 1538840000, "deferredLongTermAssetCharges": 40140000, "totalAssets": 3648030000, "accountsPayable": 160340000, "shortLongTermDebt": 208160000, "otherCurrentLiab": 137200000, "longTermDebt": 1063080000, "otherLiab": 240540000, "minorityInterest": 395580000, "totalCurrentLiabilities": 1035120000, "totalLiab": 2338740000, "commonStock": 13080000, "retainedEarnings": -443430000, "treasuryStock": 1344060000, "otherStockholderEquity": 1344060000, "totalStockholderEquity": 913710000, "netTangibleAssets": -13050000}], "maxAge": 86400}, "financialData": {"maxAge": 86400, "currentPrice": 296.65, "recommendationKey": "none", "ebitda": 1138050560, "totalRevenue": 4490587136, "revenuePerShare": 188.048, "grossProfits": 2713600000, "earningsGrowth": 0.77, "revenueGrowth": 0.086, "grossMargins": 0.56933, "ebitdaMargins": 0.25343, "operatingMargins": 0.19051, "profitMargins": 0.09032, "financialCurrency": "INR"}}}