{"AXISCADES.BO": {"recommendationTrend": {"trend": [{"period": "0m", "strongBuy": 0, "buy": 0, "hold": 0, "sell": 0, "strongSell": 0}, {"period": "-1m", "strongBuy": 0, "buy": 0, "hold": 0, "sell": 0, "strongSell": 0}, {"period": "-2m", "strongBuy": 0, "buy": 0, "hold": 0, "sell": 0, "strongSell": 0}, {"period": "-3m", "strongBuy": 0, "buy": 0, "hold": 0, "sell": 0, "strongSell": 0}], "maxAge": 86400}, "cashflowStatementHistory": {"cashflowStatements": [{"maxAge": 1, "endDate": "2020-03-31", "netIncome": 297541000, "depreciation": 256577000, "changeToNetincome": 295635000, "changeToAccountReceivables": -142283000, "changeToLiabilities": 235400000, "changeToInventory": -6406000, "changeToOperatingActivities": -318031000, "totalCashFromOperatingActivities": 648865000, "capitalExpenditures": -64362000, "investments": -33177000, "otherCashflowsFromInvestingActivities": 65148000, "totalCashflowsFromInvestingActivities": -29256000, "netBorrowings": -339123000, "otherCashflowsFromFinancingActivities": -145483000, "totalCashFromFinancingActivities": -484606000, "effectOfExchangeRate": 6983000, "changeInCash": 141986000}, {"maxAge": 1, "endDate": "2019-03-31", "netIncome": -81330000, "depreciation": 163978000, "changeToNetincome": 157887000, "changeToAccountReceivables": -20210000, "changeToLiabilities": 92386000, "changeToInventory": 72816000, "changeToOperatingActivities": -47721000, "totalCashFromOperatingActivities": 371309000, "capitalExpenditures": -145902000, "investments": -78373000, "otherCashflowsFromInvestingActivities": 19153000, "totalCashflowsFromInvestingActivities": -134614000, "netBorrowings": 73102000, "otherCashflowsFromFinancingActivities": -138337000, "totalCashFromFinancingActivities": -65235000, "effectOfExchangeRate": 1990000, "changeInCash": 173450000}, {"maxAge": 1, "endDate": "2018-03-31", "netIncome": -82498000, "depreciation": 161053000, "changeToNetincome": 64376000, "changeToAccountReceivables": -527021000, "changeToLiabilities": 50681000, "changeToInventory": -110123000, "changeToOperatingActivities": 37349000, "totalCashFromOperatingActivities": -379603000, "capitalExpenditures": -167587000, "investments": -40803000, "otherCashflowsFromInvestingActivities": 89535000, "totalCashflowsFromInvestingActivities": -435774000, "netBorrowings": 554355000, "otherCashflowsFromFinancingActivities": -83079000, "totalCashFromFinancingActivities": 471276000, "effectOfExchangeRate": 3268000, "changeInCash": -228658000}, {"maxAge": 1, "endDate": "2017-03-31", "netIncome": 141166000, "depreciation": 100538000, "changeToNetincome": -96298000, "changeToAccountReceivables": 161688000, "changeToLiabilities": -619478000, "changeToInventory": 10553000, "changeToOperatingActivities": 366513000, "totalCashFromOperatingActivities": 86162000, "capitalExpenditures": -287316000, "investments": 276914000, "otherCashflowsFromInvestingActivities": 23412000, "totalCashflowsFromInvestingActivities": 13126000, "netBorrowings": 86424000, "otherCashflowsFromFinancingActivities": -63341000, "totalCashFromFinancingActivities": 23083000, "effectOfExchangeRate": -5161000, "changeInCash": 118880000}], "maxAge": 86400}, "institutionOwnership": {"maxAge": 1, "ownershipList": []}, "balanceSheetHistoryQuarterly": {"balanceSheetStatements": [{"maxAge": 1, "endDate": "2020-06-30", "totalStockholderEquity": 3151297000, "netTangibleAssets": 1073478000}, {"maxAge": 1, "endDate": "2020-03-31", "cash": 447769000, "shortTermInvestments": 1154000, "netReceivables": 2625635000, "inventory": 196143000, "otherCurrentAssets": 411013000, "totalCurrentAssets": 4033946000, "longTermInvestments": 31479000, "propertyPlantEquipment": 1475838000, "goodWill": 1677836000, "intangibleAssets": 399983000, "otherAssets": 966634000, "deferredLongTermAssetCharges": 301224000, "totalAssets": 8585716000, "accountsPayable": 498161000, "shortLongTermDebt": 220465000, "otherCurrentLiab": 2042636000, "longTermDebt": 389307000, "otherLiab": 733398000, "minorityInterest": 44433000, "totalCurrentLiabilities": 4092305000, "totalLiab": 5389986000, "commonStock": 188798000, "retainedEarnings": 1357174000, "treasuryStock": 586834000, "capitalSurplus": 1018491000, "otherStockholderEquity": 586834000, "totalStockholderEquity": 3151297000, "netTangibleAssets": 1073478000}, {"maxAge": 1, "endDate": "2019-12-31", "totalStockholderEquity": 2891291000, "netTangibleAssets": 798348000}, {"maxAge": 1, "endDate": "2019-09-30", "cash": 473186000, "shortTermInvestments": 711947000, "netReceivables": 1380368000, "inventory": 183357000, "otherCurrentAssets": 557078000, "totalCurrentAssets": 3305936000, "longTermInvestments": 97134000, "propertyPlantEquipment": 1576353000, "goodWill": 1663267000, "intangibleAssets": 429676000, "otherAssets": 900577000, "deferredLongTermAssetCharges": 258168000, "totalAssets": 7972943000, "accountsPayable": 403723000, "otherCurrentLiab": 2002537000, "longTermDebt": 399110000, "otherLiab": 1138695000, "minorityInterest": 41761000, "totalCurrentLiabilities": 3295469000, "totalLiab": 5039891000, "commonStock": 188951000, "treasuryStock": 2702340000, "otherStockholderEquity": 2702340000, "totalStockholderEquity": 2891291000, "netTangibleAssets": 798348000}], "maxAge": 86400}, "earningsHistory": {"history": [{"maxAge": 1, "epsActual": {}, "epsEstimate": {}, "epsDifference": {}, "surprisePercent": {}, "quarter": {}, "period": "-4q"}, {"maxAge": 1, "epsActual": {}, "epsEstimate": {}, "epsDifference": {}, "surprisePercent": {}, "quarter": {}, "period": "-3q"}, {"maxAge": 1, "epsActual": {}, "epsEstimate": {}, "epsDifference": {}, "surprisePercent": {}, "quarter": {}, "period": "-2q"}, {"maxAge": 1, "epsActual": {}, "epsEstimate": {}, "epsDifference": {}, "surprisePercent": {}, "quarter": {}, "period": "-1q"}], "maxAge": 86400}, "indexTrend": {"maxAge": 1, "symbol": "SP5", "peRatio": 19.7411, "pegRatio": 1.34172, "estimates": [{"period": "0q", "growth": 0.549}, {"period": "+1q", "growth": 0.431}, {"period": "0y", "growth": 0.305}, {"period": "+1y", "growth": 0.109}, {"period": "+5y", "growth": 0.120865}, {"period": "-5y"}]}, "industryTrend": {"maxAge": 1, "symbol": null, "estimates": []}, "insiderTransactions": {"transactions": [{"maxAge": 1, "shares": 10000, "filerUrl": "", "transactionText": "", "filerName": "Jupiter Capital Pvt Ltd", "filerRelation": "Promoter", "moneyText": "", "startDate": "2020-03-19", "ownership": "D"}, {"maxAge": 1, "shares": 60000, "filerUrl": "", "transactionText": "", "filerName": "Jupiter Capital Pvt Ltd", "filerRelation": "Promoter", "moneyText": "", "startDate": "2020-03-16", "ownership": "D"}, {"maxAge": 1, "shares": 20000, "filerUrl": "", "transactionText": "", "filerName": "Jupiter Capital Pvt Ltd", "filerRelation": "Promoter", "moneyText": "", "startDate": "2019-12-12", "ownership": "D"}, {"maxAge": 1, "shares": 40000, "filerUrl": "", "transactionText": "", "filerName": "Jupiter Capital Pvt Ltd", "filerRelation": "Promoter", "moneyText": "", "startDate": "2019-11-15", "ownership": "D"}, {"maxAge": 1, "shares": 23853, "filerUrl": "", "transactionText": "", "filerName": "Jupiter Capital Pvt Ltd", "filerRelation": "Promoter", "moneyText": "", "startDate": "2019-09-30", "ownership": "D"}, {"maxAge": 1, "shares": 10754, "filerUrl": "", "transactionText": "", "filerName": "Jupiter Capital Pvt Ltd", "filerRelation": "Promoter", "moneyText": "", "startDate": "2019-09-27", "ownership": "D"}, {"maxAge": 1, "shares": 10500, "filerUrl": "", "transactionText": "", "filerName": "Jupiter Capital Pvt Ltd", "filerRelation": "Promoter", "moneyText": "", "startDate": "2019-09-24", "ownership": "D"}, {"maxAge": 1, "shares": 18168, "filerUrl": "", "transactionText": "", "filerName": "Jupiter Capital Pvt Ltd", "filerRelation": "Promoter", "moneyText": "", "startDate": "2019-09-19", "ownership": "D"}, {"maxAge": 1, "shares": 37000, "filerUrl": "", "transactionText": "", "filerName": "Jupiter Capital Pvt Ltd", "filerRelation": "Promoter", "moneyText": "", "startDate": "2019-09-11", "ownership": "D"}, {"maxAge": 1, "shares": 62735, "filerUrl": "", "transactionText": "", "filerName": "Jupiter Capital Pvt Ltd", "filerRelation": "Promoter", "moneyText": "", "startDate": "2019-09-06", "ownership": "D"}, {"maxAge": 1, "shares": 35000, "filerUrl": "", "transactionText": "", "filerName": "Jupiter Capital Pvt Ltd", "filerRelation": "Promoter", "moneyText": "", "startDate": "2019-09-03", "ownership": "D"}, {"maxAge": 1, "shares": 18000, "filerUrl": "", "transactionText": "", "filerName": "Jupiter Capital Pvt Ltd", "filerRelation": "Promoter", "moneyText": "", "startDate": "2019-08-30", "ownership": "D"}, {"maxAge": 1, "shares": 45500, "filerUrl": "", "transactionText": "", "filerName": "Jupiter Capital Pvt Ltd", "filerRelation": "Promoter", "moneyText": "", "startDate": "2019-08-29", "ownership": "D"}, {"maxAge": 1, "shares": 66500, "filerUrl": "", "transactionText": "", "filerName": "Jupiter Capital Pvt Ltd", "filerRelation": "Promoter", "moneyText": "", "startDate": "2019-08-27", "ownership": "D"}, {"maxAge": 1, "shares": 12174464, "filerUrl": "", "transactionText": "", "filerName": "Jupiter Capital Pvt Ltd", "filerRelation": "Promoter", "moneyText": "", "startDate": "2019-08-23", "ownership": "D"}, {"maxAge": 1, "shares": 7000, "filerUrl": "", "transactionText": "", "filerName": "Sarkar (Kaushik)", "filerRelation": "Director (Executive)", "moneyText": "", "startDate": "2019-02-26", "ownership": "D"}, {"maxAge": 1, "shares": 3032, "filerUrl": "", "transactionText": "", "filerName": "Sarkar (Kaushik)", "filerRelation": "Director (Executive)", "moneyText": "", "startDate": "2019-02-25", "ownership": "D"}, {"maxAge": 1, "shares": 1624, "filerUrl": "", "transactionText": "", "filerName": "Sarkar (Kaushik)", "filerRelation": "Director (Executive)", "moneyText": "", "startDate": "2019-02-21", "ownership": "D"}, {"maxAge": 1, "shares": 2067, "filerUrl": "", "transactionText": "", "filerName": "Sarkar (Kaushik)", "filerRelation": "Director (Executive)", "moneyText": "", "startDate": "2019-02-21", "ownership": "D"}, {"maxAge": 1, "shares": 5208, "filerUrl": "", "transactionText": "", "filerName": "Sarkar (Kaushik)", "filerRelation": "Director (Executive)", "moneyText": "", "startDate": "2019-02-20", "ownership": "D"}, {"maxAge": 1, "shares": 116, "filerUrl": "", "transactionText": "", "filerName": "Sarkar (Kaushik)", "filerRelation": "Director (Executive)", "moneyText": "", "startDate": "2019-02-20", "ownership": "D"}, {"maxAge": 1, "shares": 9719, "filerUrl": "", "transactionText": "", "filerName": "Sarkar (Kaushik)", "filerRelation": "Director (Executive)", "moneyText": "", "startDate": "2019-02-15", "ownership": "D"}, {"maxAge": 1, "shares": 3000, "filerUrl": "", "transactionText": "", "filerName": "Sarkar (Kaushik)", "filerRelation": "Director (Executive)", "moneyText": "", "startDate": "2019-02-15", "ownership": "D"}, {"maxAge": 1, "shares": 7740, "filerUrl": "", "transactionText": "", "filerName": "Sarkar (Kaushik)", "filerRelation": "Director (Executive)", "moneyText": "", "startDate": "2019-02-14", "ownership": "D"}, {"maxAge": 1, "shares": 8000, "filerUrl": "", "transactionText": "", "filerName": "Sarkar (Kaushik)", "filerRelation": "Director (Executive)", "moneyText": "", "startDate": "2019-02-13", "ownership": "D"}, {"maxAge": 1, "shares": 9000, "filerUrl": "", "transactionText": "", "filerName": "Sarkar (Kaushik)", "filerRelation": "Director (Executive)", "moneyText": "", "startDate": "2019-02-12", "ownership": "D"}, {"maxAge": 1, "shares": 6000, "filerUrl": "", "transactionText": "", "filerName": "Sarkar (Kaushik)", "filerRelation": "Director (Executive)", "moneyText": "", "startDate": "2019-02-11", "ownership": "D"}], "maxAge": 1}, "quoteType": {"exchange": "BSE", "quoteType": "EQUITY", "symbol": "AXISCADES.BO", "underlyingSymbol": "AXISCADES.BO", "shortName": "AXISCADES TECHNOLOGIES LIMITED", "longName": "AXISCADES Engineering Technologies Limited", "firstTradeDateEpochUtc": "2001-12-31 09:15:00", "timeZoneFullName": "Asia/Kolkata", "timeZoneShortName": "IST", "uuid": "b8954624-dd99-311e-81ed-3e1aee9a5f13", "messageBoardId": null, "gmtOffSetMilliseconds": 19800000, "maxAge": 1}, "incomeStatementHistory": {"incomeStatementHistory": [{"maxAge": 1, "endDate": "2020-03-31", "totalRevenue": 6728638000, "costOfRevenue": 4718803000, "grossProfit": 2009835000, "researchDevelopment": {}, "sellingGeneralAdministrative": 121947000, "nonRecurring": {}, "otherOperatingExpenses": 925226000, "totalOperatingExpenses": 6054324000, "operatingIncome": 674314000, "totalOtherIncomeExpenseNet": -290460000, "ebit": 674314000, "interestExpense": -182454000, "incomeBeforeTax": 383854000, "incomeTaxExpense": 80903000, "minorityInterest": 44433000, "netIncomeFromContinuingOps": 302951000, "discontinuedOperations": {}, "extraordinaryItems": {}, "effectOfAccountingCharges": {}, "otherItems": {}, "netIncome": 297541000, "netIncomeApplicableToCommonShares": 297541000}, {"maxAge": 1, "endDate": "2019-03-31", "totalRevenue": 6077430000, "costOfRevenue": 4547886000, "grossProfit": 1529544000, "researchDevelopment": {}, "sellingGeneralAdministrative": 288915000, "nonRecurring": {}, "otherOperatingExpenses": 1037267000, "totalOperatingExpenses": 6090120000, "operatingIncome": -12690000, "totalOtherIncomeExpenseNet": -71246000, "ebit": -12690000, "interestExpense": -125944000, "incomeBeforeTax": -83936000, "incomeTaxExpense": -7189000, "minorityInterest": 39023000, "netIncomeFromContinuingOps": -76747000, "discontinuedOperations": {}, "extraordinaryItems": {}, "effectOfAccountingCharges": {}, "otherItems": {}, "netIncome": -81330000, "netIncomeApplicableToCommonShares": -81330000}, {"maxAge": 1, "endDate": "2018-03-31", "totalRevenue": 5191567000, "costOfRevenue": 3981454000, "grossProfit": 1210113000, "researchDevelopment": {}, "sellingGeneralAdministrative": 261385000, "nonRecurring": {}, "otherOperatingExpenses": 708898000, "totalOperatingExpenses": 5144306000, "operatingIncome": 47261000, "totalOtherIncomeExpenseNet": -75103000, "ebit": 47261000, "interestExpense": -85128000, "incomeBeforeTax": -27842000, "incomeTaxExpense": 50278000, "minorityInterest": 34441000, "netIncomeFromContinuingOps": -78120000, "discontinuedOperations": {}, "extraordinaryItems": {}, "effectOfAccountingCharges": {}, "otherItems": {}, "netIncome": -82498000, "netIncomeApplicableToCommonShares": -82498000}, {"maxAge": 1, "endDate": "2017-03-31", "totalRevenue": 4867675000, "costOfRevenue": 3623708000, "grossProfit": 1243967000, "researchDevelopment": {}, "sellingGeneralAdministrative": 248123000, "nonRecurring": {}, "otherOperatingExpenses": 524741000, "totalOperatingExpenses": 4518759000, "operatingIncome": 348916000, "totalOtherIncomeExpenseNet": -60600000, "ebit": 348916000, "interestExpense": -79365000, "incomeBeforeTax": 288316000, "incomeTaxExpense": 142823000, "minorityInterest": 30063000, "netIncomeFromContinuingOps": 145493000, "discontinuedOperations": {}, "extraordinaryItems": {}, "effectOfAccountingCharges": {}, "otherItems": {}, "netIncome": 141166000, "netIncomeApplicableToCommonShares": 141166000}], "maxAge": 86400}, "fundOwnership": {"maxAge": 1, "ownershipList": []}, "summaryDetail": {"maxAge": 1, "priceHint": 2, "previousClose": 60.95, "open": 60.05, "dayLow": 59.1, "dayHigh": 63.75, "regularMarketPreviousClose": 60.95, "regularMarketOpen": 60.05, "regularMarketDayLow": 59.1, "regularMarketDayHigh": 63.75, "trailingPE": 8.37148, "volume": 22732, "regularMarketVolume": 22732, "averageVolume": 16396, "averageVolume10days": 9447, "averageDailyVolume10Day": 9447, "bid": 59.55, "ask": 61.25, "bidSize": 0, "askSize": 0, "marketCap": 2278785792, "fiftyTwoWeekLow": 26.7, "fiftyTwoWeekHigh": 73.5, "fiftyDayAverage": 53.144287, "twoHundredDayAverage": 53.498905, "currency": "INR", "fromCurrency": null, "toCurrency": null, "lastMarket": null, "algorithm": null, "tradeable": false}, "sectorTrend": {"maxAge": 1, "symbol": null, "estimates": []}, "incomeStatementHistoryQuarterly": {"incomeStatementHistory": [{"maxAge": 1, "endDate": "2020-06-30", "totalRevenue": 1063343000, "costOfRevenue": 749659000, "grossProfit": 313684000, "researchDevelopment": {}, "sellingGeneralAdministrative": {}, "nonRecurring": {}, "otherOperatingExpenses": 227588000, "totalOperatingExpenses": 1044695000, "operatingIncome": 18648000, "totalOtherIncomeExpenseNet": -20852000, "ebit": 18648000, "interestExpense": -65973000, "incomeBeforeTax": -2204000, "incomeTaxExpense": 6283000, "minorityInterest": {}, "netIncomeFromContinuingOps": -8487000, "discontinuedOperations": {}, "extraordinaryItems": {}, "effectOfAccountingCharges": {}, "otherItems": {}, "netIncome": -9741000, "netIncomeApplicableToCommonShares": -9741000}, {"maxAge": 1, "endDate": "2020-03-31", "totalRevenue": 1923805000, "costOfRevenue": 1184254000, "grossProfit": 739551000, "researchDevelopment": {}, "sellingGeneralAdministrative": 121947000, "nonRecurring": {}, "otherOperatingExpenses": 239250000, "totalOperatingExpenses": 1623265000, "operatingIncome": 300540000, "totalOtherIncomeExpenseNet": -135316000, "ebit": 300540000, "interestExpense": -65973000, "incomeBeforeTax": 165224000, "incomeTaxExpense": 1514000, "minorityInterest": 44433000, "netIncomeFromContinuingOps": 163710000, "discontinuedOperations": {}, "extraordinaryItems": {}, "effectOfAccountingCharges": {}, "otherItems": {}, "netIncome": 162432000, "netIncomeApplicableToCommonShares": 162432000}, {"maxAge": 1, "endDate": "2019-12-31", "totalRevenue": 1682858000, "costOfRevenue": 1218166000, "grossProfit": 464692000, "researchDevelopment": {}, "sellingGeneralAdministrative": 121947000, "nonRecurring": {}, "otherOperatingExpenses": 214973000, "totalOperatingExpenses": 1502757000, "operatingIncome": 180101000, "totalOtherIncomeExpenseNet": -56234000, "ebit": 180101000, "interestExpense": -78619000, "incomeBeforeTax": 123867000, "incomeTaxExpense": 42182000, "minorityInterest": 44433000, "netIncomeFromContinuingOps": 81685000, "discontinuedOperations": {}, "extraordinaryItems": {}, "effectOfAccountingCharges": {}, "otherItems": {}, "netIncome": 80291000, "netIncomeApplicableToCommonShares": 80291000}, {"maxAge": 1, "endDate": "2019-09-30", "totalRevenue": 1578158000, "costOfRevenue": 1169341000, "grossProfit": 408817000, "researchDevelopment": {}, "sellingGeneralAdministrative": 121947000, "nonRecurring": {}, "otherOperatingExpenses": 230090000, "totalOperatingExpenses": 1466213000, "operatingIncome": 111945000, "totalOtherIncomeExpenseNet": -42244000, "ebit": 111945000, "interestExpense": -69784000, "incomeBeforeTax": 69701000, "incomeTaxExpense": 22966000, "minorityInterest": 41761000, "netIncomeFromContinuingOps": 46735000, "discontinuedOperations": {}, "extraordinaryItems": {}, "effectOfAccountingCharges": {}, "otherItems": {}, "netIncome": 45370000, "netIncomeApplicableToCommonShares": 45370000}], "maxAge": 86400}, "cashflowStatementHistoryQuarterly": {"cashflowStatements": [{"maxAge": 1, "endDate": "2020-06-30", "netIncome": -9741000, "changeToLiabilities": 0}, {"maxAge": 1, "endDate": "2020-03-31", "netIncome": 162432000, "changeToLiabilities": 0}, {"maxAge": 1, "endDate": "2019-12-31", "netIncome": 80291000, "changeToLiabilities": 0}, {"maxAge": 1, "endDate": "2019-09-30", "netIncome": 45370000, "changeToLiabilities": 0}], "maxAge": 86400}, "insiderHolders": {"holders": [{"maxAge": 1, "name": "Jupiter Capital Pvt Ltd", "relation": "Promoter", "url": "", "transactionDescription": "Acquisition", "latestTransDate": "2020-03-19", "positionDirect": 19502328, "positionDirectDate": "2020-03-19"}, {"maxAge": 1, "name": "Sarkar (Kaushik)", "relation": "Director (Executive)", "url": "", "transactionDescription": "Acquisition", "latestTransDate": "2019-02-26", "positionDirect": 56506, "positionDirectDate": "2019-02-26"}], "maxAge": 1}, "earnings": {"maxAge": 86400, "earningsChart": {"quarterly": [], "earningsDate": []}, "financialsChart": {"yearly": [{"date": 2017, "revenue": 4867675000, "earnings": 141166000}, {"date": 2018, "revenue": 5191567000, "earnings": -82498000}, {"date": 2019, "revenue": 6077430000, "earnings": -81330000}, {"date": 2020, "revenue": 6728638000, "earnings": 297541000}], "quarterly": [{"date": "3Q2019", "revenue": 1578158000, "earnings": 45370000}, {"date": "4Q2019", "revenue": 1682858000, "earnings": 80291000}, {"date": "1Q2020", "revenue": 1923805000, "earnings": 162432000}, {"date": "2Q2020", "revenue": 1063343000, "earnings": -9741000}]}, "financialCurrency": "INR"}, "calendarEvents": {"maxAge": 1, "earnings": {"earningsDate": []}}, "price": {"maxAge": 1, "regularMarketChangePercent": -0.009844172, "regularMarketChange": -0.6000023, "regularMarketTime": "2021-04-30 15:29:34", "priceHint": 2, "regularMarketPrice": 60.35, "regularMarketDayHigh": 63.75, "regularMarketDayLow": 59.1, "regularMarketVolume": 22732, "averageDailyVolume10Day": 9447, "averageDailyVolume3Month": 16396, "regularMarketPreviousClose": 60.95, "regularMarketSource": "FREE_REALTIME", "regularMarketOpen": 60.05, "exchange": "BSE", "exchangeName": "BSE", "exchangeDataDelayedBy": 0, "marketState": "CLOSED", "quoteType": "EQUITY", "symbol": "AXISCADES.BO", "underlyingSymbol": null, "shortName": "AXISCADES TECHNOLOGIES LIMITED", "longName": "AXISCADES Engineering Technologies Limited", "currency": "INR", "quoteSourceName": "Delayed Quote", "currencySymbol": "\u20b9", "fromCurrency": null, "toCurrency": null, "lastMarket": null, "marketCap": 2278785792}, "balanceSheetHistory": {"balanceSheetStatements": [{"maxAge": 1, "endDate": "2020-03-31", "cash": 447769000, "shortTermInvestments": 1154000, "netReceivables": 2625635000, "inventory": 196143000, "otherCurrentAssets": 411013000, "totalCurrentAssets": 4033946000, "longTermInvestments": 31479000, "propertyPlantEquipment": 1475838000, "goodWill": 1677836000, "intangibleAssets": 399983000, "otherAssets": 966634000, "deferredLongTermAssetCharges": 301224000, "totalAssets": 8585716000, "accountsPayable": 498161000, "shortLongTermDebt": 220465000, "otherCurrentLiab": 2042636000, "longTermDebt": 389307000, "otherLiab": 733398000, "minorityInterest": 44433000, "totalCurrentLiabilities": 4092305000, "totalLiab": 5389986000, "commonStock": 188798000, "retainedEarnings": 1357174000, "treasuryStock": 586834000, "capitalSurplus": 1018491000, "otherStockholderEquity": 586834000, "totalStockholderEquity": 3151297000, "netTangibleAssets": 1073478000}, {"maxAge": 1, "endDate": "2019-03-31", "cash": 305783000, "shortTermInvestments": 2429000, "netReceivables": 2190644000, "inventory": 201701000, "otherCurrentAssets": 384286000, "totalCurrentAssets": 3360464000, "longTermInvestments": 70071000, "propertyPlantEquipment": 1270710000, "goodWill": 1659288000, "intangibleAssets": 467425000, "otherAssets": 881735000, "deferredLongTermAssetCharges": 254957000, "totalAssets": 7709693000, "accountsPayable": 353431000, "shortLongTermDebt": 202290000, "otherCurrentLiab": 1476799000, "longTermDebt": 489609000, "otherLiab": 1084329000, "deferredLongTermLiab": 822000, "minorityInterest": 39023000, "totalCurrentLiabilities": 3250046000, "totalLiab": 4823984000, "commonStock": 188798000, "retainedEarnings": 1074559000, "treasuryStock": 564838000, "capitalSurplus": 1018491000, "otherStockholderEquity": 564838000, "totalStockholderEquity": 2846686000, "netTangibleAssets": 719973000}, {"maxAge": 1, "endDate": "2018-03-31", "cash": 137732000, "shortTermInvestments": 2965000, "netReceivables": 2318929000, "inventory": 301349000, "otherCurrentAssets": 565926000, "totalCurrentAssets": 3457555000, "longTermInvestments": 9000, "propertyPlantEquipment": 1244984000, "goodWill": 1647425000, "intangibleAssets": 550128000, "otherAssets": 675490000, "deferredLongTermAssetCharges": 161533000, "totalAssets": 7575591000, "accountsPayable": 500393000, "otherCurrentLiab": 1291199000, "longTermDebt": 726363000, "otherLiab": 1141204000, "deferredLongTermLiab": 1928000, "minorityInterest": 34441000, "totalCurrentLiabilities": 2756360000, "totalLiab": 4623927000, "commonStock": 188798000, "retainedEarnings": 1155889000, "treasuryStock": 554045000, "capitalSurplus": 1018491000, "otherStockholderEquity": 554045000, "totalStockholderEquity": 2917223000, "netTangibleAssets": 719670000}, {"maxAge": 1, "endDate": "2017-03-31", "cash": 369477000, "shortTermInvestments": 349968000, "netReceivables": 1471365000, "inventory": 19531000, "otherCurrentAssets": 97268000, "totalCurrentAssets": 2360370000, "longTermInvestments": 6419000, "propertyPlantEquipment": 1104784000, "goodWill": 387048000, "intangibleAssets": 160901000, "otherAssets": 574410000, "deferredLongTermAssetCharges": 89599000, "totalAssets": 4593932000, "accountsPayable": 275135000, "otherCurrentLiab": 124535000, "longTermDebt": 272189000, "otherLiab": 59897000, "minorityInterest": 30063000, "totalCurrentLiabilities": 1217238000, "totalLiab": 1549324000, "commonStock": 188798000, "retainedEarnings": 1238387000, "treasuryStock": 564120000, "capitalSurplus": 1023240000, "otherStockholderEquity": 564120000, "totalStockholderEquity": 3014545000, "netTangibleAssets": 2466596000}], "maxAge": 86400}, "earningsTrend": {"trend": [{"maxAge": 1, "period": "0q", "endDate": null, "growth": {}, "earningsEstimate": {"avg": 0.0, "low": 0.0, "high": 0.0, "yearAgoEps": {}, "numberOfAnalysts": 0, "growth": {}}, "revenueEstimate": {"avg": 0, "low": 0, "high": 0, "numberOfAnalysts": 0, "yearAgoRevenue": {}, "growth": {}}, "epsTrend": {"current": 0.0, "7daysAgo": 0.0, "30daysAgo": 0.0, "60daysAgo": 0.0, "90daysAgo": 0.0}, "epsRevisions": {"upLast7days": 0, "upLast30days": 0, "downLast30days": 0, "downLast90days": {}}}, {"maxAge": 1, "period": "+1q", "endDate": null, "growth": {}, "earningsEstimate": {"avg": 0.0, "low": 0.0, "high": 0.0, "yearAgoEps": {}, "numberOfAnalysts": 0, "growth": {}}, "revenueEstimate": {"avg": 0, "low": 0, "high": 0, "numberOfAnalysts": 0, "yearAgoRevenue": {}, "growth": {}}, "epsTrend": {"current": 0.0, "7daysAgo": 0.0, "30daysAgo": 0.0, "60daysAgo": 0.0, "90daysAgo": 0.0}, "epsRevisions": {"upLast7days": 0, "upLast30days": 0, "downLast30days": 0, "downLast90days": {}}}, {"maxAge": 1, "period": "0y", "endDate": null, "growth": {}, "earningsEstimate": {"avg": 0.0, "low": 0.0, "high": 0.0, "yearAgoEps": {}, "numberOfAnalysts": 0, "growth": {}}, "revenueEstimate": {"avg": 0, "low": 0, "high": 0, "numberOfAnalysts": 0, "yearAgoRevenue": {}, "growth": {}}, "epsTrend": {"current": 0.0, "7daysAgo": 0.0, "30daysAgo": 0.0, "60daysAgo": 0.0, "90daysAgo": 0.0}, "epsRevisions": {"upLast7days": 0, "upLast30days": 0, "downLast30days": 0, "downLast90days": {}}}, {"maxAge": 1, "period": "+1y", "endDate": null, "growth": {}, "earningsEstimate": {"avg": 0.0, "low": 0.0, "high": 0.0, "yearAgoEps": {}, "numberOfAnalysts": 0, "growth": {}}, "revenueEstimate": {"avg": 0, "low": 0, "high": 0, "numberOfAnalysts": 0, "yearAgoRevenue": {}, "growth": {}}, "epsTrend": {"current": 0.0, "7daysAgo": 0.0, "30daysAgo": 0.0, "60daysAgo": 0.0, "90daysAgo": 0.0}, "epsRevisions": {"upLast7days": 0, "upLast30days": 0, "downLast30days": 0, "downLast90days": {}}}, {"maxAge": 1, "period": "+5y", "endDate": null, "growth": {}, "earningsEstimate": {"avg": {}, "low": {}, "high": {}, "yearAgoEps": {}, "numberOfAnalysts": {}, "growth": {}}, "revenueEstimate": {"avg": {}, "low": {}, "high": {}, "numberOfAnalysts": {}, "yearAgoRevenue": {}, "growth": {}}, "epsTrend": {"current": {}, "7daysAgo": {}, "30daysAgo": {}, "60daysAgo": {}, "90daysAgo": {}}, "epsRevisions": {"upLast7days": {}, "upLast30days": {}, "downLast30days": {}, "downLast90days": {}}}, {"maxAge": 1, "period": "-5y", "endDate": null, "growth": {}, "earningsEstimate": {"avg": {}, "low": {}, "high": {}, "yearAgoEps": {}, "numberOfAnalysts": {}, "growth": {}}, "revenueEstimate": {"avg": {}, "low": {}, "high": {}, "numberOfAnalysts": {}, "yearAgoRevenue": {}, "growth": {}}, "epsTrend": {"current": {}, "7daysAgo": {}, "30daysAgo": {}, "60daysAgo": {}, "90daysAgo": {}}, "epsRevisions": {"upLast7days": {}, "upLast30days": {}, "downLast30days": {}, "downLast90days": {}}}], "maxAge": 1}, "financialData": {"maxAge": 86400, "currentPrice": 60.35, "targetHighPrice": 420.0, "targetLowPrice": 420.0, "targetMeanPrice": 420.0, "targetMedianPrice": 420.0, "recommendationKey": "none", "numberOfAnalystOpinions": 1, "grossProfits": 2009835000, "financialCurrency": "INR"}}}