{"AXTEL.BO": {"cashflowStatementHistory": {"cashflowStatements": [{"maxAge": 1, "endDate": "2020-03-31", "netIncome": 108906000, "depreciation": 24287000, "changeToNetincome": -22811000, "changeToAccountReceivables": 8916000, "changeToLiabilities": 88756000, "changeToInventory": -90184000, "totalCashFromOperatingActivities": 120397000, "capitalExpenditures": -30290000, "otherCashflowsFromInvestingActivities": -83319000, "totalCashflowsFromInvestingActivities": -113609000, "dividendsPaid": -64619000, "netBorrowings": 65873000, "otherCashflowsFromFinancingActivities": -20331000, "totalCashFromFinancingActivities": -19077000, "changeInCash": -12289000}, {"maxAge": 1, "endDate": "2019-03-31", "netIncome": 129592000, "depreciation": 26668000, "changeToNetincome": 7533000, "changeToAccountReceivables": 26937000, "changeToLiabilities": -61996000, "changeToInventory": -38629000, "totalCashFromOperatingActivities": 91404000, "capitalExpenditures": -16942000, "otherCashflowsFromInvestingActivities": 1202000, "totalCashflowsFromInvestingActivities": -15490000, "dividendsPaid": -24232000, "netBorrowings": -30934000, "otherCashflowsFromFinancingActivities": -9789000, "totalCashFromFinancingActivities": -64955000, "changeInCash": 10958000}, {"maxAge": 1, "endDate": "2018-03-31", "netIncome": 59324000, "depreciation": 22459000, "changeToNetincome": 1076000, "changeToAccountReceivables": -48367000, "changeToLiabilities": 137974000, "changeToInventory": -56000000, "totalCashFromOperatingActivities": 117878000, "capitalExpenditures": -27711000, "investments": -107297000, "otherCashflowsFromInvestingActivities": 3845000, "totalCashflowsFromInvestingActivities": -131163000, "dividendsPaid": -24232000, "netBorrowings": -7082000, "otherCashflowsFromFinancingActivities": -5039000, "totalCashFromFinancingActivities": -12121000, "changeInCash": -25406000}, {"maxAge": 1, "endDate": "2017-03-31", "netIncome": 68385000, "depreciation": 26037000, "changeToNetincome": -1253000, "changeToAccountReceivables": 7380000, "changeToLiabilities": 34631000, "changeToInventory": 14331000, "totalCashFromOperatingActivities": 151295000, "capitalExpenditures": -9712000, "investments": -35186000, "otherCashflowsFromInvestingActivities": 6891000, "totalCashflowsFromInvestingActivities": -37839000, "dividendsPaid": -24232000, "netBorrowings": -51562000, "otherCashflowsFromFinancingActivities": -7462000, "totalCashFromFinancingActivities": -59024000, "changeInCash": 54432000}], "maxAge": 86400}, "institutionOwnership": {"ownershipList": [], "maxAge": 1}, "balanceSheetHistoryQuarterly": {"balanceSheetStatements": [{"maxAge": 1, "endDate": "2020-06-30", "totalStockholderEquity": 549998000, "netTangibleAssets": 544291000}, {"maxAge": 1, "endDate": "2020-03-31", "cash": 42682000, "netReceivables": 123459000, "inventory": 307296000, "otherCurrentAssets": 309350000, "totalCurrentAssets": 789646000, "propertyPlantEquipment": 158220000, "intangibleAssets": 5707000, "otherAssets": 74995000, "deferredLongTermAssetCharges": 3875000, "totalAssets": 1028568000, "accountsPayable": 172452000, "shortLongTermDebt": 2547000, "otherCurrentLiab": 160588000, "longTermDebt": 6492000, "otherLiab": 40350000, "totalCurrentLiabilities": 431728000, "totalLiab": 478570000, "commonStock": 161548000, "retainedEarnings": 383895000, "treasuryStock": 4555000, "otherStockholderEquity": 4555000, "totalStockholderEquity": 549998000, "netTangibleAssets": 544291000}, {"maxAge": 1, "endDate": "2019-12-31", "totalStockholderEquity": 531721000, "netTangibleAssets": 525896000}, {"maxAge": 1, "endDate": "2019-09-30", "cash": 64908000, "shortTermInvestments": 375000, "netReceivables": 167771000, "inventory": 216970000, "otherCurrentAssets": 32468000, "totalCurrentAssets": 482117000, "longTermInvestments": 218642000, "propertyPlantEquipment": 157385000, "intangibleAssets": 5825000, "otherAssets": 52713000, "deferredLongTermAssetCharges": 3919000, "totalAssets": 916682000, "accountsPayable": 151786000, "shortLongTermDebt": 5878000, "otherCurrentLiab": 165678000, "longTermDebt": 9157000, "otherLiab": 40364000, "totalCurrentLiabilities": 335440000, "totalLiab": 384961000, "commonStock": 161548000, "treasuryStock": 370173000, "otherStockholderEquity": 370173000, "totalStockholderEquity": 531721000, "netTangibleAssets": 525896000}], "maxAge": 86400}, "indexTrend": {"maxAge": 1, "symbol": "SP5", "peRatio": 19.7411, "pegRatio": 1.34172, "estimates": [{"period": "0q", "growth": 0.549}, {"period": "+1q", "growth": 0.431}, {"period": "0y", "growth": 0.305}, {"period": "+1y", "growth": 0.109}, {"period": "+5y", "growth": 0.120859005}, {"period": "-5y"}]}, "insiderTransactions": {"transactions": [{"maxAge": 1, "shares": 50000, "filerUrl": "", "transactionText": "", "filerName": "Bubber (Anuradha Hardipsingh)", "filerRelation": "UNREPORTED", "moneyText": "", "startDate": "2016-02-03", "ownership": "D"}, {"maxAge": 1, "shares": 50000, "filerUrl": "", "transactionText": "", "filerName": "Mehta (Aanchal Nirbhay)", "filerRelation": "Promoter", "moneyText": "", "startDate": "2015-12-18", "ownership": "D"}, {"maxAge": 1, "shares": 61002, "filerUrl": "", "transactionText": "", "filerName": "Bubber (Hardipsingh)", "filerRelation": "Director (Non-Executive)", "moneyText": "", "startDate": "2014-10-01", "ownership": "D"}, {"maxAge": 1, "shares": 56282, "filerUrl": "", "transactionText": "", "filerName": "Sabharwal (Nisha)", "filerRelation": "Promoter", "moneyText": "", "startDate": "2014-10-01", "ownership": "D"}, {"maxAge": 1, "shares": 34420, "filerUrl": "", "transactionText": "", "filerName": "Parikh (Ajay Nalin)", "filerRelation": "Director", "moneyText": "", "startDate": "2011-08-18", "ownership": "D"}, {"maxAge": 1, "shares": 49719, "filerUrl": "", "transactionText": "", "filerName": "Desai (Ajay Naishad)", "filerRelation": "Director (Executive)", "moneyText": "", "startDate": "2011-04-18", "ownership": "D"}], "maxAge": 1}, "quoteType": {"exchange": "BSE", "quoteType": "EQUITY", "symbol": "AXTEL.BO", "underlyingSymbol": "AXTEL.BO", "shortName": "AXTEL INDUSTRIES LTD.", "longName": "Axtel Industries Limited", "firstTradeDateEpochUtc": "2002-03-21 09:15:00", "timeZoneFullName": "Asia/Kolkata", "timeZoneShortName": "IST", "uuid": "a892c7c7-376e-3e1d-a82d-2bc45429a5c6", "gmtOffSetMilliseconds": 19800000, "maxAge": 1}, "incomeStatementHistory": {"incomeStatementHistory": [{"maxAge": 1, "endDate": "2020-03-31", "totalRevenue": 1001234000, "costOfRevenue": 474313000, "grossProfit": 526921000, "researchDevelopment": {}, "sellingGeneralAdministrative": 230628000, "nonRecurring": {}, "otherOperatingExpenses": 146757000, "totalOperatingExpenses": 878512000, "operatingIncome": 122722000, "totalOtherIncomeExpenseNet": 25926000, "ebit": 122722000, "interestExpense": -3668000, "incomeBeforeTax": 148648000, "incomeTaxExpense": 39742000, "minorityInterest": {}, "netIncomeFromContinuingOps": 108906000, "discontinuedOperations": {}, "extraordinaryItems": {}, "effectOfAccountingCharges": {}, "otherItems": {}, "netIncome": 108906000, "netIncomeApplicableToCommonShares": 108906000}, {"maxAge": 1, "endDate": "2019-03-31", "totalRevenue": 1117257000, "costOfRevenue": 545705000, "grossProfit": 571552000, "researchDevelopment": {}, "sellingGeneralAdministrative": 203612000, "nonRecurring": {}, "otherOperatingExpenses": 152136000, "totalOperatingExpenses": 929420000, "operatingIncome": 187837000, "totalOtherIncomeExpenseNet": -5885000, "ebit": 187837000, "interestExpense": -1735000, "incomeBeforeTax": 181952000, "incomeTaxExpense": 52360000, "minorityInterest": {}, "netIncomeFromContinuingOps": 129592000, "discontinuedOperations": {}, "extraordinaryItems": {}, "effectOfAccountingCharges": {}, "otherItems": {}, "netIncome": 129592000, "netIncomeApplicableToCommonShares": 129592000}, {"maxAge": 1, "endDate": "2018-03-31", "totalRevenue": 817234000, "costOfRevenue": 408448000, "grossProfit": 408786000, "researchDevelopment": {}, "sellingGeneralAdministrative": 172969000, "nonRecurring": {}, "otherOperatingExpenses": 132363000, "totalOperatingExpenses": 737651000, "operatingIncome": 79583000, "totalOtherIncomeExpenseNet": -715000, "ebit": 79583000, "interestExpense": -1794000, "incomeBeforeTax": 78868000, "incomeTaxExpense": 19544000, "minorityInterest": {}, "netIncomeFromContinuingOps": 59324000, "discontinuedOperations": {}, "extraordinaryItems": {}, "effectOfAccountingCharges": {}, "otherItems": {}, "netIncome": 59324000, "netIncomeApplicableToCommonShares": 59324000}, {"maxAge": 1, "endDate": "2017-03-31", "totalRevenue": 764437000, "costOfRevenue": 366140000, "grossProfit": 398297000, "researchDevelopment": {}, "sellingGeneralAdministrative": 160290000, "nonRecurring": {}, "otherOperatingExpenses": 127633000, "totalOperatingExpenses": 681884000, "operatingIncome": 82553000, "totalOtherIncomeExpenseNet": 659000, "ebit": 82553000, "interestExpense": -5142000, "incomeBeforeTax": 83212000, "incomeTaxExpense": 14827000, "minorityInterest": {}, "netIncomeFromContinuingOps": 68385000, "discontinuedOperations": {}, "extraordinaryItems": {}, "effectOfAccountingCharges": {}, "otherItems": {}, "netIncome": 68385000, "netIncomeApplicableToCommonShares": 68385000}], "maxAge": 86400}, "fundOwnership": {"ownershipList": [], "maxAge": 1}, "summaryDetail": {"maxAge": 1, "priceHint": 2, "previousClose": 295.0, "open": 298.9, "dayLow": 285.1, "dayHigh": 303.9, "regularMarketPreviousClose": 295.0, "regularMarketOpen": 298.9, "regularMarketDayLow": 285.1, "regularMarketDayHigh": 303.9, "trailingPE": 28.192966, "volume": 6259, "regularMarketVolume": 6259, "averageVolume": 15492, "averageVolume10days": 8138, "averageDailyVolume10Day": 8138, "bid": 292.2, "ask": 295.0, "bidSize": 0, "askSize": 0, "marketCap": 4753549824, "fiftyTwoWeekLow": 78.0, "fiftyTwoWeekHigh": 303.9, "fiftyDayAverage": 234.55757, "twoHundredDayAverage": 219.02942, "trailingAnnualDividendRate": 2.5, "trailingAnnualDividendYield": 0.008474576, "currency": "INR", "fromCurrency": null, "lastMarket": null, "algorithm": null, "tradeable": false}, "incomeStatementHistoryQuarterly": {"incomeStatementHistory": [{"maxAge": 1, "endDate": "2020-06-30", "totalRevenue": 312567000, "costOfRevenue": 143568000, "grossProfit": 168999000, "researchDevelopment": {}, "sellingGeneralAdministrative": 55452000, "nonRecurring": {}, "otherOperatingExpenses": 25429000, "totalOperatingExpenses": 230087000, "operatingIncome": 82480000, "totalOtherIncomeExpenseNet": 6985000, "ebit": 82480000, "interestExpense": -1957000, "incomeBeforeTax": 89465000, "incomeTaxExpense": 22414000, "minorityInterest": {}, "netIncomeFromContinuingOps": 67051000, "discontinuedOperations": {}, "extraordinaryItems": {}, "effectOfAccountingCharges": {}, "otherItems": {}, "netIncome": 67051000, "netIncomeApplicableToCommonShares": 67051000}, {"maxAge": 1, "endDate": "2020-03-31", "totalRevenue": 239128000, "costOfRevenue": 111507000, "grossProfit": 127621000, "researchDevelopment": {}, "sellingGeneralAdministrative": 60152000, "nonRecurring": {}, "otherOperatingExpenses": 37116000, "totalOperatingExpenses": 216023000, "operatingIncome": 23105000, "totalOtherIncomeExpenseNet": 7127000, "ebit": 23105000, "interestExpense": -1957000, "incomeBeforeTax": 30232000, "incomeTaxExpense": 7326000, "minorityInterest": {}, "netIncomeFromContinuingOps": 22906000, "discontinuedOperations": {}, "extraordinaryItems": {}, "effectOfAccountingCharges": {}, "otherItems": {}, "netIncome": 22906000, "netIncomeApplicableToCommonShares": 22906000}, {"maxAge": 1, "endDate": "2019-12-31", "totalRevenue": 275520000, "costOfRevenue": 123639000, "grossProfit": 151881000, "researchDevelopment": {}, "sellingGeneralAdministrative": 60110000, "nonRecurring": {}, "otherOperatingExpenses": 32669000, "totalOperatingExpenses": 223420000, "operatingIncome": 52100000, "totalOtherIncomeExpenseNet": 7762000, "ebit": 52100000, "interestExpense": -2375000, "incomeBeforeTax": 59862000, "incomeTaxExpense": 15365000, "minorityInterest": {}, "netIncomeFromContinuingOps": 44497000, "discontinuedOperations": {}, "extraordinaryItems": {}, "effectOfAccountingCharges": {}, "otherItems": {}, "netIncome": 44497000, "netIncomeApplicableToCommonShares": 44497000}, {"maxAge": 1, "endDate": "2019-09-30", "totalRevenue": 308289000, "costOfRevenue": 158834000, "grossProfit": 149455000, "researchDevelopment": {}, "sellingGeneralAdministrative": 58801000, "nonRecurring": {}, "otherOperatingExpenses": 43407000, "totalOperatingExpenses": 267624000, "operatingIncome": 40665000, "totalOtherIncomeExpenseNet": 7916000, "ebit": 40665000, "interestExpense": -1292000, "incomeBeforeTax": 48581000, "incomeTaxExpense": 14146000, "minorityInterest": {}, "netIncomeFromContinuingOps": 34435000, "discontinuedOperations": {}, "extraordinaryItems": {}, "effectOfAccountingCharges": {}, "otherItems": {}, "netIncome": 34435000, "netIncomeApplicableToCommonShares": 34435000}], "maxAge": 86400}, "cashflowStatementHistoryQuarterly": {"cashflowStatements": [{"maxAge": 1, "endDate": "2020-06-30", "netIncome": 67051000, "changeToLiabilities": 0}, {"maxAge": 1, "endDate": "2020-03-31", "netIncome": 22906000, "changeToLiabilities": 0}, {"maxAge": 1, "endDate": "2019-12-31", "netIncome": 44497000, "changeToLiabilities": 0}, {"maxAge": 1, "endDate": "2019-09-30", "netIncome": 34435000, "changeToLiabilities": 0}], "maxAge": 86400}, "insiderHolders": {"holders": [{"maxAge": 1, "name": "Bubber (Anuradha Hardipsingh)", "relation": "UNREPORTED", "url": "", "transactionDescription": "Sale", "latestTransDate": "2016-02-03", "positionDirect": 227591, "positionDirectDate": "2016-02-03"}, {"maxAge": 1, "name": "Bubber (Hardipsingh)", "relation": "Director (Non-Executive)", "url": "", "transactionDescription": "Other", "latestTransDate": "2014-10-01", "positionDirect": 212002, "positionDirectDate": "2014-10-01"}, {"maxAge": 1, "name": "Desai (Ajay Naishad)", "relation": "Director (Executive)", "url": "", "transactionDescription": "Acquisition", "latestTransDate": "2011-04-18", "positionDirect": 909736, "positionDirectDate": "2011-04-18"}, {"maxAge": 1, "name": "Mehta (Aanchal Nirbhay)", "relation": "Promoter", "url": "", "transactionDescription": "Sale", "latestTransDate": "2015-12-18", "positionDirect": 0, "positionDirectDate": "2015-12-18"}, {"maxAge": 1, "name": "Parikh (Ajay Nalin)", "relation": "Director", "url": "", "transactionDescription": "Acquisition", "latestTransDate": "2011-08-18", "positionDirect": 466044, "positionDirectDate": "2011-08-18"}, {"maxAge": 1, "name": "Sabharwal (Nisha)", "relation": "Promoter", "url": "", "transactionDescription": "Other", "latestTransDate": "2014-10-01", "positionDirect": 0, "positionDirectDate": "2014-10-01"}], "maxAge": 1}, "calendarEvents": {"maxAge": 1, "earnings": {"earningsDate": ["2020-06-26 05:30:S"]}}, "upgradeDowngradeHistory": {"history": [], "maxAge": 86400}, "price": {"maxAge": 1, "regularMarketChangePercent": -0.002542373, "regularMarketChange": -0.75, "regularMarketTime": "2021-04-30 15:29:45", "priceHint": 2, "regularMarketPrice": 294.25, "regularMarketDayHigh": 303.9, "regularMarketDayLow": 285.1, "regularMarketVolume": 6259, "averageDailyVolume10Day": 8138, "averageDailyVolume3Month": 15492, "regularMarketPreviousClose": 295.0, "regularMarketSource": "FREE_REALTIME", "regularMarketOpen": 298.9, "exchange": "BSE", "exchangeName": "BSE", "exchangeDataDelayedBy": 0, "marketState": "CLOSED", "quoteType": "EQUITY", "symbol": "AXTEL.BO", "underlyingSymbol": null, "shortName": "AXTEL INDUSTRIES LTD.", "longName": "Axtel Industries Limited", "currency": "INR", "quoteSourceName": "Delayed Quote", "currencySymbol": "\u20b9", "fromCurrency": null, "lastMarket": null, "marketCap": 4753549824}, "balanceSheetHistory": {"balanceSheetStatements": [{"maxAge": 1, "endDate": "2020-03-31", "cash": 42682000, "netReceivables": 123459000, "inventory": 307296000, "otherCurrentAssets": 309350000, "totalCurrentAssets": 789646000, "propertyPlantEquipment": 158220000, "intangibleAssets": 5707000, "otherAssets": 74995000, "deferredLongTermAssetCharges": 3875000, "totalAssets": 1028568000, "accountsPayable": 172452000, "shortLongTermDebt": 2547000, "otherCurrentLiab": 160588000, "longTermDebt": 6492000, "otherLiab": 40350000, "totalCurrentLiabilities": 431728000, "totalLiab": 478570000, "commonStock": 161548000, "retainedEarnings": 383895000, "treasuryStock": 4555000, "otherStockholderEquity": 4555000, "totalStockholderEquity": 549998000, "netTangibleAssets": 544291000}, {"maxAge": 1, "endDate": "2019-03-31", "cash": 54971000, "netReceivables": 194809000, "inventory": 217113000, "otherCurrentAssets": 11558000, "totalCurrentAssets": 481311000, "longTermInvestments": 148954000, "propertyPlantEquipment": 157016000, "intangibleAssets": 3436000, "otherAssets": 52219000, "deferredLongTermAssetCharges": 3504000, "totalAssets": 842936000, "accountsPayable": 138745000, "shortLongTermDebt": 2364000, "otherCurrentLiab": 94029000, "longTermDebt": 9222000, "otherLiab": 40351000, "totalCurrentLiabilities": 272747000, "totalLiab": 322320000, "commonStock": 161548000, "retainedEarnings": 354513000, "treasuryStock": 4555000, "otherStockholderEquity": 4555000, "totalStockholderEquity": 520616000, "netTangibleAssets": 517180000}, {"maxAge": 1, "endDate": "2018-03-31", "cash": 43962000, "netReceivables": 203542000, "inventory": 178484000, "otherCurrentAssets": 39355000, "totalCurrentAssets": 473002000, "longTermInvestments": 142219000, "propertyPlantEquipment": 168976000, "intangibleAssets": 2557000, "otherAssets": 47961000, "deferredLongTermAssetCharges": 2057000, "totalAssets": 834715000, "accountsPayable": 191613000, "shortLongTermDebt": 2364000, "otherCurrentLiab": 114779000, "longTermDebt": 11586000, "otherLiab": 35200000, "totalCurrentLiabilities": 357793000, "totalLiab": 404579000, "commonStock": 161548000, "retainedEarnings": 264686000, "treasuryStock": 3902000, "otherStockholderEquity": 3902000, "totalStockholderEquity": 430136000, "netTangibleAssets": 427579000}, {"maxAge": 1, "endDate": "2017-03-31", "cash": 69369000, "netReceivables": 182133000, "inventory": 122484000, "otherCurrentAssets": 17032000, "totalCurrentAssets": 398185000, "longTermInvestments": 35226000, "propertyPlantEquipment": 165103000, "intangibleAssets": 2797000, "otherAssets": 43397000, "deferredLongTermAssetCharges": 1637000, "totalAssets": 644708000, "accountsPayable": 115374000, "shortLongTermDebt": 22500000, "otherCurrentLiab": 56689000, "otherLiab": 36715000, "totalCurrentLiabilities": 239355000, "totalLiab": 276070000, "commonStock": 161548000, "retainedEarnings": 205362000, "treasuryStock": 1728000, "otherStockholderEquity": 1728000, "totalStockholderEquity": 368638000, "netTangibleAssets": 365841000}], "maxAge": 86400}, "financialData": {"maxAge": 86400, "currentPrice": 294.25, "recommendationKey": "none", "grossProfits": 526921000, "financialCurrency": "INR"}}}