{"AYMSYNTEX.BO": {"recommendationTrend": {"trend": [{"period": "0m", "strongBuy": 0, "buy": 0, "hold": 0, "sell": 0, "strongSell": 0}, {"period": "-1m", "strongBuy": 0, "buy": 0, "hold": 0, "sell": 0, "strongSell": 0}, {"period": "-2m", "strongBuy": 0, "buy": 0, "hold": 0, "sell": 0, "strongSell": 0}, {"period": "-3m", "strongBuy": 0, "buy": 0, "hold": 0, "sell": 0, "strongSell": 0}], "maxAge": 86400}, "cashflowStatementHistory": {"cashflowStatements": [{"maxAge": 1, "endDate": "2020-03-31", "netIncome": 174056000, "depreciation": 445665000, "changeToNetincome": 284005000, "changeToAccountReceivables": -78355000, "changeToLiabilities": 195324000, "changeToInventory": -221060000, "changeToOperatingActivities": -10021000, "totalCashFromOperatingActivities": 791715000, "capitalExpenditures": -236987000, "investments": 136046000, "otherCashflowsFromInvestingActivities": 14482000, "totalCashflowsFromInvestingActivities": -84664000, "netBorrowings": -349037000, "otherCashflowsFromFinancingActivities": -374375000, "totalCashFromFinancingActivities": -722723000, "changeInCash": -15672000, "issuanceOfStock": 689000}, {"maxAge": 1, "endDate": "2019-03-31", "netIncome": 58615000, "depreciation": 374231000, "changeToNetincome": 331058000, "changeToAccountReceivables": -179353000, "changeToLiabilities": 617101000, "changeToInventory": -168738000, "changeToOperatingActivities": -158559000, "totalCashFromOperatingActivities": 876221000, "capitalExpenditures": -1064960000, "investments": -68765000, "otherCashflowsFromInvestingActivities": 15432000, "totalCashflowsFromInvestingActivities": -1117449000, "netBorrowings": 538001000, "otherCashflowsFromFinancingActivities": -340840000, "totalCashFromFinancingActivities": 197161000, "changeInCash": -44067000, "issuanceOfStock": 689000}, {"maxAge": 1, "endDate": "2018-03-31", "netIncome": 80005000, "depreciation": 327477000, "changeToNetincome": 225831000, "changeToAccountReceivables": -243882000, "changeToLiabilities": 124789000, "changeToInventory": -129164000, "changeToOperatingActivities": -137570000, "totalCashFromOperatingActivities": 249747000, "capitalExpenditures": -805312000, "investments": 48874000, "otherCashflowsFromInvestingActivities": 18821000, "totalCashflowsFromInvestingActivities": -737516000, "netBorrowings": 396155000, "otherCashflowsFromFinancingActivities": -279899000, "totalCashFromFinancingActivities": 473443000, "changeInCash": -14326000, "issuanceOfStock": 357187000}, {"maxAge": 1, "endDate": "2017-03-31", "netIncome": 405387000, "depreciation": 301120000, "changeToNetincome": 125944000, "changeToAccountReceivables": 17235000, "changeToLiabilities": -72782000, "changeToInventory": -203048000, "changeToOperatingActivities": 11087000, "totalCashFromOperatingActivities": 586548000, "capitalExpenditures": -751100000, "investments": -150568000, "otherCashflowsFromInvestingActivities": 28147000, "totalCashflowsFromInvestingActivities": -871950000, "netBorrowings": 218183000, "otherCashflowsFromFinancingActivities": -225007000, "totalCashFromFinancingActivities": -6824000, "changeInCash": -292226000, "issuanceOfStock": 357187000}], "maxAge": 86400}, "institutionOwnership": {"maxAge": 1, "ownershipList": []}, "balanceSheetHistoryQuarterly": {"balanceSheetStatements": [{"maxAge": 1, "endDate": "2020-06-30", "totalStockholderEquity": 3434824000, "netTangibleAssets": 3430207000}, {"maxAge": 1, "endDate": "2020-03-31", "cash": 17321000, "shortTermInvestments": 182062000, "netReceivables": 1210208000, "inventory": 1288963000, "otherCurrentAssets": 519843000, "totalCurrentAssets": 3241336000, "longTermInvestments": 25000, "propertyPlantEquipment": 4470692000, "intangibleAssets": 4617000, "otherAssets": 431531000, "deferredLongTermAssetCharges": 358955000, "totalAssets": 8148201000, "accountsPayable": 1871568000, "shortLongTermDebt": 297371000, "otherCurrentLiab": 91968000, "longTermDebt": 1640734000, "otherLiab": 74740000, "totalCurrentLiabilities": 2973052000, "totalLiab": 4713377000, "commonStock": 499751000, "retainedEarnings": 1930170000, "treasuryStock": 305268000, "capitalSurplus": 699635000, "otherStockholderEquity": 305268000, "totalStockholderEquity": 3434824000, "netTangibleAssets": 3430207000}, {"maxAge": 1, "endDate": "2019-12-31", "totalStockholderEquity": 3299100000, "netTangibleAssets": 3293600000}, {"maxAge": 1, "endDate": "2019-09-30", "cash": 204200000, "shortTermInvestments": 17600000, "netReceivables": 1271000000, "inventory": 1075200000, "otherCurrentAssets": 630500000, "totalCurrentAssets": 3198500000, "longTermInvestments": 2000000, "propertyPlantEquipment": 4578400000, "intangibleAssets": 5500000, "otherAssets": 376000000, "deferredLongTermAssetCharges": 260500000, "totalAssets": 8160400000, "accountsPayable": 1772500000, "shortLongTermDebt": 532500000, "otherCurrentLiab": 39200000, "longTermDebt": 1639000000, "otherLiab": 71000000, "totalCurrentLiabilities": 3111200000, "totalLiab": 4861300000, "commonStock": 499800000, "treasuryStock": 2799300000, "otherStockholderEquity": 2799300000, "totalStockholderEquity": 3299100000, "netTangibleAssets": 3293600000}], "maxAge": 86400}, "earningsHistory": {"history": [{"maxAge": 1, "epsActual": {}, "epsEstimate": {}, "epsDifference": {}, "surprisePercent": {}, "quarter": {}, "period": "-4q"}, {"maxAge": 1, "epsActual": {}, "epsEstimate": {}, "epsDifference": {}, "surprisePercent": {}, "quarter": {}, "period": "-3q"}, {"maxAge": 1, "epsActual": {}, "epsEstimate": {}, "epsDifference": {}, "surprisePercent": {}, "quarter": {}, "period": "-2q"}, {"maxAge": 1, "epsActual": {}, "epsEstimate": {}, "epsDifference": {}, "surprisePercent": {}, "quarter": {}, "period": "-1q"}], "maxAge": 86400}, "indexTrend": {"maxAge": 1, "symbol": "SP5", "peRatio": 19.7411, "pegRatio": 1.34172, "estimates": [{"period": "0q", "growth": 0.549}, {"period": "+1q", "growth": 0.431}, {"period": "0y", "growth": 0.305}, {"period": "+1y", "growth": 0.109}, {"period": "+5y", "growth": 0.120865}, {"period": "-5y"}]}, "industryTrend": {"maxAge": 1, "symbol": null, "estimates": []}, "insiderTransactions": {"transactions": [{"maxAge": 1, "shares": 137241, "filerUrl": "", "transactionText": "", "filerName": "MGN Agro Properties Pvt Ltd", "filerRelation": "Institution- Corporation", "moneyText": "", "startDate": "2018-02-26", "ownership": "D"}, {"maxAge": 1, "shares": 799382, "filerUrl": "", "transactionText": "", "filerName": "IFCI Ltd", "filerRelation": "Institution- Corporation", "moneyText": "", "startDate": "2015-02-02", "ownership": "D"}, {"maxAge": 1, "shares": 252861, "filerUrl": "", "transactionText": "", "filerName": "VLS Capital, Ltd.", "filerRelation": "Institution- Corporation", "moneyText": "", "startDate": "2015-01-29", "ownership": "D"}, {"maxAge": 1, "shares": 970609, "filerUrl": "", "transactionText": "", "filerName": "IFCI Ltd", "filerRelation": "Institution- Corporation", "moneyText": "", "startDate": "2015-01-19", "ownership": "D"}, {"maxAge": 1, "shares": 19800, "filerUrl": "", "transactionText": "", "filerName": "Mehrotra (Somesh)", "filerRelation": "UNREPORTED", "moneyText": "", "startDate": "2015-01-19", "ownership": "D"}, {"maxAge": 1, "shares": 190100, "filerUrl": "", "transactionText": "", "filerName": "VLS Capital, Ltd.", "filerRelation": "Institution- Corporation", "moneyText": "", "startDate": "2015-01-19", "ownership": "D"}, {"maxAge": 1, "shares": 880448, "filerUrl": "", "transactionText": "", "filerName": "IFCI Ltd", "filerRelation": "Institution- Corporation", "moneyText": "", "startDate": "2014-11-15", "ownership": "D"}, {"maxAge": 1, "shares": 2134508, "filerUrl": "", "transactionText": "", "filerName": "IFCI Ltd", "filerRelation": "Institution- Corporation", "moneyText": "", "startDate": "2014-10-16", "ownership": "D"}, {"maxAge": 1, "shares": 1256997, "filerUrl": "", "transactionText": "", "filerName": "IFCI Ltd", "filerRelation": "Institution- Corporation", "moneyText": "", "startDate": "2014-10-11", "ownership": "D"}], "maxAge": 1}, "quoteType": {"exchange": "BSE", "quoteType": "EQUITY", "symbol": "AYMSYNTEX.BO", "underlyingSymbol": "AYMSYNTEX.BO", "shortName": "AYM Syntex Limited", "longName": "AYM Syntex Limited", "firstTradeDateEpochUtc": "2002-12-09 09:15:00", "timeZoneFullName": "Asia/Kolkata", "timeZoneShortName": "IST", "uuid": "1ac10d55-8fb9-398a-ba65-c5f4fc418c21", "messageBoardId": null, "gmtOffSetMilliseconds": 19800000, "maxAge": 1}, "incomeStatementHistory": {"incomeStatementHistory": [{"maxAge": 1, "endDate": "2020-03-31", "totalRevenue": 10279763000, "costOfRevenue": 5758950000, "grossProfit": 4520813000, "researchDevelopment": {}, "sellingGeneralAdministrative": 619018000, "nonRecurring": {}, "otherOperatingExpenses": 2952433000, "totalOperatingExpenses": 9778167000, "operatingIncome": 501596000, "totalOtherIncomeExpenseNet": -399807000, "ebit": 501596000, "interestExpense": -263049000, "incomeBeforeTax": 101789000, "incomeTaxExpense": -72267000, "minorityInterest": {}, "netIncomeFromContinuingOps": 174056000, "discontinuedOperations": {}, "extraordinaryItems": {}, "effectOfAccountingCharges": {}, "otherItems": {}, "netIncome": 174056000, "netIncomeApplicableToCommonShares": 174056000}, {"maxAge": 1, "endDate": "2019-03-31", "totalRevenue": 9919816000, "costOfRevenue": 5947591000, "grossProfit": 3972225000, "researchDevelopment": {}, "sellingGeneralAdministrative": 720028000, "nonRecurring": {}, "otherOperatingExpenses": 2532042000, "totalOperatingExpenses": 9575758000, "operatingIncome": 344058000, "totalOtherIncomeExpenseNet": -289260000, "ebit": 344058000, "interestExpense": -226542000, "incomeBeforeTax": 54798000, "incomeTaxExpense": -3817000, "minorityInterest": {}, "netIncomeFromContinuingOps": 58615000, "discontinuedOperations": {}, "extraordinaryItems": {}, "effectOfAccountingCharges": {}, "otherItems": {}, "netIncome": 58615000, "netIncomeApplicableToCommonShares": 58615000}, {"maxAge": 1, "endDate": "2018-03-31", "totalRevenue": 8504157000, "costOfRevenue": 4949210000, "grossProfit": 3554947000, "researchDevelopment": {}, "sellingGeneralAdministrative": 697165000, "nonRecurring": {}, "otherOperatingExpenses": 2217640000, "totalOperatingExpenses": 8193753000, "operatingIncome": 310404000, "totalOtherIncomeExpenseNet": -226041000, "ebit": 310404000, "interestExpense": -200780000, "incomeBeforeTax": 84363000, "incomeTaxExpense": 4358000, "minorityInterest": {}, "netIncomeFromContinuingOps": 80005000, "discontinuedOperations": {}, "extraordinaryItems": {}, "effectOfAccountingCharges": {}, "otherItems": {}, "netIncome": 80005000, "netIncomeApplicableToCommonShares": 80005000}, {"maxAge": 1, "endDate": "2017-03-31", "totalRevenue": 7764609000, "costOfRevenue": 4177655000, "grossProfit": 3586954000, "researchDevelopment": {}, "sellingGeneralAdministrative": 613399000, "nonRecurring": {}, "otherOperatingExpenses": 1992691000, "totalOperatingExpenses": 7086470000, "operatingIncome": 678139000, "totalOtherIncomeExpenseNet": -197221000, "ebit": 678139000, "interestExpense": -170765000, "incomeBeforeTax": 480918000, "incomeTaxExpense": 75531000, "minorityInterest": {}, "netIncomeFromContinuingOps": 405387000, "discontinuedOperations": {}, "extraordinaryItems": {}, "effectOfAccountingCharges": {}, "otherItems": {}, "netIncome": 405387000, "netIncomeApplicableToCommonShares": 405387000}], "maxAge": 86400}, "fundOwnership": {"maxAge": 1, "ownershipList": []}, "summaryDetail": {"maxAge": 1, "priceHint": 2, "previousClose": 46.55, "open": 47.85, "dayLow": 45.5, "dayHigh": 47.85, "regularMarketPreviousClose": 46.55, "regularMarketOpen": 47.85, "regularMarketDayLow": 45.5, "regularMarketDayHigh": 47.85, "volume": 5267, "regularMarketVolume": 5267, "averageVolume": 6501, "averageVolume10days": 6286, "averageDailyVolume10Day": 6286, "bid": 45.0, "ask": 47.4, "bidSize": 0, "askSize": 0, "marketCap": 2371673344, "fiftyTwoWeekLow": 12.9, "fiftyTwoWeekHigh": 60.9, "fiftyDayAverage": 46.8, "twoHundredDayAverage": 35.274086, "currency": "INR", "fromCurrency": null, "toCurrency": null, "lastMarket": null, "algorithm": null, "tradeable": false}, "sectorTrend": {"maxAge": 1, "symbol": null, "estimates": []}, "incomeStatementHistoryQuarterly": {"incomeStatementHistory": [{"maxAge": 1, "endDate": "2020-06-30", "totalRevenue": 911500000, "costOfRevenue": 440900000, "grossProfit": 470600000, "researchDevelopment": {}, "sellingGeneralAdministrative": 144500000, "nonRecurring": {}, "otherOperatingExpenses": 385900000, "totalOperatingExpenses": 1079800000, "operatingIncome": -168300000, "totalOtherIncomeExpenseNet": -83300000, "ebit": -168300000, "interestExpense": -86700000, "incomeBeforeTax": -251600000, "incomeTaxExpense": -87700000, "minorityInterest": {}, "netIncomeFromContinuingOps": -163900000, "discontinuedOperations": {}, "extraordinaryItems": {}, "effectOfAccountingCharges": {}, "otherItems": {}, "netIncome": -163900000, "netIncomeApplicableToCommonShares": -163900000}, {"maxAge": 1, "endDate": "2020-03-31", "totalRevenue": 2454163000, "costOfRevenue": 1369650000, "grossProfit": 1084513000, "researchDevelopment": {}, "sellingGeneralAdministrative": 158318000, "nonRecurring": {}, "otherOperatingExpenses": 685833000, "totalOperatingExpenses": 2325567000, "operatingIncome": 128596000, "totalOtherIncomeExpenseNet": -89107000, "ebit": 128596000, "interestExpense": -86700000, "incomeBeforeTax": 39489000, "incomeTaxExpense": -49667000, "minorityInterest": {}, "netIncomeFromContinuingOps": 89156000, "discontinuedOperations": {}, "extraordinaryItems": {}, "effectOfAccountingCharges": {}, "otherItems": {}, "netIncome": 89156000, "netIncomeApplicableToCommonShares": 89156000}, {"maxAge": 1, "endDate": "2019-12-31", "totalRevenue": 2640500000, "costOfRevenue": 1426300000, "grossProfit": 1214200000, "researchDevelopment": {}, "sellingGeneralAdministrative": 158700000, "nonRecurring": {}, "otherOperatingExpenses": 804000000, "totalOperatingExpenses": 2503100000, "operatingIncome": 137400000, "totalOtherIncomeExpenseNet": -134500000, "ebit": 137400000, "interestExpense": -97900000, "incomeBeforeTax": 2900000, "incomeTaxExpense": -41100000, "minorityInterest": {}, "netIncomeFromContinuingOps": 44000000, "discontinuedOperations": {}, "extraordinaryItems": {}, "effectOfAccountingCharges": {}, "otherItems": {}, "netIncome": 44000000, "netIncomeApplicableToCommonShares": 44000000}, {"maxAge": 1, "endDate": "2019-09-30", "totalRevenue": 2691600000, "costOfRevenue": 1513200000, "grossProfit": 1178400000, "researchDevelopment": {}, "sellingGeneralAdministrative": 150300000, "nonRecurring": {}, "otherOperatingExpenses": 786500000, "totalOperatingExpenses": 2561900000, "operatingIncome": 129700000, "totalOtherIncomeExpenseNet": -91500000, "ebit": 129700000, "interestExpense": -101900000, "incomeBeforeTax": 38200000, "incomeTaxExpense": 15600000, "minorityInterest": {}, "netIncomeFromContinuingOps": 22600000, "discontinuedOperations": {}, "extraordinaryItems": {}, "effectOfAccountingCharges": {}, "otherItems": {}, "netIncome": 22600000, "netIncomeApplicableToCommonShares": 22600000}], "maxAge": 86400}, "cashflowStatementHistoryQuarterly": {"cashflowStatements": [{"maxAge": 1, "endDate": "2020-06-30", "netIncome": -163900000, "changeToLiabilities": 0}, {"maxAge": 1, "endDate": "2020-03-31", "netIncome": 89156000, "changeToLiabilities": 0}, {"maxAge": 1, "endDate": "2019-12-31", "netIncome": 44000000, "changeToLiabilities": 0}, {"maxAge": 1, "endDate": "2019-09-30", "netIncome": 22600000, "changeToLiabilities": 0}], "maxAge": 86400}, "insiderHolders": {"holders": [{"maxAge": 1, "name": "IFCI Ltd", "relation": "Institution- Corporation", "url": "", "transactionDescription": "Sale", "latestTransDate": "2015-02-02", "positionDirect": 1699655, "positionDirectDate": "2015-02-02"}, {"maxAge": 1, "name": "MGN Agro Properties Pvt Ltd", "relation": "Institution- Corporation", "url": "", "transactionDescription": "Purchase", "latestTransDate": "2018-02-26", "positionDirect": 1623145, "positionDirectDate": "2018-02-26"}, {"maxAge": 1, "name": "Mehrotra (Somesh)", "relation": "UNREPORTED", "url": "", "transactionDescription": "Acquisition", "latestTransDate": "2015-01-19", "positionDirect": 1500000, "positionDirectDate": "2015-01-19"}, {"maxAge": 1, "name": "VLS Capital, Ltd.", "relation": "Institution- Corporation", "url": "", "transactionDescription": "Acquisition", "latestTransDate": "2015-01-29", "positionDirect": 737961, "positionDirectDate": "2015-01-29"}], "maxAge": 1}, "earnings": {"maxAge": 86400, "earningsChart": {"quarterly": [], "earningsDate": []}, "financialsChart": {"yearly": [{"date": 2017, "revenue": 7764609000, "earnings": 405387000}, {"date": 2018, "revenue": 8504157000, "earnings": 80005000}, {"date": 2019, "revenue": 9919816000, "earnings": 58615000}, {"date": 2020, "revenue": 10279763000, "earnings": 174056000}], "quarterly": [{"date": "3Q2019", "revenue": 2691600000, "earnings": 22600000}, {"date": "4Q2019", "revenue": 2640500000, "earnings": 44000000}, {"date": "1Q2020", "revenue": 2454163000, "earnings": 89156000}, {"date": "2Q2020", "revenue": 911500000, "earnings": -163900000}]}, "financialCurrency": "INR"}, "calendarEvents": {"maxAge": 1, "earnings": {"earningsDate": []}}, "price": {"maxAge": 1, "regularMarketChangePercent": 0.018259985, "regularMarketChange": 0.8500023, "regularMarketTime": "2021-04-30 15:06:10", "priceHint": 2, "regularMarketPrice": 47.4, "regularMarketDayHigh": 47.85, "regularMarketDayLow": 45.5, "regularMarketVolume": 5267, "averageDailyVolume10Day": 6286, "averageDailyVolume3Month": 6501, "regularMarketPreviousClose": 46.55, "regularMarketSource": "FREE_REALTIME", "regularMarketOpen": 47.85, "exchange": "BSE", "exchangeName": "BSE", "exchangeDataDelayedBy": 0, "marketState": "CLOSED", "quoteType": "EQUITY", "symbol": "AYMSYNTEX.BO", "underlyingSymbol": null, "shortName": "AYM Syntex Limited", "longName": "AYM Syntex Limited", "currency": "INR", "quoteSourceName": "Delayed Quote", "currencySymbol": "\u20b9", "fromCurrency": null, "toCurrency": null, "lastMarket": null, "marketCap": 2371673344}, "balanceSheetHistory": {"balanceSheetStatements": [{"maxAge": 1, "endDate": "2020-03-31", "cash": 17321000, "shortTermInvestments": 182062000, "netReceivables": 1210208000, "inventory": 1288963000, "otherCurrentAssets": 519843000, "totalCurrentAssets": 3241336000, "longTermInvestments": 25000, "propertyPlantEquipment": 4470692000, "intangibleAssets": 4617000, "otherAssets": 431531000, "deferredLongTermAssetCharges": 358955000, "totalAssets": 8148201000, "accountsPayable": 1871568000, "shortLongTermDebt": 297371000, "otherCurrentLiab": 91968000, "longTermDebt": 1640734000, "otherLiab": 74740000, "totalCurrentLiabilities": 2973052000, "totalLiab": 4713377000, "commonStock": 499751000, "retainedEarnings": 1930170000, "treasuryStock": 305268000, "capitalSurplus": 699635000, "otherStockholderEquity": 305268000, "totalStockholderEquity": 3434824000, "netTangibleAssets": 3430207000}, {"maxAge": 1, "endDate": "2019-03-31", "cash": 32993000, "shortTermInvestments": 278895000, "netReceivables": 1088690000, "inventory": 1067903000, "otherCurrentAssets": 477512000, "totalCurrentAssets": 2965009000, "longTermInvestments": 454000, "propertyPlantEquipment": 4708165000, "intangibleAssets": 6481000, "otherAssets": 370335000, "deferredLongTermAssetCharges": 260648000, "totalAssets": 8050444000, "accountsPayable": 1648653000, "shortLongTermDebt": 454102000, "otherCurrentLiab": 136319000, "longTermDebt": 2042148000, "otherLiab": 66069000, "totalCurrentLiabilities": 2915838000, "totalLiab": 5024055000, "commonStock": 455896000, "retainedEarnings": 1771146000, "treasuryStock": 382542000, "capitalSurplus": 416805000, "otherStockholderEquity": 382542000, "totalStockholderEquity": 3026389000, "netTangibleAssets": 3019908000}, {"maxAge": 1, "endDate": "2018-03-31", "cash": 77060000, "shortTermInvestments": 221396000, "netReceivables": 895394000, "inventory": 899165000, "otherCurrentAssets": 406387000, "totalCurrentAssets": 2515457000, "propertyPlantEquipment": 3798008000, "intangibleAssets": 8347000, "otherAssets": 470040000, "deferredLongTermAssetCharges": 246087000, "totalAssets": 6791852000, "accountsPayable": 1035478000, "shortLongTermDebt": 417431000, "otherCurrentLiab": 89309000, "longTermDebt": 1640686000, "otherLiab": 67219000, "totalCurrentLiabilities": 2103909000, "totalLiab": 3811814000, "commonStock": 455896000, "retainedEarnings": 1730571000, "treasuryStock": 376766000, "capitalSurplus": 416805000, "otherStockholderEquity": 376766000, "totalStockholderEquity": 2980038000, "netTangibleAssets": 2971691000}, {"maxAge": 1, "endDate": "2017-03-31", "cash": 91386000, "shortTermInvestments": 169406000, "netReceivables": 650232000, "inventory": 770000000, "otherCurrentAssets": 397137000, "totalCurrentAssets": 2089879000, "longTermInvestments": 1303000, "propertyPlantEquipment": 3446230000, "intangibleAssets": 6652000, "otherAssets": 356745000, "deferredLongTermAssetCharges": 231860000, "totalAssets": 5900809000, "accountsPayable": 916943000, "shortLongTermDebt": 357586000, "otherCurrentLiab": 120028000, "longTermDebt": 1797444000, "otherLiab": 59390000, "totalCurrentLiabilities": 1700542000, "totalLiab": 3557376000, "commonStock": 392396000, "retainedEarnings": 1640447000, "treasuryStock": 306535000, "capitalSurplus": 4055000, "otherStockholderEquity": 306535000, "totalStockholderEquity": 2343433000, "netTangibleAssets": 2336781000}], "maxAge": 86400}, "earningsTrend": {"trend": [{"maxAge": 1, "period": "0q", "endDate": null, "growth": {}, "earningsEstimate": {"avg": 0.0, "low": 0.0, "high": 0.0, "yearAgoEps": {}, "numberOfAnalysts": 0, "growth": {}}, "revenueEstimate": {"avg": 0, "low": 0, "high": 0, "numberOfAnalysts": 0, "yearAgoRevenue": {}, "growth": {}}, "epsTrend": {"current": 0.0, "7daysAgo": 0.0, "30daysAgo": 0.0, "60daysAgo": 0.0, "90daysAgo": 0.0}, "epsRevisions": {"upLast7days": 0, "upLast30days": 0, "downLast30days": 0, "downLast90days": {}}}, {"maxAge": 1, "period": "+1q", "endDate": null, "growth": {}, "earningsEstimate": {"avg": 0.0, "low": 0.0, "high": 0.0, "yearAgoEps": {}, "numberOfAnalysts": 0, "growth": {}}, "revenueEstimate": {"avg": 0, "low": 0, "high": 0, "numberOfAnalysts": 0, "yearAgoRevenue": {}, "growth": {}}, "epsTrend": {"current": 0.0, "7daysAgo": 0.0, "30daysAgo": 0.0, "60daysAgo": 0.0, "90daysAgo": 0.0}, "epsRevisions": {"upLast7days": 0, "upLast30days": 0, "downLast30days": 0, "downLast90days": {}}}, {"maxAge": 1, "period": "0y", "endDate": null, "growth": {}, "earningsEstimate": {"avg": 0.0, "low": 0.0, "high": 0.0, "yearAgoEps": {}, "numberOfAnalysts": 0, "growth": {}}, "revenueEstimate": {"avg": 0, "low": 0, "high": 0, "numberOfAnalysts": 0, "yearAgoRevenue": {}, "growth": {}}, "epsTrend": {"current": 0.0, "7daysAgo": 0.0, "30daysAgo": 0.0, "60daysAgo": 0.0, "90daysAgo": 0.0}, "epsRevisions": {"upLast7days": 0, "upLast30days": 0, "downLast30days": 0, "downLast90days": {}}}, {"maxAge": 1, "period": "+1y", "endDate": null, "growth": {}, "earningsEstimate": {"avg": 0.0, "low": 0.0, "high": 0.0, "yearAgoEps": {}, "numberOfAnalysts": 0, "growth": {}}, "revenueEstimate": {"avg": 0, "low": 0, "high": 0, "numberOfAnalysts": 0, "yearAgoRevenue": {}, "growth": {}}, "epsTrend": {"current": 0.0, "7daysAgo": 0.0, "30daysAgo": 0.0, "60daysAgo": 0.0, "90daysAgo": 0.0}, "epsRevisions": {"upLast7days": 0, "upLast30days": 0, "downLast30days": 0, "downLast90days": {}}}, {"maxAge": 1, "period": "+5y", "endDate": null, "growth": {}, "earningsEstimate": {"avg": {}, "low": {}, "high": {}, "yearAgoEps": {}, "numberOfAnalysts": {}, "growth": {}}, "revenueEstimate": {"avg": {}, "low": {}, "high": {}, "numberOfAnalysts": {}, "yearAgoRevenue": {}, "growth": {}}, "epsTrend": {"current": {}, "7daysAgo": {}, "30daysAgo": {}, "60daysAgo": {}, "90daysAgo": {}}, "epsRevisions": {"upLast7days": {}, "upLast30days": {}, "downLast30days": {}, "downLast90days": {}}}, {"maxAge": 1, "period": "-5y", "endDate": null, "growth": {}, "earningsEstimate": {"avg": {}, "low": {}, "high": {}, "yearAgoEps": {}, "numberOfAnalysts": {}, "growth": {}}, "revenueEstimate": {"avg": {}, "low": {}, "high": {}, "numberOfAnalysts": {}, "yearAgoRevenue": {}, "growth": {}}, "epsTrend": {"current": {}, "7daysAgo": {}, "30daysAgo": {}, "60daysAgo": {}, "90daysAgo": {}}, "epsRevisions": {"upLast7days": {}, "upLast30days": {}, "downLast30days": {}, "downLast90days": {}}}], "maxAge": 1}, "financialData": {"maxAge": 86400, "currentPrice": 47.4, "recommendationKey": "none", "grossProfits": 4520813000, "financialCurrency": "INR"}}}