{"B2BSOFT.BO": {"cashflowStatementHistory": {"cashflowStatements": [{"maxAge": 1, "endDate": "2020-03-31", "netIncome": 9076829, "depreciation": 1110435, "changeToNetincome": -2139851, "changeToAccountReceivables": -796784, "changeToLiabilities": 1991115, "changeToInventory": 91776, "changeToOperatingActivities": 1955521, "totalCashFromOperatingActivities": 11289041, "capitalExpenditures": -914415, "investments": -5752543, "otherCashflowsFromInvestingActivities": 5712543, "totalCashflowsFromInvestingActivities": -954415, "effectOfExchangeRate": 437608, "changeInCash": 10772234}, {"maxAge": 1, "endDate": "2019-03-31", "netIncome": 1972952, "depreciation": 1190255, "changeToNetincome": -258005, "changeToAccountReceivables": -1016317, "changeToLiabilities": 1921952, "changeToInventory": -60551, "changeToOperatingActivities": 707450, "totalCashFromOperatingActivities": 4457736, "capitalExpenditures": -1194168, "investments": -4460502, "otherCashflowsFromInvestingActivities": 3960502, "totalCashflowsFromInvestingActivities": -1694168, "effectOfExchangeRate": 451164, "changeInCash": 3214732}, {"maxAge": 1, "endDate": "2018-03-31", "netIncome": 6257380, "depreciation": 1206971, "changeToNetincome": -187401, "changeToAccountReceivables": -4605184, "changeToLiabilities": -1238182, "changeToInventory": 83934, "changeToOperatingActivities": 5987155, "totalCashFromOperatingActivities": 7504673, "capitalExpenditures": -973826, "investments": -28867137, "otherCashflowsFromInvestingActivities": 2893724, "totalCashflowsFromInvestingActivities": -26923849, "effectOfExchangeRate": -318317, "changeInCash": -19737493}, {"maxAge": 1, "endDate": "2017-03-31", "netIncome": 13521162, "depreciation": 1565807, "changeToNetincome": -3564083, "changeToAccountReceivables": 1279765, "changeToLiabilities": -2564173, "changeToInventory": 31443, "changeToOperatingActivities": 803026, "totalCashFromOperatingActivities": 11072947, "capitalExpenditures": -1430619, "investments": -9388173, "otherCashflowsFromInvestingActivities": 2327694, "totalCashflowsFromInvestingActivities": -8488098, "effectOfExchangeRate": -654404, "changeInCash": 1930446}], "maxAge": 86400}, "institutionOwnership": {"maxAge": 1, "ownershipList": []}, "balanceSheetHistoryQuarterly": {"balanceSheetStatements": [{"maxAge": 1, "endDate": "2020-06-30", "totalStockholderEquity": 104736000, "netTangibleAssets": 104735000}, {"maxAge": 1, "endDate": "2020-03-31", "cash": 24093463, "shortTermInvestments": 81823569, "netReceivables": 19113086, "inventory": 301301, "otherCurrentAssets": 163676, "totalCurrentAssets": 125495095, "propertyPlantEquipment": 2006632, "intangibleAssets": 929, "otherAssets": 6786719, "totalAssets": 134289375, "accountsPayable": 5468360, "otherCurrentLiab": 5851002, "totalCurrentLiabilities": 29553218, "totalLiab": 29553218, "commonStock": 115854000, "retainedEarnings": -21288161, "treasuryStock": 10170318, "otherStockholderEquity": 10170318, "totalStockholderEquity": 104736157, "netTangibleAssets": 104735228}, {"maxAge": 1, "endDate": "2019-12-31", "totalStockholderEquity": 97258000, "netTangibleAssets": 97257000}, {"maxAge": 1, "endDate": "2019-09-30", "cash": 30284000, "shortTermInvestments": 68452000, "netReceivables": 11532000, "inventory": 393000, "otherCurrentAssets": 5937000, "totalCurrentAssets": 116598000, "propertyPlantEquipment": 2037000, "intangibleAssets": 1000, "otherAssets": 6786000, "totalAssets": 125422000, "accountsPayable": 4529000, "otherCurrentLiab": 23635000, "totalCurrentLiabilities": 28164000, "totalLiab": 28164000, "commonStock": 115931000, "treasuryStock": -18673000, "otherStockholderEquity": -18673000, "totalStockholderEquity": 97258000, "netTangibleAssets": 97257000}], "maxAge": 86400}, "indexTrend": {"maxAge": 1, "symbol": "SP5", "peRatio": 19.7411, "pegRatio": 1.34172, "estimates": [{"period": "0q", "growth": 0.549}, {"period": "+1q", "growth": 0.431}, {"period": "0y", "growth": 0.305}, {"period": "+1y", "growth": 0.109}, {"period": "+5y", "growth": 0.120859005}, {"period": "-5y"}]}, "insiderTransactions": {"transactions": [{"maxAge": 1, "shares": 3511550, "filerUrl": "", "transactionText": "", "filerName": "Muthyala (Murthy)", "filerRelation": "Director", "moneyText": "", "startDate": "2013-05-31", "ownership": "D"}], "maxAge": 1}, "quoteType": {"exchange": "BSE", "quoteType": "EQUITY", "symbol": "B2BSOFT.BO", "underlyingSymbol": "B2BSOFT.BO", "shortName": "B2B SOFTWARE TECHNOLOGIES LTD.", "longName": "B2B Software Technologies Limited", "firstTradeDateEpochUtc": "2002-02-01 09:15:00", "timeZoneFullName": "Asia/Kolkata", "timeZoneShortName": "IST", "uuid": "d9701773-18cc-3356-a916-4d42409bc5bf", "messageBoardId": null, "gmtOffSetMilliseconds": 19800000, "maxAge": 1}, "incomeStatementHistory": {"incomeStatementHistory": [{"maxAge": 1, "endDate": "2020-03-31", "totalRevenue": 138555471, "costOfRevenue": 119254587, "grossProfit": 19300884, "researchDevelopment": {}, "sellingGeneralAdministrative": 14029456, "nonRecurring": {}, "otherOperatingExpenses": -452720, "totalOperatingExpenses": 134827342, "operatingIncome": 3728129, "totalOtherIncomeExpenseNet": 7732493, "ebit": 3728129, "interestExpense": {}, "incomeBeforeTax": 11460622, "incomeTaxExpense": 2383793, "minorityInterest": {}, "netIncomeFromContinuingOps": 9076829, "discontinuedOperations": {}, "extraordinaryItems": {}, "effectOfAccountingCharges": {}, "otherItems": {}, "netIncome": 9076829, "netIncomeApplicableToCommonShares": 9076829}, {"maxAge": 1, "endDate": "2019-03-31", "totalRevenue": 106309682, "costOfRevenue": 96974942, "grossProfit": 9334740, "researchDevelopment": {}, "sellingGeneralAdministrative": 12586500, "nonRecurring": {}, "otherOperatingExpenses": -1651472, "totalOperatingExpenses": 109100225, "operatingIncome": -2790543, "totalOtherIncomeExpenseNet": 5237745, "ebit": -2790543, "interestExpense": {}, "incomeBeforeTax": 2447202, "incomeTaxExpense": 474250, "minorityInterest": {}, "netIncomeFromContinuingOps": 1972952, "discontinuedOperations": {}, "extraordinaryItems": {}, "effectOfAccountingCharges": {}, "otherItems": {}, "netIncome": 1972952, "netIncomeApplicableToCommonShares": 1972952}, {"maxAge": 1, "endDate": "2018-03-31", "totalRevenue": 109022510, "costOfRevenue": 89984872, "grossProfit": 19037638, "researchDevelopment": {}, "sellingGeneralAdministrative": 12309770, "nonRecurring": {}, "otherOperatingExpenses": -1651472, "totalOperatingExpenses": 103501613, "operatingIncome": 5520897, "totalOtherIncomeExpenseNet": 4389219, "ebit": 5520897, "interestExpense": {}, "incomeBeforeTax": 9910116, "incomeTaxExpense": 3652736, "minorityInterest": {}, "netIncomeFromContinuingOps": 6257380, "discontinuedOperations": {}, "extraordinaryItems": {}, "effectOfAccountingCharges": {}, "otherItems": {}, "netIncome": 6257380, "netIncomeApplicableToCommonShares": 6257380}, {"maxAge": 1, "endDate": "2017-03-31", "totalRevenue": 101234964, "costOfRevenue": 78983987, "grossProfit": 22250977, "researchDevelopment": {}, "sellingGeneralAdministrative": 11230018, "nonRecurring": {}, "otherOperatingExpenses": -91318, "totalOperatingExpenses": 91688494, "operatingIncome": 9546470, "totalOtherIncomeExpenseNet": 3974692, "ebit": 9546470, "interestExpense": {}, "incomeBeforeTax": 13521162, "incomeTaxExpense": 0, "minorityInterest": {}, "netIncomeFromContinuingOps": 13521162, "discontinuedOperations": {}, "extraordinaryItems": {}, "effectOfAccountingCharges": {}, "otherItems": {}, "netIncome": 13521162, "netIncomeApplicableToCommonShares": 13521162}], "maxAge": 86400}, "fundOwnership": {"maxAge": 1, "ownershipList": []}, "summaryDetail": {"maxAge": 1, "priceHint": 2, "previousClose": 20.3, "open": 20.3, "dayLow": 20.1, "dayHigh": 21.3, "regularMarketPreviousClose": 20.3, "regularMarketOpen": 20.3, "regularMarketDayLow": 20.1, "regularMarketDayHigh": 21.3, "trailingPE": 22.397476, "volume": 21561, "regularMarketVolume": 21561, "averageVolume": 7789, "averageVolume10days": 8110, "averageDailyVolume10Day": 8110, "bid": 21.3, "ask": 0.0, "bidSize": 0, "askSize": 0, "marketCap": 246769008, "fiftyTwoWeekLow": 6.18, "fiftyTwoWeekHigh": 21.3, "fiftyDayAverage": 14.632571, "twoHundredDayAverage": 11.020876, "currency": "INR", "fromCurrency": null, "toCurrency": null, "lastMarket": null, "algorithm": null, "tradeable": false}, "incomeStatementHistoryQuarterly": {"incomeStatementHistory": [{"maxAge": 1, "endDate": "2020-06-30", "totalRevenue": 31905000, "costOfRevenue": 25975000, "grossProfit": 5930000, "researchDevelopment": {}, "sellingGeneralAdministrative": 2543000, "nonRecurring": {}, "otherOperatingExpenses": {}, "totalOperatingExpenses": 28746000, "operatingIncome": 3159000, "totalOtherIncomeExpenseNet": 1255000, "ebit": 3159000, "interestExpense": {}, "incomeBeforeTax": 4414000, "incomeTaxExpense": 1064000, "minorityInterest": {}, "netIncomeFromContinuingOps": 3350000, "discontinuedOperations": {}, "extraordinaryItems": {}, "effectOfAccountingCharges": {}, "otherItems": {}, "netIncome": 3350000, "netIncomeApplicableToCommonShares": 3350000}, {"maxAge": 1, "endDate": "2020-03-31", "totalRevenue": 37296471, "costOfRevenue": 36156587, "grossProfit": 1139884, "researchDevelopment": {}, "sellingGeneralAdministrative": 2934456, "nonRecurring": {}, "otherOperatingExpenses": -452720, "totalOperatingExpenses": 39868342, "operatingIncome": -2571871, "totalOtherIncomeExpenseNet": 2828493, "ebit": -2571871, "interestExpense": {}, "incomeBeforeTax": 256622, "incomeTaxExpense": 741793, "minorityInterest": {}, "netIncomeFromContinuingOps": -485171, "discontinuedOperations": {}, "extraordinaryItems": {}, "effectOfAccountingCharges": {}, "otherItems": {}, "netIncome": -485171, "netIncomeApplicableToCommonShares": -485171}, {"maxAge": 1, "endDate": "2019-12-31", "totalRevenue": 33393000, "costOfRevenue": 26276000, "grossProfit": 7117000, "researchDevelopment": {}, "sellingGeneralAdministrative": 4241000, "nonRecurring": {}, "otherOperatingExpenses": -452720, "totalOperatingExpenses": 30789000, "operatingIncome": 2604000, "totalOtherIncomeExpenseNet": 1743000, "ebit": 2604000, "interestExpense": {}, "incomeBeforeTax": 4347000, "incomeTaxExpense": 571000, "minorityInterest": {}, "netIncomeFromContinuingOps": 3776000, "discontinuedOperations": {}, "extraordinaryItems": {}, "effectOfAccountingCharges": {}, "otherItems": {}, "netIncome": 3776000, "netIncomeApplicableToCommonShares": 3776000}, {"maxAge": 1, "endDate": "2019-09-30", "totalRevenue": 38223000, "costOfRevenue": 30600000, "grossProfit": 7623000, "researchDevelopment": {}, "sellingGeneralAdministrative": 4241000, "nonRecurring": {}, "otherOperatingExpenses": -452720, "totalOperatingExpenses": 30864000, "operatingIncome": 7359000, "totalOtherIncomeExpenseNet": -5962000, "ebit": 7359000, "interestExpense": -3853000, "incomeBeforeTax": 5250000, "incomeTaxExpense": 880000, "minorityInterest": {}, "netIncomeFromContinuingOps": 4370000, "discontinuedOperations": {}, "extraordinaryItems": {}, "effectOfAccountingCharges": {}, "otherItems": {}, "netIncome": 4370000, "netIncomeApplicableToCommonShares": 4370000}], "maxAge": 86400}, "cashflowStatementHistoryQuarterly": {"cashflowStatements": [{"maxAge": 1, "endDate": "2020-06-30", "netIncome": 3350000, "changeToLiabilities": 0}, {"maxAge": 1, "endDate": "2020-03-31", "netIncome": -485171, "changeToLiabilities": 0}, {"maxAge": 1, "endDate": "2019-12-31", "netIncome": 3776000, "changeToLiabilities": 0}, {"maxAge": 1, "endDate": "2019-09-30", "netIncome": 4370000, "changeToLiabilities": 0}], "maxAge": 86400}, "insiderHolders": {"holders": [{"maxAge": 1, "name": "Muthyala (Murthy)", "relation": "Director", "url": "", "transactionDescription": "Sale", "latestTransDate": "2013-05-31", "positionDirect": 50000, "positionDirectDate": "2013-05-31"}], "maxAge": 1}, "calendarEvents": {"maxAge": 1, "earnings": {"earningsDate": []}}, "price": {"maxAge": 1, "regularMarketChangePercent": 0.049261082, "regularMarketChange": 1.0, "regularMarketTime": "2021-04-30 15:29:32", "priceHint": 2, "regularMarketPrice": 21.3, "regularMarketDayHigh": 21.3, "regularMarketDayLow": 20.1, "regularMarketVolume": 21561, "averageDailyVolume10Day": 8110, "averageDailyVolume3Month": 7789, "regularMarketPreviousClose": 20.3, "regularMarketSource": "FREE_REALTIME", "regularMarketOpen": 20.3, "exchange": "BSE", "exchangeName": "BSE", "exchangeDataDelayedBy": 0, "marketState": "CLOSED", "quoteType": "EQUITY", "symbol": "B2BSOFT.BO", "underlyingSymbol": null, "shortName": "B2B SOFTWARE TECHNOLOGIES LTD.", "longName": "B2B Software Technologies Limited", "currency": "INR", "quoteSourceName": "Delayed Quote", "currencySymbol": "\u20b9", "fromCurrency": null, "toCurrency": null, "lastMarket": null, "marketCap": 246769008}, "balanceSheetHistory": {"balanceSheetStatements": [{"maxAge": 1, "endDate": "2020-03-31", "cash": 24093463, "shortTermInvestments": 81823569, "netReceivables": 19113086, "inventory": 301301, "otherCurrentAssets": 163676, "totalCurrentAssets": 125495095, "propertyPlantEquipment": 2006632, "intangibleAssets": 929, "otherAssets": 6786719, "totalAssets": 134289375, "accountsPayable": 5468360, "otherCurrentLiab": 5851002, "totalCurrentLiabilities": 29553218, "totalLiab": 29553218, "commonStock": 115854000, "retainedEarnings": -21288161, "treasuryStock": 10170318, "otherStockholderEquity": 10170318, "totalStockholderEquity": 104736157, "netTangibleAssets": 104735228}, {"maxAge": 1, "endDate": "2019-03-31", "cash": 9145120, "shortTermInvestments": 80247141, "netReceivables": 15835222, "inventory": 393077, "otherCurrentAssets": 211686, "totalCurrentAssets": 105832246, "propertyPlantEquipment": 2202652, "intangibleAssets": 929, "otherAssets": 6746713, "totalAssets": 114782540, "accountsPayable": 3477245, "otherCurrentLiab": 3871272, "otherLiab": 1000, "totalCurrentLiabilities": 23173513, "totalLiab": 23173513, "commonStock": 115854000, "retainedEarnings": -30364990, "treasuryStock": 6120017, "otherStockholderEquity": 6120017, "totalStockholderEquity": 91609027, "netTangibleAssets": 91608098}, {"maxAge": 1, "endDate": "2018-03-31", "cash": 7523081, "shortTermInvestments": 74193946, "netReceivables": 16384118, "inventory": 332526, "otherCurrentAssets": 1072665, "totalCurrentAssets": 99506336, "propertyPlantEquipment": 2198315, "intangibleAssets": 1353, "otherAssets": 6746713, "totalAssets": 108452717, "accountsPayable": 1555293, "otherCurrentLiab": 6756248, "totalCurrentLiabilities": 22970303, "totalLiab": 22970303, "commonStock": 115854000, "retainedEarnings": -32337942, "treasuryStock": 1966356, "otherStockholderEquity": 1966356, "totalStockholderEquity": 85482414, "netTangibleAssets": 85481061}, {"maxAge": 1, "endDate": "2017-03-31", "cash": 11126565, "shortTermInvestments": 61460816, "netReceivables": 10992274, "inventory": 416460, "totalCurrentAssets": 83996115, "propertyPlantEquipment": 2455001, "intangibleAssets": 1969, "otherAssets": 6746713, "totalAssets": 93199798, "accountsPayable": 2793475, "otherCurrentLiab": 2843337, "totalCurrentLiabilities": 16362004, "totalLiab": 16362004, "commonStock": 115854000, "retainedEarnings": -38595049, "treasuryStock": -421158, "otherStockholderEquity": -421158, "totalStockholderEquity": 76837793, "netTangibleAssets": 76835824}], "maxAge": 86400}, "financialData": {"maxAge": 86400, "currentPrice": 21.3, "recommendationKey": "none", "grossProfits": 19300884, "financialCurrency": "INR"}}}