{"BABA.BO": {"cashflowStatementHistory": {"cashflowStatements": [{"maxAge": 1, "endDate": "2020-03-31", "netIncome": 4538280, "depreciation": 397680, "changeToNetincome": -8760480, "changeToAccountReceivables": 94020, "changeToLiabilities": 553700, "changeToInventory": -116290, "changeToOperatingActivities": -763320, "totalCashFromOperatingActivities": -4056410, "capitalExpenditures": -243560, "investments": -12196220, "otherCashflowsFromInvestingActivities": 10963180, "totalCashflowsFromInvestingActivities": 4023400, "otherCashflowsFromFinancingActivities": -212190, "totalCashFromFinancingActivities": -212190, "changeInCash": -245190}, {"maxAge": 1, "endDate": "2019-03-31", "netIncome": 13925670, "depreciation": 545110, "changeToNetincome": 368180, "changeToAccountReceivables": 5534320, "changeToLiabilities": -1292720, "changeToInventory": -116290, "changeToOperatingActivities": -5817540, "totalCashFromOperatingActivities": 13263020, "capitalExpenditures": -38980, "investments": 30029930, "otherCashflowsFromInvestingActivities": 14709070, "totalCashflowsFromInvestingActivities": 20517650, "otherCashflowsFromFinancingActivities": -28234000, "totalCashFromFinancingActivities": -35752300, "changeInCash": -1971630, "repurchaseOfStock": -7518300}, {"maxAge": 1, "endDate": "2018-03-31", "netIncome": 10305000, "depreciation": 1004870, "changeToNetincome": -10008380, "changeToAccountReceivables": -5462710, "changeToLiabilities": 0, "changeToInventory": 5400000, "changeToOperatingActivities": 3222160, "totalCashFromOperatingActivities": 4460940, "capitalExpenditures": -38980, "investments": -72833710, "otherCashflowsFromInvestingActivities": 11280960, "totalCashflowsFromInvestingActivities": -47552750, "otherCashflowsFromFinancingActivities": -36980080, "totalCashFromFinancingActivities": -54361780, "changeInCash": -97453590, "repurchaseOfStock": -17381700}, {"maxAge": 1, "endDate": "2017-03-31", "netIncome": 1119943, "depreciation": 1286652, "changeToNetincome": -9258433, "changeToAccountReceivables": 2137315, "changeToLiabilities": 0, "changeToInventory": 4716461, "changeToOperatingActivities": -12392960, "totalCashFromOperatingActivities": -12391022, "capitalExpenditures": -11918, "investments": -72833710, "otherCashflowsFromInvestingActivities": 14475867, "totalCashflowsFromInvestingActivities": 14463949, "otherCashflowsFromFinancingActivities": -51672371, "totalCashFromFinancingActivities": -77472371, "changeInCash": -75399444, "repurchaseOfStock": -25800000}], "maxAge": 86400}, "institutionOwnership": {"maxAge": 1, "ownershipList": []}, "balanceSheetHistoryQuarterly": {"balanceSheetStatements": [{"maxAge": 1, "endDate": "2020-06-30", "totalStockholderEquity": 165673000, "netTangibleAssets": 165673000}, {"maxAge": 1, "endDate": "2020-03-31", "cash": 6166840, "shortTermInvestments": 55000000, "netReceivables": 77110350, "inventory": 116290, "otherCurrentAssets": 13665660, "totalCurrentAssets": 152086370, "propertyPlantEquipment": 14873460, "otherAssets": 6003820, "deferredLongTermAssetCharges": 4020550, "totalAssets": 172963650, "accountsPayable": 3305900, "otherCurrentLiab": 94740, "otherLiab": 2732660, "totalCurrentLiabilities": 4557860, "totalLiab": 7290520, "commonStock": 52500000, "retainedEarnings": 62681880, "treasuryStock": 50491250, "otherStockholderEquity": 50491250, "totalStockholderEquity": 165673130, "netTangibleAssets": 165673130}, {"maxAge": 1, "endDate": "2019-12-31", "totalStockholderEquity": 163286000, "netTangibleAssets": 163286000}, {"maxAge": 1, "endDate": "2019-09-30", "cash": 57107000, "shortTermInvestments": 3687000, "netReceivables": 66410000, "otherCurrentAssets": 23674000, "totalCurrentAssets": 147191000, "longTermInvestments": 3000, "propertyPlantEquipment": 14829000, "otherAssets": 8548000, "deferredLongTermAssetCharges": 3810000, "totalAssets": 170571000, "accountsPayable": 3217000, "otherCurrentLiab": 437000, "otherLiab": 2903000, "totalCurrentLiabilities": 4382000, "totalLiab": 7285000, "commonStock": 52500000, "treasuryStock": 110786000, "otherStockholderEquity": 110786000, "totalStockholderEquity": 163286000, "netTangibleAssets": 163286000}], "maxAge": 86400}, "indexTrend": {"maxAge": 1, "symbol": "SP5", "peRatio": 19.7411, "pegRatio": 1.34172, "estimates": [{"period": "0q", "growth": 0.549}, {"period": "+1q", "growth": 0.431}, {"period": "0y", "growth": 0.305}, {"period": "+1y", "growth": 0.109}, {"period": "+5y", "growth": 0.120859005}, {"period": "-5y"}]}, "insiderTransactions": {"transactions": [{"maxAge": 1, "shares": 5156875, "filerUrl": "", "transactionText": "", "filerName": "Tanwani (Gordhan P)", "filerRelation": "Executive Chairman", "moneyText": "", "startDate": "2019-03-06", "ownership": "D"}], "maxAge": 1}, "quoteType": {"exchange": "BSE", "quoteType": "EQUITY", "symbol": "BABA.BO", "underlyingSymbol": "BABA.BO", "shortName": "BABA ARTS LTD.", "longName": "Baba Arts Limited", "firstTradeDateEpochUtc": "2002-07-01 09:15:00", "timeZoneFullName": "Asia/Kolkata", "timeZoneShortName": "IST", "uuid": "eaaa4e55-6e8d-3890-9389-d08a3d503a84", "messageBoardId": null, "gmtOffSetMilliseconds": 19800000, "maxAge": 1}, "incomeStatementHistory": {"incomeStatementHistory": [{"maxAge": 1, "endDate": "2020-03-31", "totalRevenue": 1787200, "costOfRevenue": 4049130, "grossProfit": -2261930, "researchDevelopment": {}, "sellingGeneralAdministrative": 94100, "nonRecurring": {}, "otherOperatingExpenses": 2285530, "totalOperatingExpenses": 6826440, "operatingIncome": -5039240, "totalOtherIncomeExpenseNet": 9630430, "ebit": -5039240, "interestExpense": -174500, "incomeBeforeTax": 4591190, "incomeTaxExpense": 52910, "minorityInterest": {}, "netIncomeFromContinuingOps": 4538280, "discontinuedOperations": {}, "extraordinaryItems": {}, "effectOfAccountingCharges": {}, "otherItems": {}, "netIncome": 4538280, "netIncomeApplicableToCommonShares": 4538280}, {"maxAge": 1, "endDate": "2019-03-31", "totalRevenue": 8725010, "costOfRevenue": 3464970, "grossProfit": 5260040, "researchDevelopment": {}, "sellingGeneralAdministrative": 74980, "nonRecurring": {}, "otherOperatingExpenses": 2575770, "totalOperatingExpenses": 6717100, "operatingIncome": 2007910, "totalOtherIncomeExpenseNet": 13739940, "ebit": 2007910, "interestExpense": -320, "incomeBeforeTax": 15747850, "incomeTaxExpense": 1822180, "minorityInterest": {}, "netIncomeFromContinuingOps": 13925670, "discontinuedOperations": {}, "extraordinaryItems": {}, "effectOfAccountingCharges": {}, "otherItems": {}, "netIncome": 13925670, "netIncomeApplicableToCommonShares": 13925670}, {"maxAge": 1, "endDate": "2018-03-31", "totalRevenue": 14107620, "costOfRevenue": 9093390, "grossProfit": 5014230, "researchDevelopment": {}, "sellingGeneralAdministrative": 97690, "nonRecurring": {}, "otherOperatingExpenses": 4130370, "totalOperatingExpenses": 15616320, "operatingIncome": -1508700, "totalOtherIncomeExpenseNet": 10993270, "ebit": -1508700, "interestExpense": -82720, "incomeBeforeTax": 9484570, "incomeTaxExpense": -820430, "minorityInterest": {}, "netIncomeFromContinuingOps": 10305000, "discontinuedOperations": {}, "extraordinaryItems": {}, "effectOfAccountingCharges": {}, "otherItems": {}, "netIncome": 10305000, "netIncomeApplicableToCommonShares": 10305000}, {"maxAge": 1, "endDate": "2017-03-31", "totalRevenue": 6483856, "costOfRevenue": 7419971, "grossProfit": -936115, "researchDevelopment": {}, "sellingGeneralAdministrative": 116555, "nonRecurring": {}, "otherOperatingExpenses": 5850691, "totalOperatingExpenses": 16876869, "operatingIncome": -10393013, "totalOtherIncomeExpenseNet": 11491380, "ebit": -10393013, "interestExpense": -66899, "incomeBeforeTax": 1098367, "incomeTaxExpense": -21576, "minorityInterest": {}, "netIncomeFromContinuingOps": 1119943, "discontinuedOperations": {}, "extraordinaryItems": {}, "effectOfAccountingCharges": {}, "otherItems": {}, "netIncome": 1119943, "netIncomeApplicableToCommonShares": 1119943}], "maxAge": 86400}, "fundOwnership": {"maxAge": 1, "ownershipList": []}, "summaryDetail": {"maxAge": 1, "priceHint": 2, "previousClose": 11.16, "open": 11.16, "dayLow": 10.5, "dayHigh": 11.16, "regularMarketPreviousClose": 11.16, "regularMarketOpen": 11.16, "regularMarketDayLow": 10.5, "regularMarketDayHigh": 11.16, "trailingPE": 91.66667, "volume": 4497, "regularMarketVolume": 4497, "averageVolume": 12258, "averageVolume10days": 4286, "averageDailyVolume10Day": 4286, "bid": 10.52, "ask": 11.0, "bidSize": 0, "askSize": 0, "marketCap": 577500032, "fiftyTwoWeekLow": 2.51, "fiftyTwoWeekHigh": 11.39, "fiftyDayAverage": 10.048572, "twoHundredDayAverage": 8.76562, "currency": "INR", "fromCurrency": null, "toCurrency": null, "lastMarket": null, "algorithm": null, "tradeable": false}, "incomeStatementHistoryQuarterly": {"incomeStatementHistory": [{"maxAge": 1, "endDate": "2020-06-30", "totalRevenue": 61384000, "costOfRevenue": 57396000, "grossProfit": 3988000, "researchDevelopment": {}, "sellingGeneralAdministrative": {}, "nonRecurring": {}, "otherOperatingExpenses": 3328000, "totalOperatingExpenses": 60824000, "operatingIncome": 560000, "totalOtherIncomeExpenseNet": 2176000, "ebit": 560000, "interestExpense": -19000, "incomeBeforeTax": 2736000, "incomeTaxExpense": 115000, "minorityInterest": {}, "netIncomeFromContinuingOps": 2621000, "discontinuedOperations": {}, "extraordinaryItems": {}, "effectOfAccountingCharges": {}, "otherItems": {}, "netIncome": 2621000, "netIncomeApplicableToCommonShares": 2621000}, {"maxAge": 1, "endDate": "2020-03-31", "totalRevenue": 338200, "costOfRevenue": 1562130, "grossProfit": -1223930, "researchDevelopment": {}, "sellingGeneralAdministrative": 94100, "nonRecurring": {}, "otherOperatingExpenses": -1166470, "totalOperatingExpenses": 598440, "operatingIncome": -260240, "totalOtherIncomeExpenseNet": 1180430, "ebit": -260240, "interestExpense": -150500, "incomeBeforeTax": 920190, "incomeTaxExpense": -395090, "minorityInterest": {}, "netIncomeFromContinuingOps": 1315280, "discontinuedOperations": {}, "extraordinaryItems": {}, "effectOfAccountingCharges": {}, "otherItems": {}, "netIncome": 1315280, "netIncomeApplicableToCommonShares": 1315280}, {"maxAge": 1, "endDate": "2019-12-31", "totalRevenue": 500000, "costOfRevenue": 868000, "grossProfit": -368000, "researchDevelopment": {}, "sellingGeneralAdministrative": 94100, "nonRecurring": {}, "otherOperatingExpenses": 1152000, "totalOperatingExpenses": 2110000, "operatingIncome": -1610000, "totalOtherIncomeExpenseNet": 2921000, "ebit": -1610000, "interestExpense": -10000, "incomeBeforeTax": 1311000, "incomeTaxExpense": 131000, "minorityInterest": {}, "netIncomeFromContinuingOps": 1180000, "discontinuedOperations": {}, "extraordinaryItems": {}, "effectOfAccountingCharges": {}, "otherItems": {}, "netIncome": 1180000, "netIncomeApplicableToCommonShares": 1180000}, {"maxAge": 1, "endDate": "2019-09-30", "totalRevenue": 516000, "costOfRevenue": 806000, "grossProfit": -290000, "researchDevelopment": {}, "sellingGeneralAdministrative": 94100, "nonRecurring": {}, "otherOperatingExpenses": 1021000, "totalOperatingExpenses": 1927000, "operatingIncome": -1411000, "totalOtherIncomeExpenseNet": 2666000, "ebit": -1411000, "interestExpense": -3000, "incomeBeforeTax": 1255000, "incomeTaxExpense": 86000, "minorityInterest": {}, "netIncomeFromContinuingOps": 1169000, "discontinuedOperations": {}, "extraordinaryItems": {}, "effectOfAccountingCharges": {}, "otherItems": {}, "netIncome": 1169000, "netIncomeApplicableToCommonShares": 1169000}], "maxAge": 86400}, "cashflowStatementHistoryQuarterly": {"cashflowStatements": [{"maxAge": 1, "endDate": "2020-06-30", "netIncome": 2621000, "changeToLiabilities": 0}, {"maxAge": 1, "endDate": "2020-03-31", "netIncome": 1315280, "changeToLiabilities": 0}, {"maxAge": 1, "endDate": "2019-12-31", "netIncome": 1180000, "changeToLiabilities": 0}, {"maxAge": 1, "endDate": "2019-09-30", "netIncome": 1169000, "changeToLiabilities": 0}], "maxAge": 86400}, "insiderHolders": {"holders": [{"maxAge": 1, "name": "Tanwani (Gordhan P)", "relation": "Executive Chairman", "url": "", "transactionDescription": "Other", "latestTransDate": "2019-03-06", "positionDirect": 39200000, "positionDirectDate": "2019-03-06"}], "maxAge": 1}, "calendarEvents": {"maxAge": 1, "earnings": {"earningsDate": ["2020-08-05 05:30:S"]}}, "price": {"maxAge": 1, "regularMarketChangePercent": -0.0143369045, "regularMarketChange": -0.15999985, "regularMarketTime": "2021-04-30 15:27:33", "priceHint": 2, "regularMarketPrice": 11.0, "regularMarketDayHigh": 11.16, "regularMarketDayLow": 10.5, "regularMarketVolume": 4497, "averageDailyVolume10Day": 4286, "averageDailyVolume3Month": 12258, "regularMarketPreviousClose": 11.16, "regularMarketSource": "FREE_REALTIME", "regularMarketOpen": 11.16, "exchange": "BSE", "exchangeName": "BSE", "exchangeDataDelayedBy": 0, "marketState": "CLOSED", "quoteType": "EQUITY", "symbol": "BABA.BO", "underlyingSymbol": null, "shortName": "BABA ARTS LTD.", "longName": "Baba Arts Limited", "currency": "INR", "quoteSourceName": "Delayed Quote", "currencySymbol": "\u20b9", "fromCurrency": null, "toCurrency": null, "lastMarket": null, "marketCap": 577500032}, "balanceSheetHistory": {"balanceSheetStatements": [{"maxAge": 1, "endDate": "2020-03-31", "cash": 6166840, "shortTermInvestments": 55000000, "netReceivables": 77110350, "inventory": 116290, "otherCurrentAssets": 13665660, "totalCurrentAssets": 152086370, "propertyPlantEquipment": 14873460, "otherAssets": 6003820, "deferredLongTermAssetCharges": 4020550, "totalAssets": 172963650, "accountsPayable": 3305900, "otherCurrentLiab": 94740, "otherLiab": 2732660, "totalCurrentLiabilities": 4557860, "totalLiab": 7290520, "commonStock": 52500000, "retainedEarnings": 62681880, "treasuryStock": 50491250, "otherStockholderEquity": 50491250, "totalStockholderEquity": 165673130, "netTangibleAssets": 165673130}, {"maxAge": 1, "endDate": "2019-03-31", "cash": 6412030, "shortTermInvestments": 42803780, "netReceivables": 82794020, "otherCurrentAssets": 12500010, "totalCurrentAssets": 144527850, "longTermInvestments": 2500, "propertyPlantEquipment": 15027590, "otherAssets": 8769980, "deferredLongTermAssetCharges": 3599580, "totalAssets": 168327920, "accountsPayable": 3382350, "otherCurrentLiab": 104030, "otherLiab": 2757760, "totalCurrentLiabilities": 4228070, "totalLiab": 6985830, "commonStock": 52500000, "retainedEarnings": 58143610, "treasuryStock": 50698480, "otherStockholderEquity": 50698480, "totalStockholderEquity": 161342090, "netTangibleAssets": 161342090}, {"maxAge": 1, "endDate": "2018-03-31", "cash": 8384650, "shortTermInvestments": 72833710, "netReceivables": 57918580, "otherCurrentAssets": 12516170, "totalCurrentAssets": 151694950, "longTermInvestments": 2500, "propertyPlantEquipment": 15649300, "otherAssets": 22640090, "deferredLongTermAssetCharges": 1096580, "totalAssets": 189986840, "accountsPayable": 3151190, "otherCurrentLiab": 1595840, "otherLiab": 1114070, "totalCurrentLiabilities": 5695870, "totalLiab": 6809940, "commonStock": 60018300, "retainedEarnings": 79976900, "treasuryStock": 43181700, "otherStockholderEquity": 43181700, "totalStockholderEquity": 183176900, "netTangibleAssets": 183176900}, {"maxAge": 1, "endDate": "2017-03-31", "cash": 5798209, "shortTermInvestments": 100000000, "netReceivables": 65953829, "otherCurrentAssets": 19230034, "totalCurrentAssets": 191053704, "longTermInvestments": 2500, "propertyPlantEquipment": 16654168, "otherAssets": 25005282, "deferredLongTermAssetCharges": 202835, "totalAssets": 232715654, "accountsPayable": 3151194, "otherCurrentLiab": 108672, "otherLiab": 1360801, "totalCurrentLiabilities": 4271260, "totalLiab": 5632061, "commonStock": 77400000, "retainedEarnings": 103640325, "treasuryStock": 25800000, "capitalSurplus": 20243268, "otherStockholderEquity": 25800000, "totalStockholderEquity": 227083593, "netTangibleAssets": 227083593}], "maxAge": 86400}, "financialData": {"maxAge": 86400, "currentPrice": 11.0, "recommendationKey": "none", "grossProfits": -2261930, "financialCurrency": "INR"}}}