{"BAFNAPHARM.BO": {"cashflowStatementHistory": {"cashflowStatements": [{"maxAge": 1, "endDate": "2020-03-31", "netIncome": -21703000, "depreciation": 32666000, "changeToNetincome": -224320000, "changeToAccountReceivables": 187990000, "changeToLiabilities": -270172000, "changeToInventory": -21292000, "changeToOperatingActivities": -26256000, "totalCashFromOperatingActivities": -343087000, "capitalExpenditures": -14288000, "otherCashflowsFromInvestingActivities": 2553000, "totalCashflowsFromInvestingActivities": 327748000, "netBorrowings": -432103000, "otherCashflowsFromFinancingActivities": -48441000, "totalCashFromFinancingActivities": 73014000, "changeInCash": 57675000, "issuanceOfStock": 553558000}, {"maxAge": 1, "endDate": "2019-03-31", "netIncome": -198803000, "depreciation": 33053000, "changeToNetincome": 35594000, "changeToAccountReceivables": -5543000, "changeToLiabilities": 109484000, "changeToInventory": 13919000, "changeToOperatingActivities": -7284000, "totalCashFromOperatingActivities": -17871000, "capitalExpenditures": -3331000, "otherCashflowsFromInvestingActivities": -1681000, "totalCashflowsFromInvestingActivities": 153621000, "netBorrowings": -126329000, "otherCashflowsFromFinancingActivities": -25599000, "totalCashFromFinancingActivities": -138127000, "changeInCash": -2379000, "issuanceOfStock": 13801000}, {"maxAge": 1, "endDate": "2018-03-31", "netIncome": -167365000, "depreciation": 38412000, "changeToNetincome": -214804000, "changeToAccountReceivables": 294964000, "changeToLiabilities": 47059000, "changeToInventory": 60657000, "changeToOperatingActivities": -130725000, "totalCashFromOperatingActivities": -70473000, "capitalExpenditures": -1265000, "otherCashflowsFromInvestingActivities": 3206000, "totalCashflowsFromInvestingActivities": 379695000, "netBorrowings": -356859000, "otherCashflowsFromFinancingActivities": -69429000, "totalCashFromFinancingActivities": -306288000, "changeInCash": 2934000, "issuanceOfStock": 120000000}, {"maxAge": 1, "endDate": "2017-03-31", "netIncome": -190867000, "depreciation": 40749000, "changeToNetincome": 100067000, "changeToAccountReceivables": 141885000, "changeToLiabilities": -137965000, "changeToInventory": -3601000, "changeToOperatingActivities": 38814000, "totalCashFromOperatingActivities": -9472000, "capitalExpenditures": -791000, "otherCashflowsFromInvestingActivities": 1850000, "totalCashflowsFromInvestingActivities": -54195000, "netBorrowings": 137845000, "otherCashflowsFromFinancingActivities": -74737000, "totalCashFromFinancingActivities": 63108000, "changeInCash": -559000, "issuanceOfStock": 120000000}], "maxAge": 86400}, "institutionOwnership": {"maxAge": 1, "ownershipList": []}, "balanceSheetHistoryQuarterly": {"balanceSheetStatements": [{"maxAge": 1, "endDate": "2020-06-30", "totalStockholderEquity": 511147000, "netTangibleAssets": 510789000}, {"maxAge": 1, "endDate": "2020-03-31", "cash": 84807000, "netReceivables": 130150000, "inventory": 114116000, "otherCurrentAssets": 30604000, "totalCurrentAssets": 360957000, "propertyPlantEquipment": 351812000, "goodWill": 358000, "otherAssets": -1000, "totalAssets": 713126000, "accountsPayable": 125414000, "otherCurrentLiab": 27183000, "longTermDebt": 30176000, "minorityInterest": 807000, "totalCurrentLiabilities": 170996000, "totalLiab": 201172000, "commonStock": 23656000, "retainedEarnings": -763295000, "treasuryStock": 837672000, "capitalSurplus": 413114000, "otherStockholderEquity": 837672000, "totalStockholderEquity": 511147000, "netTangibleAssets": 510789000}, {"maxAge": 1, "endDate": "2019-12-31", "totalStockholderEquity": 163404000, "netTangibleAssets": 163046000}, {"maxAge": 1, "endDate": "2019-09-30", "cash": 24692000, "netReceivables": 271721000, "inventory": 111834000, "otherCurrentAssets": 112281000, "totalCurrentAssets": 520528000, "propertyPlantEquipment": 356451000, "goodWill": 358000, "otherAssets": 335653000, "totalAssets": 1212990000, "accountsPayable": 447456000, "otherCurrentLiab": 81536000, "longTermDebt": 234713000, "otherLiab": 52684000, "deferredLongTermLiab": 12981000, "minorityInterest": -2061000, "totalCurrentLiabilities": 764250000, "totalLiab": 1051647000, "commonStock": 236563000, "treasuryStock": -73159000, "otherStockholderEquity": -73159000, "totalStockholderEquity": 163404000, "netTangibleAssets": 163046000}], "maxAge": 86400}, "indexTrend": {"maxAge": 1, "symbol": "SP5", "peRatio": 19.7411, "pegRatio": 1.34172, "estimates": [{"period": "0q", "growth": 0.549}, {"period": "+1q", "growth": 0.431}, {"period": "0y", "growth": 0.305}, {"period": "+1y", "growth": 0.109}, {"period": "+5y", "growth": 0.120859005}, {"period": "-5y"}]}, "insiderTransactions": {"transactions": [{"maxAge": 1, "shares": 100000, "filerUrl": "", "transactionText": "", "filerName": "Bafna (Mahaveer Chand)", "filerRelation": "Chairman of the Board", "moneyText": "", "startDate": "2012-02-23", "ownership": "D"}], "maxAge": 1}, "quoteType": {"exchange": "BSE", "quoteType": "EQUITY", "symbol": "BAFNAPHARM.BO", "underlyingSymbol": "BAFNAPHARM.BO", "shortName": "BAFNA PHARMACEUTICALS LTD.", "longName": "Bafna Pharmaceuticals Limited", "firstTradeDateEpochUtc": "2008-06-27 09:15:00", "timeZoneFullName": "Asia/Kolkata", "timeZoneShortName": "IST", "uuid": "284e5000-9851-398b-b767-ccdb50f33281", "messageBoardId": null, "gmtOffSetMilliseconds": 19800000, "maxAge": 1}, "incomeStatementHistory": {"incomeStatementHistory": [{"maxAge": 1, "endDate": "2020-03-31", "totalRevenue": 424725000, "costOfRevenue": 275020000, "grossProfit": 149705000, "researchDevelopment": {}, "sellingGeneralAdministrative": 105627000, "nonRecurring": {}, "otherOperatingExpenses": 31213000, "totalOperatingExpenses": 444526000, "operatingIncome": -19801000, "totalOtherIncomeExpenseNet": 967000, "ebit": -19801000, "interestExpense": -10000, "incomeBeforeTax": -18834000, "incomeTaxExpense": 0, "minorityInterest": 807000, "netIncomeFromContinuingOps": -18834000, "discontinuedOperations": {}, "extraordinaryItems": {}, "effectOfAccountingCharges": {}, "otherItems": {}, "netIncome": -21703000, "netIncomeApplicableToCommonShares": -21703000}, {"maxAge": 1, "endDate": "2019-03-31", "totalRevenue": 436396000, "costOfRevenue": 346797000, "grossProfit": 89599000, "researchDevelopment": {}, "sellingGeneralAdministrative": 92775000, "nonRecurring": {}, "otherOperatingExpenses": 124881000, "totalOperatingExpenses": 599215000, "operatingIncome": -162819000, "totalOtherIncomeExpenseNet": -20109000, "ebit": -162819000, "interestExpense": -19684000, "incomeBeforeTax": -182928000, "incomeTaxExpense": 10674000, "minorityInterest": -2061000, "netIncomeFromContinuingOps": -193602000, "discontinuedOperations": {}, "extraordinaryItems": {}, "effectOfAccountingCharges": {}, "otherItems": {}, "netIncome": -198803000, "netIncomeApplicableToCommonShares": -198803000}, {"maxAge": 1, "endDate": "2018-03-31", "totalRevenue": 480242000, "costOfRevenue": 439761000, "grossProfit": 40481000, "researchDevelopment": {}, "sellingGeneralAdministrative": 77514000, "nonRecurring": {}, "otherOperatingExpenses": 304444000, "totalOperatingExpenses": 861460000, "operatingIncome": -381218000, "totalOtherIncomeExpenseNet": 234052000, "ebit": -381218000, "interestExpense": -67351000, "incomeBeforeTax": -147166000, "incomeTaxExpense": 21927000, "minorityInterest": -7263000, "netIncomeFromContinuingOps": -169093000, "discontinuedOperations": {}, "extraordinaryItems": {}, "effectOfAccountingCharges": {}, "otherItems": {}, "netIncome": -167365000, "netIncomeApplicableToCommonShares": -167365000}, {"maxAge": 1, "endDate": "2017-03-31", "totalRevenue": 655117000, "costOfRevenue": 578974000, "grossProfit": 76143000, "researchDevelopment": {}, "sellingGeneralAdministrative": 71650000, "nonRecurring": {}, "otherOperatingExpenses": 57036000, "totalOperatingExpenses": 749855000, "operatingIncome": -94738000, "totalOtherIncomeExpenseNet": -108889000, "ebit": -94738000, "interestExpense": -110488000, "incomeBeforeTax": -203627000, "incomeTaxExpense": -9030000, "minorityInterest": -5535000, "netIncomeFromContinuingOps": -194597000, "discontinuedOperations": {}, "extraordinaryItems": {}, "effectOfAccountingCharges": {}, "otherItems": {}, "netIncome": -190867000, "netIncomeApplicableToCommonShares": -190867000}], "maxAge": 86400}, "fundOwnership": {"maxAge": 1, "ownershipList": []}, "summaryDetail": {"maxAge": 1, "priceHint": 2, "previousClose": 131.7, "open": 129.65, "dayLow": 127.1, "dayHigh": 137.9, "regularMarketPreviousClose": 131.7, "regularMarketOpen": 129.65, "regularMarketDayLow": 127.1, "regularMarketDayHigh": 137.9, "trailingPE": 17.41543, "volume": 1685, "regularMarketVolume": 1685, "averageVolume": 1467, "averageVolume10days": 3311, "averageDailyVolume10Day": 3311, "bid": 127.3, "ask": 132.15, "bidSize": 0, "askSize": 0, "marketCap": 3081233152, "fiftyTwoWeekLow": 5.25, "fiftyTwoWeekHigh": 184.0, "fiftyDayAverage": 136.11143, "twoHundredDayAverage": 71.15197, "currency": "INR", "fromCurrency": null, "toCurrency": null, "lastMarket": null, "algorithm": null, "tradeable": false}, "incomeStatementHistoryQuarterly": {"incomeStatementHistory": [{"maxAge": 1, "endDate": "2020-06-30", "totalRevenue": 167025000, "costOfRevenue": 117036000, "grossProfit": 49989000, "researchDevelopment": {}, "sellingGeneralAdministrative": 17936000, "nonRecurring": {}, "otherOperatingExpenses": 6055000, "totalOperatingExpenses": 150501000, "operatingIncome": 16524000, "totalOtherIncomeExpenseNet": 1592000, "ebit": 16524000, "interestExpense": -164000, "incomeBeforeTax": 18116000, "incomeTaxExpense": 0, "minorityInterest": {}, "netIncomeFromContinuingOps": 18116000, "discontinuedOperations": {}, "extraordinaryItems": {}, "effectOfAccountingCharges": {}, "otherItems": {}, "netIncome": 18116000, "netIncomeApplicableToCommonShares": 18116000}, {"maxAge": 1, "endDate": "2020-03-31", "totalRevenue": 122070000, "costOfRevenue": 51630000, "grossProfit": 70440000, "researchDevelopment": {}, "sellingGeneralAdministrative": 33937000, "nonRecurring": {}, "otherOperatingExpenses": 2689000, "totalOperatingExpenses": 93505000, "operatingIncome": 28565000, "totalOtherIncomeExpenseNet": 211539000, "ebit": 28565000, "interestExpense": -164000, "incomeBeforeTax": 240104000, "incomeTaxExpense": 15778000, "minorityInterest": 807000, "netIncomeFromContinuingOps": 224326000, "discontinuedOperations": {}, "extraordinaryItems": {}, "effectOfAccountingCharges": {}, "otherItems": {}, "netIncome": 221457000, "netIncomeApplicableToCommonShares": 221457000}, {"maxAge": 1, "endDate": "2019-12-31", "totalRevenue": 109582000, "costOfRevenue": 71318000, "grossProfit": 38264000, "researchDevelopment": {}, "sellingGeneralAdministrative": 24194000, "nonRecurring": {}, "otherOperatingExpenses": 11533000, "totalOperatingExpenses": 117057000, "operatingIncome": -7475000, "totalOtherIncomeExpenseNet": -216168000, "ebit": -7475000, "interestExpense": -164000, "incomeBeforeTax": -223643000, "incomeTaxExpense": -352000, "minorityInterest": 807000, "netIncomeFromContinuingOps": -223291000, "discontinuedOperations": {}, "extraordinaryItems": {}, "effectOfAccountingCharges": {}, "otherItems": {}, "netIncome": -223291000, "netIncomeApplicableToCommonShares": -223291000}, {"maxAge": 1, "endDate": "2019-09-30", "totalRevenue": 121564000, "costOfRevenue": 88646000, "grossProfit": 32918000, "researchDevelopment": {}, "sellingGeneralAdministrative": 24348000, "nonRecurring": {}, "otherOperatingExpenses": 6407000, "totalOperatingExpenses": 126628000, "operatingIncome": -5064000, "totalOtherIncomeExpenseNet": -444000, "ebit": -5064000, "interestExpense": -445000, "incomeBeforeTax": -5508000, "incomeTaxExpense": 395000, "minorityInterest": -2061000, "netIncomeFromContinuingOps": -5903000, "discontinuedOperations": {}, "extraordinaryItems": {}, "effectOfAccountingCharges": {}, "otherItems": {}, "netIncome": -5903000, "netIncomeApplicableToCommonShares": -5903000}], "maxAge": 86400}, "cashflowStatementHistoryQuarterly": {"cashflowStatements": [{"maxAge": 1, "endDate": "2020-06-30", "netIncome": 18116000, "changeToLiabilities": 0}, {"maxAge": 1, "endDate": "2020-03-31", "netIncome": 221457000, "changeToLiabilities": 0}, {"maxAge": 1, "endDate": "2019-12-31", "netIncome": -223291000, "changeToLiabilities": 0}, {"maxAge": 1, "endDate": "2019-09-30", "netIncome": -5903000, "changeToLiabilities": 0}], "maxAge": 86400}, "insiderHolders": {"holders": [{"maxAge": 1, "name": "Bafna (Mahaveer Chand)", "relation": "Chairman of the Board", "url": "", "transactionDescription": "Acquisition", "latestTransDate": "2012-02-23", "positionDirect": 2459741, "positionDirectDate": "2012-02-23"}], "maxAge": 1}, "calendarEvents": {"maxAge": 1, "earnings": {"earningsDate": []}}, "price": {"maxAge": 1, "regularMarketChangePercent": -0.011009848, "regularMarketChange": -1.449997, "regularMarketTime": "2021-04-30 15:21:39", "priceHint": 2, "regularMarketPrice": 130.25, "regularMarketDayHigh": 137.9, "regularMarketDayLow": 127.1, "regularMarketVolume": 1685, "averageDailyVolume10Day": 3311, "averageDailyVolume3Month": 1467, "regularMarketPreviousClose": 131.7, "regularMarketSource": "FREE_REALTIME", "regularMarketOpen": 129.65, "exchange": "BSE", "exchangeName": "BSE", "exchangeDataDelayedBy": 0, "marketState": "CLOSED", "quoteType": "EQUITY", "symbol": "BAFNAPHARM.BO", "underlyingSymbol": null, "shortName": "BAFNA PHARMACEUTICALS LTD.", "longName": "Bafna Pharmaceuticals Limited", "currency": "INR", "quoteSourceName": "Delayed Quote", "currencySymbol": "\u20b9", "fromCurrency": null, "toCurrency": null, "lastMarket": null, "marketCap": 3081233152}, "balanceSheetHistory": {"balanceSheetStatements": [{"maxAge": 1, "endDate": "2020-03-31", "cash": 84807000, "netReceivables": 130150000, "inventory": 114116000, "otherCurrentAssets": 30604000, "totalCurrentAssets": 360957000, "propertyPlantEquipment": 351812000, "goodWill": 358000, "otherAssets": -1000, "totalAssets": 713126000, "accountsPayable": 125414000, "otherCurrentLiab": 27183000, "longTermDebt": 30176000, "minorityInterest": 807000, "totalCurrentLiabilities": 170996000, "totalLiab": 201172000, "commonStock": 23656000, "retainedEarnings": -763295000, "treasuryStock": 837672000, "capitalSurplus": 413114000, "otherStockholderEquity": 837672000, "totalStockholderEquity": 511147000, "netTangibleAssets": 510789000}, {"maxAge": 1, "endDate": "2019-03-31", "cash": 27132000, "netReceivables": 305979000, "inventory": 92823000, "otherCurrentAssets": 57961000, "totalCurrentAssets": 484690000, "propertyPlantEquipment": 370190000, "goodWill": 358000, "otherAssets": 339483000, "totalAssets": 1194721000, "accountsPayable": 395585000, "otherCurrentLiab": 33986000, "longTermDebt": 229882000, "otherLiab": 68109000, "deferredLongTermLiab": 9950000, "minorityInterest": -2061000, "totalCurrentLiabilities": 708209000, "totalLiab": 1006200000, "commonStock": 236563000, "retainedEarnings": -516002000, "treasuryStock": 56907000, "capitalSurplus": 413114000, "otherStockholderEquity": 56907000, "totalStockholderEquity": 190582000, "netTangibleAssets": 190224000}, {"maxAge": 1, "endDate": "2018-03-31", "cash": 29512000, "netReceivables": 286660000, "inventory": 106742000, "otherCurrentAssets": 64389000, "totalCurrentAssets": 487391000, "propertyPlantEquipment": 448604000, "goodWill": 358000, "otherAssets": 447271000, "totalAssets": 1383624000, "accountsPayable": 286102000, "otherCurrentLiab": 46357000, "longTermDebt": 232494000, "otherLiab": 180638000, "deferredLongTermLiab": 5316000, "minorityInterest": -7263000, "totalCurrentLiabilities": 598468000, "totalLiab": 1011600000, "commonStock": 236563000, "retainedEarnings": -327297000, "treasuryStock": 56907000, "capitalSurplus": 413114000, "otherStockholderEquity": 56907000, "totalStockholderEquity": 379287000, "netTangibleAssets": 378929000}, {"maxAge": 1, "endDate": "2017-03-31", "cash": 26579000, "netReceivables": 565449000, "inventory": 167399000, "otherCurrentAssets": 11691000, "totalCurrentAssets": 771844000, "longTermInvestments": 169000000, "propertyPlantEquipment": 485750000, "goodWill": 358000, "otherAssets": 356128000, "totalAssets": 1783080000, "accountsPayable": 239043000, "otherCurrentLiab": 116578000, "longTermDebt": 390110000, "otherLiab": 157136000, "deferredLongTermLiab": 5782000, "minorityInterest": -5535000, "totalCurrentLiabilities": 814717000, "totalLiab": 1361963000, "commonStock": 186563000, "retainedEarnings": -159932000, "treasuryStock": 96907000, "capitalSurplus": 303114000, "otherStockholderEquity": 96907000, "totalStockholderEquity": 426652000, "netTangibleAssets": 426294000}], "maxAge": 86400}, "financialData": {"maxAge": 86400, "currentPrice": 130.25, "recommendationKey": "none", "grossProfits": 149705000, "financialCurrency": "INR"}}}