{"BAGFILMS.BO": {"cashflowStatementHistory": {"cashflowStatements": [{"maxAge": 1, "endDate": "2020-03-31", "netIncome": -91322959, "depreciation": 105850692, "changeToNetincome": 80389217, "changeToAccountReceivables": 32212417, "changeToLiabilities": 148736406, "changeToInventory": -11138770, "changeToOperatingActivities": 50551431, "totalCashFromOperatingActivities": 315278434, "capitalExpenditures": -9947608, "otherCashflowsFromInvestingActivities": 20339593, "totalCashflowsFromInvestingActivities": 30611379, "netBorrowings": -19467747, "otherCashflowsFromFinancingActivities": -123106179, "totalCashFromFinancingActivities": -142573926, "changeInCash": 203315887}, {"maxAge": 1, "endDate": "2019-03-31", "netIncome": 34095180, "depreciation": 131303654, "changeToNetincome": 172234406, "changeToAccountReceivables": -62542517, "changeToLiabilities": -23547156, "changeToInventory": 2264750, "changeToOperatingActivities": 112484156, "totalCashFromOperatingActivities": 366292473, "capitalExpenditures": -47093357, "otherCashflowsFromInvestingActivities": 18977847, "totalCashflowsFromInvestingActivities": -33508513, "netBorrowings": -60117110, "otherCashflowsFromFinancingActivities": -143066328, "totalCashFromFinancingActivities": -157123438, "changeInCash": 175660522, "issuanceOfStock": 46060000}, {"maxAge": 1, "endDate": "2018-03-31", "netIncome": -21630063, "depreciation": 169745515, "changeToNetincome": 122787267, "changeToAccountReceivables": 104513462, "changeToLiabilities": 57220182, "changeToInventory": -26354350, "changeToOperatingActivities": -22636658, "totalCashFromOperatingActivities": 383645355, "capitalExpenditures": -38048882, "investments": -350961084, "otherCashflowsFromInvestingActivities": 7027663, "totalCashflowsFromInvestingActivities": -368884780, "netBorrowings": 96859535, "otherCashflowsFromFinancingActivities": -126952174, "totalCashFromFinancingActivities": -30092639, "changeInCash": -15332064, "issuanceOfStock": 46060000}, {"maxAge": 1, "endDate": "2017-03-31", "netIncome": 10769066, "depreciation": 129914714, "changeToNetincome": 188097034, "changeToAccountReceivables": -16320248, "changeToLiabilities": -69542218, "changeToInventory": 23964178, "changeToOperatingActivities": -11203538, "totalCashFromOperatingActivities": 255678988, "capitalExpenditures": -191085768, "investments": -170919089, "otherCashflowsFromInvestingActivities": 8160635, "totalCashflowsFromInvestingActivities": -165926655, "netBorrowings": 47496613, "otherCashflowsFromFinancingActivities": -163494572, "totalCashFromFinancingActivities": -115997959, "changeInCash": -26245626, "issuanceOfStock": 46060000}], "maxAge": 86400}, "institutionOwnership": {"maxAge": 1, "ownershipList": []}, "balanceSheetHistoryQuarterly": {"balanceSheetStatements": [{"maxAge": 1, "endDate": "2020-06-30", "totalStockholderEquity": 1445866757, "netTangibleAssets": 1372930783}, {"maxAge": 1, "endDate": "2020-03-31", "cash": 463879163, "netReceivables": 611743724, "inventory": 350669760, "otherCurrentAssets": 438777285, "totalCurrentAssets": 1909318599, "longTermInvestments": 1528860075, "propertyPlantEquipment": 388623318, "intangibleAssets": 72935974, "otherAssets": 31897065, "deferredLongTermAssetCharges": 31897065, "totalAssets": 3931635031, "accountsPayable": 284465776, "shortLongTermDebt": 52094945, "otherCurrentLiab": 200723769, "longTermDebt": 436203302, "otherLiab": 23174163, "minorityInterest": 549114712, "totalCurrentLiabilities": 1427944346, "totalLiab": 1936653562, "commonStock": 395665839, "retainedEarnings": -3126671671, "treasuryStock": 477754054, "capitalSurplus": 3699118535, "otherStockholderEquity": 477754054, "totalStockholderEquity": 1445866757, "netTangibleAssets": 1372930783}, {"maxAge": 1, "endDate": "2019-12-31", "totalStockholderEquity": 1517798000, "netTangibleAssets": 1439388000}, {"maxAge": 1, "endDate": "2019-09-30", "cash": 230520000, "shortTermInvestments": 428377000, "netReceivables": 564549000, "inventory": 351019000, "otherCurrentAssets": 187682000, "totalCurrentAssets": 1762147000, "longTermInvestments": 1548735000, "propertyPlantEquipment": 432083000, "intangibleAssets": 78410000, "otherAssets": 28920000, "deferredLongTermAssetCharges": 28920000, "totalAssets": 3850295000, "accountsPayable": 153478000, "otherCurrentLiab": 265800000, "longTermDebt": 481003000, "otherLiab": 19623000, "minorityInterest": 554563000, "totalCurrentLiabilities": 1277308000, "totalLiab": 1777934000, "commonStock": 395666000, "treasuryStock": 1122132000, "otherStockholderEquity": 1122132000, "totalStockholderEquity": 1517798000, "netTangibleAssets": 1439388000}], "maxAge": 86400}, "indexTrend": {"maxAge": 1, "symbol": "SP5", "peRatio": 19.7411, "pegRatio": 1.34172, "estimates": [{"period": "0q", "growth": 0.549}, {"period": "+1q", "growth": 0.431}, {"period": "0y", "growth": 0.305}, {"period": "+1y", "growth": 0.109}, {"period": "+5y", "growth": 0.120865}, {"period": "-5y"}]}, "insiderTransactions": {"transactions": [{"maxAge": 1, "shares": 587254, "filerUrl": "", "transactionText": "", "filerName": "Skyline Tele Media Services, Ltd.", "filerRelation": "Promoter", "moneyText": "", "startDate": "2020-03-27", "ownership": "D"}, {"maxAge": 1, "shares": 1129205, "filerUrl": "", "transactionText": "", "filerName": "Skyline Tele Media Services, Ltd.", "filerRelation": "Promoter", "moneyText": "", "startDate": "2020-03-25", "ownership": "D"}, {"maxAge": 1, "shares": 632477, "filerUrl": "", "transactionText": "", "filerName": "Skyline Tele Media Services, Ltd.", "filerRelation": "Promoter", "moneyText": "", "startDate": "2020-03-19", "ownership": "D"}, {"maxAge": 1, "shares": 757697, "filerUrl": "", "transactionText": "", "filerName": "Skyline Tele Media Services, Ltd.", "filerRelation": "Promoter", "moneyText": "", "startDate": "2020-03-13", "ownership": "D"}, {"maxAge": 1, "shares": 561000, "filerUrl": "", "transactionText": "", "filerName": "Skyline Tele Media Services, Ltd.", "filerRelation": "Promoter", "moneyText": "", "startDate": "2019-09-30", "ownership": "D"}, {"maxAge": 1, "shares": 500000, "filerUrl": "", "transactionText": "", "filerName": "Shukla (Anurradha)", "filerRelation": "Executive Chairman", "moneyText": "", "startDate": "2019-09-19", "ownership": "D"}, {"maxAge": 1, "shares": 500000, "filerUrl": "", "transactionText": "", "filerName": "Shukla (Anurradha)", "filerRelation": "Executive Chairman", "moneyText": "", "startDate": "2019-09-16", "ownership": "D"}, {"maxAge": 1, "shares": 13650000, "filerUrl": "", "transactionText": "", "filerName": "Skyline Tele Media Services, Ltd.", "filerRelation": "Promoter", "moneyText": "", "startDate": "2019-03-30", "ownership": "D"}], "maxAge": 1}, "quoteType": {"exchange": "BSE", "quoteType": "EQUITY", "symbol": "BAGFILMS.BO", "underlyingSymbol": "BAGFILMS.BO", "shortName": "B.A.G.FILMS & MEDIA LTD.", "longName": "B.A.G. Films and Media Limited", "firstTradeDateEpochUtc": "2003-10-17 09:15:00", "timeZoneFullName": "Asia/Kolkata", "timeZoneShortName": "IST", "uuid": "a1a687b5-efec-31df-b65f-6501138e9cca", "messageBoardId": null, "gmtOffSetMilliseconds": 19800000, "maxAge": 1}, "incomeStatementHistory": {"incomeStatementHistory": [{"maxAge": 1, "endDate": "2020-03-31", "totalRevenue": 1205470717, "costOfRevenue": 235648039, "grossProfit": 969822678, "researchDevelopment": {}, "sellingGeneralAdministrative": 28704721, "nonRecurring": {}, "otherOperatingExpenses": 840338531, "totalOperatingExpenses": 1210541983, "operatingIncome": -5071266, "totalOtherIncomeExpenseNet": -101475470, "ebit": -5071266, "interestExpense": -122853557, "incomeBeforeTax": -106546736, "incomeTaxExpense": -3480613, "minorityInterest": 549114712, "netIncomeFromContinuingOps": -103066123, "discontinuedOperations": {}, "extraordinaryItems": {}, "effectOfAccountingCharges": {}, "otherItems": {}, "netIncome": -91322959, "netIncomeApplicableToCommonShares": -109346644}, {"maxAge": 1, "endDate": "2019-03-31", "totalRevenue": 1448260125, "costOfRevenue": 282513131, "grossProfit": 1165746994, "researchDevelopment": {}, "sellingGeneralAdministrative": 20088327, "nonRecurring": {}, "otherOperatingExpenses": 808824317, "totalOperatingExpenses": 1242729429, "operatingIncome": 205530696, "totalOtherIncomeExpenseNet": -156021732, "ebit": 205530696, "interestExpense": -130086247, "incomeBeforeTax": 49508964, "incomeTaxExpense": -377465, "minorityInterest": 562144416, "netIncomeFromContinuingOps": 49886429, "discontinuedOperations": {}, "extraordinaryItems": {}, "effectOfAccountingCharges": {}, "otherItems": {}, "netIncome": 34095180, "netIncomeApplicableToCommonShares": 49513473}, {"maxAge": 1, "endDate": "2018-03-31", "totalRevenue": 1323168364, "costOfRevenue": 238893326, "grossProfit": 1084275038, "researchDevelopment": {}, "sellingGeneralAdministrative": 10297920, "nonRecurring": {}, "otherOperatingExpenses": 798073908, "totalOperatingExpenses": 1217010669, "operatingIncome": 106157695, "totalOtherIncomeExpenseNet": -130210465, "ebit": 106157695, "interestExpense": -137577076, "incomeBeforeTax": -24052770, "incomeTaxExpense": -14741696, "minorityInterest": 546221769, "netIncomeFromContinuingOps": -9311074, "discontinuedOperations": {}, "extraordinaryItems": {}, "effectOfAccountingCharges": {}, "otherItems": {}, "netIncome": -21630063, "netIncomeApplicableToCommonShares": -14704242}, {"maxAge": 1, "endDate": "2017-03-31", "totalRevenue": 1366840282, "costOfRevenue": 237904634, "grossProfit": 1128935648, "researchDevelopment": {}, "sellingGeneralAdministrative": 7606276, "nonRecurring": {}, "otherOperatingExpenses": 789846495, "totalOperatingExpenses": 1165272119, "operatingIncome": 201568163, "totalOtherIncomeExpenseNet": -163153682, "ebit": 201568163, "interestExpense": -158009986, "incomeBeforeTax": 38414481, "incomeTaxExpense": -641892, "minorityInterest": 535148400, "netIncomeFromContinuingOps": 39056373, "discontinuedOperations": {}, "extraordinaryItems": {}, "effectOfAccountingCharges": {}, "otherItems": {}, "netIncome": 10769066, "netIncomeApplicableToCommonShares": 44575378}], "maxAge": 86400}, "fundOwnership": {"maxAge": 1, "ownershipList": []}, "summaryDetail": {"maxAge": 1, "priceHint": 4, "previousClose": 2.61, "open": 2.65, "dayLow": 2.64, "dayHigh": 2.74, "regularMarketPreviousClose": 2.61, "regularMarketOpen": 2.65, "regularMarketDayLow": 2.64, "regularMarketDayHigh": 2.74, "volume": 285667, "regularMarketVolume": 285667, "averageVolume": 84700, "averageVolume10days": 75319, "averageDailyVolume10Day": 75319, "bid": 2.61, "ask": 2.65, "bidSize": 0, "askSize": 0, "marketCap": 524482720, "fiftyTwoWeekLow": 1.42, "fiftyTwoWeekHigh": 4.1, "fiftyDayAverage": 2.9211428, "twoHundredDayAverage": 2.7488322, "currency": "INR", "fromCurrency": null, "toCurrency": null, "lastMarket": null, "algorithm": null, "tradeable": false}, "incomeStatementHistoryQuarterly": {"incomeStatementHistory": [{"maxAge": 1, "endDate": "2020-06-30", "totalRevenue": 150025000, "costOfRevenue": 46408000, "grossProfit": 103617000, "researchDevelopment": {}, "sellingGeneralAdministrative": {}, "nonRecurring": {}, "otherOperatingExpenses": 162954000, "totalOperatingExpenses": 228564000, "operatingIncome": -78539000, "totalOtherIncomeExpenseNet": -20662000, "ebit": -78539000, "interestExpense": -27394000, "incomeBeforeTax": -99201000, "incomeTaxExpense": 984000, "minorityInterest": {}, "netIncomeFromContinuingOps": -100185000, "discontinuedOperations": {}, "extraordinaryItems": {}, "effectOfAccountingCharges": {}, "otherItems": {}, "netIncome": -65306000, "netIncomeApplicableToCommonShares": -65306000}, {"maxAge": 1, "endDate": "2020-03-31", "totalRevenue": 291517717, "costOfRevenue": 71632039, "grossProfit": 219885678, "researchDevelopment": {}, "sellingGeneralAdministrative": 28704721, "nonRecurring": {}, "otherOperatingExpenses": 154720531, "totalOperatingExpenses": 281335983, "operatingIncome": 10181734, "totalOtherIncomeExpenseNet": -24062470, "ebit": 10181734, "interestExpense": -28495557, "incomeBeforeTax": -13880736, "incomeTaxExpense": -35613, "minorityInterest": 549114712, "netIncomeFromContinuingOps": -13845123, "discontinuedOperations": {}, "extraordinaryItems": {}, "effectOfAccountingCharges": {}, "otherItems": {}, "netIncome": -21563959, "netIncomeApplicableToCommonShares": -39587644}, {"maxAge": 1, "endDate": "2019-12-31", "totalRevenue": 257966000, "costOfRevenue": 55544000, "grossProfit": 202422000, "researchDevelopment": {}, "sellingGeneralAdministrative": 28704721, "nonRecurring": {}, "otherOperatingExpenses": 206540000, "totalOperatingExpenses": 291297000, "operatingIncome": -33331000, "totalOtherIncomeExpenseNet": -26864000, "ebit": -33331000, "interestExpense": -33083000, "incomeBeforeTax": -60195000, "incomeTaxExpense": -2942000, "minorityInterest": 549114712, "netIncomeFromContinuingOps": -57253000, "discontinuedOperations": {}, "extraordinaryItems": {}, "effectOfAccountingCharges": {}, "otherItems": {}, "netIncome": -45372000, "netIncomeApplicableToCommonShares": -45372000}, {"maxAge": 1, "endDate": "2019-09-30", "totalRevenue": 252141000, "costOfRevenue": 56410000, "grossProfit": 195731000, "researchDevelopment": {}, "sellingGeneralAdministrative": 28704721, "nonRecurring": {}, "otherOperatingExpenses": 218563000, "totalOperatingExpenses": 299166000, "operatingIncome": -47025000, "totalOtherIncomeExpenseNet": -28144000, "ebit": -47025000, "interestExpense": -33361000, "incomeBeforeTax": -75169000, "incomeTaxExpense": 55000, "minorityInterest": 554563000, "netIncomeFromContinuingOps": -75224000, "discontinuedOperations": {}, "extraordinaryItems": {}, "effectOfAccountingCharges": {}, "otherItems": {}, "netIncome": -54141000, "netIncomeApplicableToCommonShares": -54141000}], "maxAge": 86400}, "cashflowStatementHistoryQuarterly": {"cashflowStatements": [{"maxAge": 1, "endDate": "2020-06-30", "netIncome": -65306000, "changeToLiabilities": 0}, {"maxAge": 1, "endDate": "2020-03-31", "netIncome": -21563959, "changeToLiabilities": 0}, {"maxAge": 1, "endDate": "2019-12-31", "netIncome": -45372000, "changeToLiabilities": 0}, {"maxAge": 1, "endDate": "2019-09-30", "netIncome": -54141000, "changeToLiabilities": 0}], "maxAge": 86400}, "insiderHolders": {"holders": [{"maxAge": 1, "name": "Shukla (Anurradha)", "relation": "Executive Chairman", "url": "", "transactionDescription": "Acquisition", "latestTransDate": "2019-09-19", "positionDirect": 22479190, "positionDirectDate": "2019-09-19"}, {"maxAge": 1, "name": "Skyline Tele Media Services, Ltd.", "relation": "Promoter", "url": "", "transactionDescription": "Acquisition", "latestTransDate": "2020-03-27", "positionDirect": 27117633, "positionDirectDate": "2020-03-27"}], "maxAge": 1}, "calendarEvents": {"maxAge": 1, "earnings": {"earningsDate": []}}, "price": {"maxAge": 1, "regularMarketChangePercent": 0.015325747, "regularMarketChange": 0.0400002, "regularMarketTime": "2021-04-30 15:29:52", "priceHint": 4, "regularMarketPrice": 2.65, "regularMarketDayHigh": 2.74, "regularMarketDayLow": 2.64, "regularMarketVolume": 285667, "averageDailyVolume10Day": 75319, "averageDailyVolume3Month": 84700, "regularMarketPreviousClose": 2.61, "regularMarketSource": "FREE_REALTIME", "regularMarketOpen": 2.65, "exchange": "BSE", "exchangeName": "BSE", "exchangeDataDelayedBy": 0, "marketState": "CLOSED", "quoteType": "EQUITY", "symbol": "BAGFILMS.BO", "underlyingSymbol": null, "shortName": "B.A.G.FILMS & MEDIA LTD.", "longName": "B.A.G. Films and Media Limited", "currency": "INR", "quoteSourceName": "Delayed Quote", "currencySymbol": "\u20b9", "fromCurrency": null, "toCurrency": null, "lastMarket": null, "marketCap": 524482720}, "balanceSheetHistory": {"balanceSheetStatements": [{"maxAge": 1, "endDate": "2020-03-31", "cash": 463879163, "netReceivables": 611743724, "inventory": 350669760, "otherCurrentAssets": 438777285, "totalCurrentAssets": 1909318599, "longTermInvestments": 1528860075, "propertyPlantEquipment": 388623318, "intangibleAssets": 72935974, "otherAssets": 31897065, "deferredLongTermAssetCharges": 31897065, "totalAssets": 3931635031, "accountsPayable": 284465776, "shortLongTermDebt": 52094945, "otherCurrentLiab": 200723769, "longTermDebt": 436203302, "otherLiab": 23174163, "minorityInterest": 549114712, "totalCurrentLiabilities": 1427944346, "totalLiab": 1936653562, "commonStock": 395665839, "retainedEarnings": -3126671671, "treasuryStock": 477754054, "capitalSurplus": 3699118535, "otherStockholderEquity": 477754054, "totalStockholderEquity": 1445866757, "netTangibleAssets": 1372930783}, {"maxAge": 1, "endDate": "2019-03-31", "cash": 260563276, "netReceivables": 636710323, "inventory": 339530990, "otherCurrentAssets": 517816434, "totalCurrentAssets": 1784234200, "longTermInvestments": 1548555916, "propertyPlantEquipment": 477226817, "intangibleAssets": 80247550, "otherAssets": 28416452, "deferredLongTermAssetCharges": 28416452, "totalAssets": 3918680935, "accountsPayable": 135729371, "shortLongTermDebt": 45352315, "otherCurrentLiab": 216663855, "longTermDebt": 470731950, "otherLiab": 20305651, "minorityInterest": 562144416, "totalCurrentLiabilities": 1278433089, "totalLiab": 1814352829, "commonStock": 395665839, "retainedEarnings": -3030354738, "treasuryStock": 477754054, "capitalSurplus": 3699118535, "otherStockholderEquity": 477754054, "totalStockholderEquity": 1542183690, "netTangibleAssets": 1461936140}, {"maxAge": 1, "endDate": "2018-03-31", "cash": 84902754, "netReceivables": 572711399, "inventory": 341795740, "otherCurrentAssets": 239317904, "totalCurrentAssets": 1270293733, "longTermInvestments": 1585564088, "propertyPlantEquipment": 556496515, "intangibleAssets": 87539150, "otherAssets": 28038987, "deferredLongTermAssetCharges": 28038987, "totalAssets": 3527932473, "accountsPayable": 159408606, "shortLongTermDebt": 90754615, "otherCurrentLiab": 183497474, "longTermDebt": 496306700, "otherLiab": 20503136, "minorityInterest": 546221769, "totalCurrentLiabilities": 1353522448, "totalLiab": 1907662840, "commonStock": 376065839, "retainedEarnings": -3063945564, "treasuryStock": 89269054, "capitalSurplus": 3672658535, "otherStockholderEquity": 89269054, "totalStockholderEquity": 1074047864, "netTangibleAssets": 986508714}, {"maxAge": 1, "endDate": "2017-03-31", "cash": 100234818, "netReceivables": 675179952, "inventory": 315441390, "otherCurrentAssets": 485836579, "totalCurrentAssets": 1631936231, "longTermInvestments": 1234603004, "propertyPlantEquipment": 693945095, "intangibleAssets": 94850727, "otherAssets": 13297291, "deferredLongTermAssetCharges": 13297291, "totalAssets": 3668632348, "accountsPayable": 102188424, "shortLongTermDebt": 249367458, "otherCurrentLiab": 332760881, "longTermDebt": 487187223, "otherLiab": 15110500, "minorityInterest": 535148400, "totalCurrentLiabilities": 1514798758, "totalLiab": 2045173473, "commonStock": 376065839, "retainedEarnings": -3035870518, "treasuryStock": 75456619, "capitalSurplus": 3672658535, "otherStockholderEquity": 75456619, "totalStockholderEquity": 1088310475, "netTangibleAssets": 993459748}], "maxAge": 86400}, "financialData": {"maxAge": 86400, "currentPrice": 2.65, "recommendationKey": "none", "grossProfits": 969822678, "financialCurrency": "INR"}}}