{"BAJAJHLDNG.BO": {"recommendationTrend": {"trend": [{"period": "0m", "strongBuy": 0, "buy": 0, "hold": 0, "sell": 0, "strongSell": 0}, {"period": "-1m", "strongBuy": 0, "buy": 0, "hold": 0, "sell": 0, "strongSell": 0}, {"period": "-2m", "strongBuy": 0, "buy": 0, "hold": 0, "sell": 0, "strongSell": 0}, {"period": "-3m", "strongBuy": 0, "buy": 0, "hold": 0, "sell": 0, "strongSell": 0}], "maxAge": 86400}, "cashflowStatementHistory": {"cashflowStatements": [{"maxAge": 1, "endDate": "2020-03-31", "netIncome": 29920000000, "depreciation": 333100000, "changeToNetincome": -13284100000, "changeToAccountReceivables": -9700000, "changeToLiabilities": 0, "changeToInventory": -18500000, "changeToOperatingActivities": 2257500000, "totalCashFromOperatingActivities": 19198300000, "capitalExpenditures": -37100000, "investments": -5571100000, "totalCashflowsFromInvestingActivities": -7996300000, "dividendsPaid": -8239200000, "netBorrowings": -164000000, "otherCashflowsFromFinancingActivities": -1879600000, "totalCashFromFinancingActivities": -10282800000, "changeInCash": 919200000}, {"maxAge": 1, "endDate": "2019-03-31", "netIncome": 30483800000, "depreciation": 40800000, "changeToNetincome": -22295300000, "changeToAccountReceivables": -9700000, "changeToLiabilities": 0, "changeToInventory": -18500000, "changeToOperatingActivities": -1952900000, "totalCashFromOperatingActivities": 6276400000, "capitalExpenditures": -400000, "investments": -1632000000, "totalCashflowsFromInvestingActivities": -1632400000, "dividendsPaid": -4445400000, "netBorrowings": -164000000, "otherCashflowsFromFinancingActivities": -915100000, "totalCashFromFinancingActivities": -5360500000, "changeInCash": -716500000}, {"maxAge": 1, "endDate": "2018-03-31", "netIncome": 26547500000, "depreciation": 52200000, "changeToNetincome": -9690500000, "changeToAccountReceivables": -9700000, "changeToLiabilities": 0, "changeToInventory": -18500000, "changeToOperatingActivities": -598200000, "totalCashFromOperatingActivities": 16311000000, "capitalExpenditures": -400000, "investments": -11227800000, "totalCashflowsFromInvestingActivities": -11227800000, "dividendsPaid": -3605400000, "netBorrowings": -164000000, "otherCashflowsFromFinancingActivities": -736400000, "totalCashFromFinancingActivities": -4341800000, "changeInCash": 741400000}, {"maxAge": 1, "endDate": "2017-03-31", "netIncome": 24731900000, "depreciation": 53800000, "changeToNetincome": -33810700000, "changeToAccountReceivables": 600000, "changeToLiabilities": 0, "changeToInventory": -1500000, "changeToOperatingActivities": -207500000, "totalCashFromOperatingActivities": -9233400000, "capitalExpenditures": -1100000, "investments": -3272900000, "totalCashflowsFromInvestingActivities": -3721100000, "dividendsPaid": -935000000, "netBorrowings": -164000000, "otherCashflowsFromFinancingActivities": -169900000, "totalCashFromFinancingActivities": -1104900000, "changeInCash": -14059400000}], "maxAge": 86400}, "institutionOwnership": {"maxAge": 1, "ownershipList": []}, "balanceSheetHistoryQuarterly": {"balanceSheetStatements": [{"maxAge": 1, "endDate": "2020-06-30", "totalStockholderEquity": 277635400000, "netTangibleAssets": 277635400000}, {"maxAge": 1, "endDate": "2020-03-31", "cash": 954000000, "shortTermInvestments": 9500000, "netReceivables": 1535300000, "inventory": 33600000, "otherCurrentAssets": 305900000, "totalCurrentAssets": 119759000000, "longTermInvestments": 203770900000, "propertyPlantEquipment": 1905700000, "otherAssets": 2303400000, "deferredLongTermAssetCharges": 451700000, "totalAssets": 327739000000, "accountsPayable": 49900000, "otherCurrentLiab": 448800000, "otherLiab": 2365000000, "minorityInterest": 45360800000, "totalCurrentLiabilities": 700100000, "totalLiab": 4742800000, "commonStock": 1112900000, "retainedEarnings": 229054200000, "treasuryStock": 43024100000, "capitalSurplus": 4444200000, "otherStockholderEquity": 43024100000, "totalStockholderEquity": 277635400000, "netTangibleAssets": 277635400000}, {"maxAge": 1, "endDate": "2019-12-31", "totalStockholderEquity": 279508900000, "netTangibleAssets": 279508900000}, {"maxAge": 1, "endDate": "2019-09-30", "cash": 146000000, "netReceivables": 399900000, "inventory": 33900000, "totalCurrentAssets": 579800000, "longTermInvestments": 342526200000, "propertyPlantEquipment": 2009700000, "otherAssets": 3168600000, "deferredLongTermAssetCharges": 1245300000, "totalAssets": 348284300000, "accountsPayable": 63500000, "otherCurrentLiab": 131000000, "otherLiab": 6714100000, "minorityInterest": 60198200000, "totalCurrentLiabilities": 194500000, "totalLiab": 8577200000, "commonStock": 1112900000, "treasuryStock": 278396000000, "otherStockholderEquity": 278396000000, "totalStockholderEquity": 279508900000, "netTangibleAssets": 279508900000}], "maxAge": 86400}, "earningsHistory": {"history": [{"maxAge": 1, "epsActual": {}, "epsEstimate": {}, "epsDifference": {}, "surprisePercent": {}, "quarter": {}, "period": "-4q"}, {"maxAge": 1, "epsActual": {}, "epsEstimate": {}, "epsDifference": {}, "surprisePercent": {}, "quarter": {}, "period": "-3q"}, {"maxAge": 1, "epsActual": {}, "epsEstimate": {}, "epsDifference": {}, "surprisePercent": {}, "quarter": {}, "period": "-2q"}, {"maxAge": 1, "epsActual": 68.7, "epsEstimate": 79.67, "epsDifference": -10.97, "surprisePercent": -0.138, "quarter": "2018-09-30", "period": "-1q"}], "maxAge": 86400}, "indexTrend": {"maxAge": 1, "symbol": "SP5", "peRatio": 19.7411, "pegRatio": 1.34172, "estimates": [{"period": "0q", "growth": 0.549}, {"period": "+1q", "growth": 0.431}, {"period": "0y", "growth": 0.305}, {"period": "+1y", "growth": 0.109}, {"period": "+5y", "growth": 0.120865}, {"period": "-5y"}]}, "industryTrend": {"maxAge": 1, "symbol": null, "estimates": []}, "insiderTransactions": {"transactions": [{"maxAge": 1, "shares": 383, "value": 14026, "filerUrl": "", "transactionText": "Acquisition at price 36.62 per share.", "filerName": "Forbes (Naushad Darius)", "filerRelation": "UNREPORTED", "moneyText": "", "startDate": "2020-08-11", "ownership": "D"}, {"maxAge": 1, "shares": 1637, "value": 59766, "filerUrl": "", "transactionText": "Acquisition at price 36.51 per share.", "filerName": "Forbes (Naushad Darius)", "filerRelation": "UNREPORTED", "moneyText": "", "startDate": "2020-08-11", "ownership": "D"}, {"maxAge": 1, "shares": 1000, "value": 36360, "filerUrl": "", "transactionText": "Acquisition at price 36.36 per share.", "filerName": "Forbes (Naushad Darius)", "filerRelation": "UNREPORTED", "moneyText": "", "startDate": "2020-08-10", "ownership": "D"}, {"maxAge": 1, "shares": 480, "value": 17359, "filerUrl": "", "transactionText": "Acquisition at price 36.17 per share.", "filerName": "Forbes (Naushad Darius)", "filerRelation": "UNREPORTED", "moneyText": "", "startDate": "2020-08-10", "ownership": "D"}, {"maxAge": 1, "shares": 28358, "filerUrl": "", "transactionText": "", "filerName": "Jamnalal Sons Pvt Ltd", "filerRelation": "UNREPORTED", "moneyText": "", "startDate": "2020-03-17", "ownership": "D"}, {"maxAge": 1, "shares": 3500, "filerUrl": "", "transactionText": "", "filerName": "Bajaj (Niraj)", "filerRelation": "Promoter", "moneyText": "", "startDate": "2018-11-29", "ownership": "D"}, {"maxAge": 1, "shares": 3500, "filerUrl": "", "transactionText": "", "filerName": "Nirav Trust", "filerRelation": "Promoter", "moneyText": "", "startDate": "2018-11-29", "ownership": "D"}, {"maxAge": 1, "shares": 177000, "filerUrl": "", "transactionText": "", "filerName": "Anant Bajaj Trust", "filerRelation": "Promoter", "moneyText": "", "startDate": "2018-11-22", "ownership": "D"}, {"maxAge": 1, "shares": 138000, "filerUrl": "", "transactionText": "", "filerName": "Bajaj (Niraj)", "filerRelation": "Promoter", "moneyText": "", "startDate": "2018-11-22", "ownership": "D"}, {"maxAge": 1, "shares": 177000, "filerUrl": "", "transactionText": "", "filerName": "Bajaj (Shekhar P)", "filerRelation": "Promoter", "moneyText": "", "startDate": "2018-11-22", "ownership": "D"}, {"maxAge": 1, "shares": 138000, "filerUrl": "", "transactionText": "", "filerName": "Nirav Trust", "filerRelation": "Promoter", "moneyText": "", "startDate": "2018-11-22", "ownership": "D"}, {"maxAge": 1, "shares": 120500, "filerUrl": "", "transactionText": "", "filerName": "Bajaj Sevashram Ltd", "filerRelation": "Promoter", "moneyText": "", "startDate": "2018-11-16", "ownership": "D"}, {"maxAge": 1, "shares": 15695839, "filerUrl": "", "transactionText": "", "filerName": "Baroda Industries Pvt. Ltd.", "filerRelation": "Promoter", "moneyText": "", "startDate": "2018-11-16", "ownership": "D"}, {"maxAge": 1, "shares": 4250, "filerUrl": "", "transactionText": "", "filerName": "Bajaj (Niraj)", "filerRelation": "Promoter", "moneyText": "", "startDate": "2018-11-15", "ownership": "D"}, {"maxAge": 1, "shares": 12900, "filerUrl": "", "transactionText": "", "filerName": "Bajaj (Niraj)", "filerRelation": "Promoter", "moneyText": "", "startDate": "2018-11-14", "ownership": "D"}, {"maxAge": 1, "shares": 1100, "filerUrl": "", "transactionText": "", "filerName": "Bajaj (Niraj)", "filerRelation": "Promoter", "moneyText": "", "startDate": "2018-11-14", "ownership": "D"}, {"maxAge": 1, "shares": 20000, "filerUrl": "", "transactionText": "", "filerName": "Bajaj (Niraj)", "filerRelation": "Promoter", "moneyText": "", "startDate": "2018-11-13", "ownership": "D"}, {"maxAge": 1, "shares": 41385, "filerUrl": "", "transactionText": "", "filerName": "Bajaj (Niraj)", "filerRelation": "Promoter", "moneyText": "", "startDate": "2018-11-01", "ownership": "D"}, {"maxAge": 1, "shares": 46100, "filerUrl": "", "transactionText": "", "filerName": "Bajaj (Shekhar P)", "filerRelation": "UNREPORTED", "moneyText": "", "startDate": "2018-11-01", "ownership": "D"}, {"maxAge": 1, "shares": 2000, "filerUrl": "", "transactionText": "", "filerName": "Bajaj (Shekhar P)", "filerRelation": "UNREPORTED", "moneyText": "", "startDate": "2018-10-30", "ownership": "D"}, {"maxAge": 1, "shares": 500, "filerUrl": "", "transactionText": "", "filerName": "Bajaj (Shekhar P)", "filerRelation": "UNREPORTED", "moneyText": "", "startDate": "2018-10-30", "ownership": "D"}, {"maxAge": 1, "shares": 1000, "filerUrl": "", "transactionText": "", "filerName": "Bajaj (Shekhar P)", "filerRelation": "UNREPORTED", "moneyText": "", "startDate": "2018-10-29", "ownership": "D"}, {"maxAge": 1, "shares": 4300, "filerUrl": "", "transactionText": "", "filerName": "Bajaj (Shekhar P)", "filerRelation": "UNREPORTED", "moneyText": "", "startDate": "2018-10-29", "ownership": "D"}], "maxAge": 1}, "quoteType": {"exchange": "BSE", "quoteType": "EQUITY", "symbol": "BAJAJHLDNG.BO", "underlyingSymbol": "BAJAJHLDNG.BO", "shortName": "BAJAJ HOLDINGS & INVESTMENT LT", "longName": "Bajaj Holdings & Investment Limited", "firstTradeDateEpochUtc": "2000-01-03 09:15:00", "timeZoneFullName": "Asia/Kolkata", "timeZoneShortName": "IST", "uuid": "ed26b7db-618b-353b-804c-df891a377973", "messageBoardId": null, "gmtOffSetMilliseconds": 19800000, "maxAge": 1}, "incomeStatementHistory": {"incomeStatementHistory": [{"maxAge": 1, "endDate": "2020-03-31", "totalRevenue": 4354300000, "costOfRevenue": 175800000, "grossProfit": 4178500000, "researchDevelopment": {}, "sellingGeneralAdministrative": 455200000, "nonRecurring": {}, "otherOperatingExpenses": 637500000, "totalOperatingExpenses": 1601600000, "operatingIncome": 2752700000, "totalOtherIncomeExpenseNet": 30384000000, "ebit": 2752700000, "interestExpense": -125400000, "incomeBeforeTax": 33136700000, "incomeTaxExpense": 2334800000, "minorityInterest": 45360800000, "netIncomeFromContinuingOps": 30801900000, "discontinuedOperations": {}, "extraordinaryItems": {}, "effectOfAccountingCharges": {}, "otherItems": {}, "netIncome": 29920000000, "netIncomeApplicableToCommonShares": 29920000000}, {"maxAge": 1, "endDate": "2019-03-31", "totalRevenue": 4313300000, "costOfRevenue": 16900000, "grossProfit": 4296400000, "researchDevelopment": {}, "sellingGeneralAdministrative": 291900000, "nonRecurring": {}, "otherOperatingExpenses": 425100000, "totalOperatingExpenses": 774700000, "operatingIncome": 3538600000, "totalOtherIncomeExpenseNet": 28161600000, "ebit": 3538600000, "interestExpense": -125400000, "incomeBeforeTax": 31700200000, "incomeTaxExpense": 1216400000, "minorityInterest": 45360800000, "netIncomeFromContinuingOps": 30483800000, "discontinuedOperations": {}, "extraordinaryItems": {}, "effectOfAccountingCharges": {}, "otherItems": {}, "netIncome": 30483800000, "netIncomeApplicableToCommonShares": 30483800000}, {"maxAge": 1, "endDate": "2018-03-31", "totalRevenue": 4243700000, "costOfRevenue": 14500000, "grossProfit": 4229200000, "researchDevelopment": {}, "sellingGeneralAdministrative": 238200000, "nonRecurring": {}, "otherOperatingExpenses": 392900000, "totalOperatingExpenses": 697800000, "operatingIncome": 3545900000, "totalOtherIncomeExpenseNet": 23848600000, "ebit": 3545900000, "interestExpense": -125400000, "incomeBeforeTax": 27394500000, "incomeTaxExpense": 847000000, "minorityInterest": 45360800000, "netIncomeFromContinuingOps": 26547500000, "discontinuedOperations": {}, "extraordinaryItems": {}, "effectOfAccountingCharges": {}, "otherItems": {}, "netIncome": 26547500000, "netIncomeApplicableToCommonShares": 26547500000}, {"maxAge": 1, "endDate": "2017-03-31", "totalRevenue": 8332500000, "costOfRevenue": 24700000, "grossProfit": 8307800000, "researchDevelopment": {}, "sellingGeneralAdministrative": 207700000, "nonRecurring": {}, "otherOperatingExpenses": 142700000, "totalOperatingExpenses": 428900000, "operatingIncome": 7903600000, "totalOtherIncomeExpenseNet": 18174000000, "ebit": 7903600000, "interestExpense": -125400000, "incomeBeforeTax": 26077600000, "incomeTaxExpense": 1345700000, "minorityInterest": 45360800000, "netIncomeFromContinuingOps": 24731900000, "discontinuedOperations": {}, "extraordinaryItems": {}, "effectOfAccountingCharges": {}, "otherItems": {}, "netIncome": 24731900000, "netIncomeApplicableToCommonShares": 24731900000}], "maxAge": 86400}, "fundOwnership": {"maxAge": 1, "ownershipList": [{"maxAge": 1, "reportDate": "2020-06-30", "organization": "Templeton Global Investment Tr-Templeton Emerging Markets Small Cap Fd", "pctHeld": 0.0044, "position": 484898, "value": 1235665573}, {"maxAge": 1, "reportDate": "2020-07-31", "organization": "Vanguard International Stock Index-Total Intl Stock Indx", "pctHeld": 0.0041, "position": 455807, "value": 1211671748}, {"maxAge": 1, "reportDate": "2020-07-31", "organization": "DFA Investment Dimensions-DFA Emerging Mkts Value", "pctHeld": 0.0033000002, "position": 367561, "value": 977087406}, {"maxAge": 1, "reportDate": "2020-07-31", "organization": "Vanguard International Stock Index-Emerging Markets Stk", "pctHeld": 0.0033000002, "position": 361738, "value": 961608125}, {"maxAge": 1, "reportDate": "2020-06-30", "organization": "Templeton Developing Markets Trust", "pctHeld": 0.0026, "position": 294776, "value": 751177680}, {"maxAge": 1, "reportDate": "2020-06-30", "organization": "IVA Fiduciary Tr-IVA International Fd", "pctHeld": 0.0021, "position": 237653, "value": 605611139}, {"maxAge": 1, "reportDate": "2020-07-31", "organization": "DFA Emerging Markets Core Equity Portfolio", "pctHeld": 0.0017, "position": 189977, "value": 505015859}, {"maxAge": 1, "reportDate": "2020-07-31", "organization": "DFA Emerging Markets Small Cap Series", "pctHeld": 0.0008, "position": 84034, "value": 223387582}, {"maxAge": 1, "reportDate": "2020-07-31", "organization": "DFA Emerging Markets Series", "pctHeld": 0.00059999997, "position": 65332, "value": 173672055}, {"maxAge": 1, "reportDate": "2020-06-30", "organization": "Franklin Templeton VIP-Templeton Developing Mkts VIP Fund", "pctHeld": 0.0005, "position": 60776, "value": 154875480}]}, "summaryDetail": {"maxAge": 1, "priceHint": 2, "previousClose": 3500.25, "open": 3575.0, "dayLow": 3404.85, "dayHigh": 3711.4, "regularMarketPreviousClose": 3500.25, "regularMarketOpen": 3575.0, "regularMarketDayLow": 3404.85, "regularMarketDayHigh": 3711.4, "trailingPE": 12.682536, "forwardPE": 10.0357895, "volume": 5874, "regularMarketVolume": 5874, "averageVolume": 4378, "averageVolume10days": 2350, "averageDailyVolume10Day": 2350, "bid": 0.0, "ask": 0.0, "bidSize": 0, "askSize": 0, "marketCap": 380736765952, "fiftyTwoWeekLow": 1471.85, "fiftyTwoWeekHigh": 3747.55, "fiftyDayAverage": 3340.5186, "twoHundredDayAverage": 2844.1384, "trailingAnnualDividendRate": 40.0, "trailingAnnualDividendYield": 0.0114277555, "currency": "INR", "fromCurrency": null, "toCurrency": null, "lastMarket": null, "algorithm": null, "tradeable": false}, "sectorTrend": {"maxAge": 1, "symbol": null, "estimates": []}, "incomeStatementHistoryQuarterly": {"incomeStatementHistory": [{"maxAge": 1, "endDate": "2020-06-30", "totalRevenue": 1053600000, "costOfRevenue": 5200000, "grossProfit": 1048400000, "researchDevelopment": {}, "sellingGeneralAdministrative": 113300000, "nonRecurring": {}, "otherOperatingExpenses": 108000000, "totalOperatingExpenses": 310400000, "operatingIncome": 743200000, "totalOtherIncomeExpenseNet": 6339500000, "ebit": 743200000, "interestExpense": -9500000, "incomeBeforeTax": 7082700000, "incomeTaxExpense": 284300000, "minorityInterest": {}, "netIncomeFromContinuingOps": 6798400000, "discontinuedOperations": {}, "extraordinaryItems": {}, "effectOfAccountingCharges": {}, "otherItems": {}, "netIncome": 6791300000, "netIncomeApplicableToCommonShares": 6791300000}, {"maxAge": 1, "endDate": "2020-03-31", "totalRevenue": 1182100000, "costOfRevenue": 131500000, "grossProfit": 1050600000, "researchDevelopment": {}, "sellingGeneralAdministrative": 126400000, "nonRecurring": {}, "otherOperatingExpenses": 72300000, "totalOperatingExpenses": 415500000, "operatingIncome": 766600000, "totalOtherIncomeExpenseNet": 5064300000, "ebit": 766600000, "interestExpense": -48000000, "incomeBeforeTax": 5830900000, "incomeTaxExpense": 1691300000, "minorityInterest": 45360800000, "netIncomeFromContinuingOps": 4139600000, "discontinuedOperations": {}, "extraordinaryItems": {}, "effectOfAccountingCharges": {}, "otherItems": {}, "netIncome": 3614100000, "netIncomeApplicableToCommonShares": 3614100000}, {"maxAge": 1, "endDate": "2019-12-31", "totalRevenue": 974300000, "costOfRevenue": 28300000, "grossProfit": 946000000, "researchDevelopment": {}, "sellingGeneralAdministrative": 111000000, "nonRecurring": {}, "otherOperatingExpenses": 185100000, "totalOperatingExpenses": 407200000, "operatingIncome": 567100000, "totalOtherIncomeExpenseNet": 8974600000, "ebit": 567100000, "interestExpense": -25800000, "incomeBeforeTax": 9541700000, "incomeTaxExpense": 204600000, "minorityInterest": 45360800000, "netIncomeFromContinuingOps": 9337100000, "discontinuedOperations": {}, "extraordinaryItems": {}, "effectOfAccountingCharges": {}, "otherItems": {}, "netIncome": 9326500000, "netIncomeApplicableToCommonShares": 9326500000}, {"maxAge": 1, "endDate": "2019-09-30", "totalRevenue": 1306600000, "costOfRevenue": 12500000, "grossProfit": 1294100000, "researchDevelopment": {}, "sellingGeneralAdministrative": 109800000, "nonRecurring": {}, "otherOperatingExpenses": 156400000, "totalOperatingExpenses": 361200000, "operatingIncome": 945400000, "totalOtherIncomeExpenseNet": 9917700000, "ebit": 945400000, "interestExpense": -25800000, "incomeBeforeTax": 10863100000, "incomeTaxExpense": 239000000, "minorityInterest": 60198200000, "netIncomeFromContinuingOps": 10624100000, "discontinuedOperations": {}, "extraordinaryItems": {}, "effectOfAccountingCharges": {}, "otherItems": {}, "netIncome": 10286600000, "netIncomeApplicableToCommonShares": 10286600000}], "maxAge": 86400}, "cashflowStatementHistoryQuarterly": {"cashflowStatements": [{"maxAge": 1, "endDate": "2020-06-30", "netIncome": 6791300000, "changeToLiabilities": 0}, {"maxAge": 1, "endDate": "2020-03-31", "netIncome": 3614100000, "changeToLiabilities": 0}, {"maxAge": 1, "endDate": "2019-12-31", "netIncome": 9326500000, "changeToLiabilities": 0}, {"maxAge": 1, "endDate": "2019-09-30", "netIncome": 10286600000, "changeToLiabilities": 0}], "maxAge": 86400}, "insiderHolders": {"holders": [{"maxAge": 1, "name": "Anant Bajaj Trust", "relation": "Promoter", "url": "", "transactionDescription": "Gift", "latestTransDate": "2018-11-22", "positionDirect": 5153708, "positionDirectDate": "2018-11-22"}, {"maxAge": 1, "name": "Bajaj (Niraj)", "relation": "Promoter", "url": "", "transactionDescription": "Gift", "latestTransDate": "2018-11-29", "positionDirect": 1435, "positionDirectDate": "2018-11-29"}, {"maxAge": 1, "name": "Bajaj (Shekhar P)", "relation": "Promoter", "url": "", "transactionDescription": "Gift", "latestTransDate": "2018-11-22", "positionDirect": 4500, "positionDirectDate": "2018-11-22"}, {"maxAge": 1, "name": "Bajaj Sevashram Ltd", "relation": "Promoter", "url": "", "transactionDescription": "Acquisition", "latestTransDate": "2018-11-16", "positionDirect": 3567219, "positionDirectDate": "2018-11-16"}, {"maxAge": 1, "name": "Baroda Industries Pvt. Ltd.", "relation": "Promoter", "url": "", "transactionDescription": "Acquisition", "latestTransDate": "2018-11-16", "positionDirect": 16794279, "positionDirectDate": "2018-11-16"}, {"maxAge": 1, "name": "Forbes (Naushad Darius)", "relation": "UNREPORTED", "url": "", "transactionDescription": "Acquisition", "latestTransDate": "2020-08-11", "positionDirect": 1863, "positionDirectDate": "2020-08-11"}, {"maxAge": 1, "name": "Jamnalal Sons Pvt Ltd", "relation": "UNREPORTED", "url": "", "transactionDescription": "Acquisition", "latestTransDate": "2020-03-17", "positionDirect": 19653377, "positionDirectDate": "2020-03-17"}, {"maxAge": 1, "name": "Nirav Trust", "relation": "Promoter", "url": "", "transactionDescription": "Gift", "latestTransDate": "2018-11-29", "positionDirect": 5378257, "positionDirectDate": "2018-11-29"}], "maxAge": 1}, "earnings": {"maxAge": 86400, "earningsChart": {"quarterly": [{"date": "3Q2018", "actual": 68.7, "estimate": 79.67}], "currentQuarterEstimateDate": "4Q", "currentQuarterEstimateYear": 2018, "earningsDate": []}, "financialsChart": {"yearly": [{"date": 2017, "revenue": 8332500000, "earnings": 24731900000}, {"date": 2018, "revenue": 4243700000, "earnings": 26547500000}, {"date": 2019, "revenue": 4313300000, "earnings": 30483800000}, {"date": 2020, "revenue": 4354300000, "earnings": 29920000000}], "quarterly": [{"date": "3Q2019", "revenue": 1306600000, "earnings": 10286600000}, {"date": "4Q2019", "revenue": 974300000, "earnings": 9326500000}, {"date": "1Q2020", "revenue": 1182100000, "earnings": 3614100000}, {"date": "2Q2020", "revenue": 1053600000, "earnings": 6791300000}]}, "financialCurrency": "INR"}, "calendarEvents": {"maxAge": 1, "earnings": {"earningsDate": []}}, "price": {"maxAge": 1, "regularMarketChangePercent": -0.02264124, "regularMarketChange": -79.25, "regularMarketTime": "2021-04-30 15:47:15", "priceHint": 2, "regularMarketPrice": 3421.0, "regularMarketDayHigh": 3711.4, "regularMarketDayLow": 3404.85, "regularMarketVolume": 5874, "averageDailyVolume10Day": 2350, "averageDailyVolume3Month": 4378, "regularMarketPreviousClose": 3500.25, "regularMarketSource": "FREE_REALTIME", "regularMarketOpen": 3575.0, "exchange": "BSE", "exchangeName": "BSE", "exchangeDataDelayedBy": 0, "marketState": "CLOSED", "quoteType": "EQUITY", "symbol": "BAJAJHLDNG.BO", "underlyingSymbol": null, "shortName": "BAJAJ HOLDINGS & INVESTMENT LT", "longName": "Bajaj Holdings & Investment Limited", "currency": "INR", "quoteSourceName": "Delayed Quote", "currencySymbol": "\u20b9", "fromCurrency": null, "toCurrency": null, "lastMarket": null, "marketCap": 380736765952}, "balanceSheetHistory": {"balanceSheetStatements": [{"maxAge": 1, "endDate": "2020-03-31", "cash": 954000000, "shortTermInvestments": 9500000, "netReceivables": 1535300000, "inventory": 33600000, "otherCurrentAssets": 305900000, "totalCurrentAssets": 119759000000, "longTermInvestments": 203770900000, "propertyPlantEquipment": 1905700000, "otherAssets": 2303400000, "deferredLongTermAssetCharges": 451700000, "totalAssets": 327739000000, "accountsPayable": 49900000, "otherCurrentLiab": 448800000, "otherLiab": 2365000000, "minorityInterest": 45360800000, "totalCurrentLiabilities": 700100000, "totalLiab": 4742800000, "commonStock": 1112900000, "retainedEarnings": 229054200000, "treasuryStock": 43024100000, "capitalSurplus": 4444200000, "otherStockholderEquity": 43024100000, "totalStockholderEquity": 277635400000, "netTangibleAssets": 277635400000}, {"maxAge": 1, "endDate": "2019-03-31", "cash": 34800000, "netReceivables": 1525400000, "otherCurrentAssets": 209900000, "totalCurrentAssets": 46382200000, "longTermInvestments": 218152600000, "propertyPlantEquipment": 63000000, "otherAssets": 5496200000, "deferredLongTermAssetCharges": 1393900000, "totalAssets": 270094000000, "accountsPayable": 11300000, "otherCurrentLiab": 303800000, "otherLiab": 86600000, "totalCurrentLiabilities": 484400000, "totalLiab": 571000000, "commonStock": 1112900000, "retainedEarnings": 231221000000, "treasuryStock": 32744900000, "capitalSurplus": 4444200000, "otherStockholderEquity": 32744900000, "totalStockholderEquity": 269523000000, "netTangibleAssets": 269523000000}, {"maxAge": 1, "endDate": "2018-03-31", "cash": 751300000, "shortTermInvestments": 1100000, "netReceivables": 2076100000, "otherCurrentAssets": 76200000, "totalCurrentAssets": 38562300000, "longTermInvestments": 210096900000, "propertyPlantEquipment": 239200000, "otherAssets": 3801300000, "deferredLongTermAssetCharges": 1884900000, "totalAssets": 252699700000, "accountsPayable": 4800000, "otherCurrentLiab": 295100000, "otherLiab": 242400000, "totalCurrentLiabilities": 445000000, "totalLiab": 687400000, "commonStock": 1112900000, "retainedEarnings": 224154100000, "treasuryStock": 22301100000, "capitalSurplus": 4444200000, "otherStockholderEquity": 22301100000, "totalStockholderEquity": 252012300000, "netTangibleAssets": 252012300000}, {"maxAge": 1, "endDate": "2017-03-31", "cash": 125300000, "shortTermInvestments": 18465800000, "netReceivables": 1040900000, "inventory": 2800000, "otherCurrentAssets": 3500000, "totalCurrentAssets": 19638300000, "longTermInvestments": 155197800000, "propertyPlantEquipment": 257800000, "otherAssets": 3792800000, "totalAssets": 178886700000, "accountsPayable": 8100000, "otherCurrentLiab": 68500000, "otherLiab": 372300000, "totalCurrentLiabilities": 335400000, "totalLiab": 707700000, "commonStock": 1112900000, "retainedEarnings": 172596900000, "treasuryStock": 25000000, "capitalSurplus": 4444200000, "otherStockholderEquity": 25000000, "totalStockholderEquity": 178179000000, "netTangibleAssets": 178179000000}], "maxAge": 86400}, "earningsTrend": {"trend": [{"maxAge": 1, "period": "0q", "endDate": "2018-12-31", "growth": {}, "earningsEstimate": {"avg": 0.0, "low": 0.0, "high": 0.0, "yearAgoEps": {}, "numberOfAnalysts": 0, "growth": {}}, "revenueEstimate": {"avg": 0, "low": 0, "high": 0, "numberOfAnalysts": 0, "yearAgoRevenue": {}, "growth": {}}, "epsTrend": {"current": 0.0, "7daysAgo": 0.0, "30daysAgo": 0.0, "60daysAgo": 0.0, "90daysAgo": 0.0}, "epsRevisions": {"upLast7days": 0, "upLast30days": 0, "downLast30days": 0, "downLast90days": {}}}, {"maxAge": 1, "period": "+1q", "endDate": "2019-03-31", "growth": {}, "earningsEstimate": {"avg": 0.0, "low": 0.0, "high": 0.0, "yearAgoEps": {}, "numberOfAnalysts": 0, "growth": {}}, "revenueEstimate": {"avg": 0, "low": 0, "high": 0, "numberOfAnalysts": 0, "yearAgoRevenue": {}, "growth": {}}, "epsTrend": {"current": 0.0, "7daysAgo": 0.0, "30daysAgo": 0.0, "60daysAgo": 0.0, "90daysAgo": 0.0}, "epsRevisions": {"upLast7days": 0, "upLast30days": 0, "downLast30days": 0, "downLast90days": {}}}, {"maxAge": 1, "period": "0y", "endDate": "2019-03-31", "growth": {}, "earningsEstimate": {"avg": 0.0, "low": 0.0, "high": 0.0, "yearAgoEps": {}, "numberOfAnalysts": 0, "growth": {}}, "revenueEstimate": {"avg": 10329100000, "low": 10329100000, "high": 10329100000, "numberOfAnalysts": 1, "yearAgoRevenue": 9648300000, "growth": 0.071}, "epsTrend": {"current": 0.0, "7daysAgo": 310.23, "30daysAgo": 310.23, "60daysAgo": 310.23, "90daysAgo": 310.23}, "epsRevisions": {"upLast7days": 0, "upLast30days": 0, "downLast30days": 0, "downLast90days": {}}}, {"maxAge": 1, "period": "+1y", "endDate": "2020-03-31", "growth": {}, "earningsEstimate": {"avg": 0.0, "low": 0.0, "high": 0.0, "yearAgoEps": {}, "numberOfAnalysts": 0, "growth": {}}, "revenueEstimate": {"avg": 10954700000, "low": 10954700000, "high": 10954700000, "numberOfAnalysts": 1, "yearAgoRevenue": 10329100000, "growth": 0.061}, "epsTrend": {"current": 0.0, "7daysAgo": 340.88, "30daysAgo": 340.88, "60daysAgo": 340.88, "90daysAgo": 340.88}, "epsRevisions": {"upLast7days": 0, "upLast30days": 0, "downLast30days": 0, "downLast90days": {}}}, {"maxAge": 1, "period": "+5y", "endDate": null, "growth": {}, "earningsEstimate": {"avg": {}, "low": {}, "high": {}, "yearAgoEps": {}, "numberOfAnalysts": {}, "growth": {}}, "revenueEstimate": {"avg": {}, "low": {}, "high": {}, "numberOfAnalysts": {}, "yearAgoRevenue": {}, "growth": {}}, "epsTrend": {"current": {}, "7daysAgo": {}, "30daysAgo": {}, "60daysAgo": {}, "90daysAgo": {}}, "epsRevisions": {"upLast7days": {}, "upLast30days": {}, "downLast30days": {}, "downLast90days": {}}}, {"maxAge": 1, "period": "-5y", "endDate": null, "growth": {}, "earningsEstimate": {"avg": {}, "low": {}, "high": {}, "yearAgoEps": {}, "numberOfAnalysts": {}, "growth": {}}, "revenueEstimate": {"avg": {}, "low": {}, "high": {}, "numberOfAnalysts": {}, "yearAgoRevenue": {}, "growth": {}}, "epsTrend": {"current": {}, "7daysAgo": {}, "30daysAgo": {}, "60daysAgo": {}, "90daysAgo": {}}, "epsRevisions": {"upLast7days": {}, "upLast30days": {}, "downLast30days": {}, "downLast90days": {}}}], "maxAge": 1}, "financialData": {"maxAge": 86400, "currentPrice": 3421.0, "targetHighPrice": 3558.0, "targetLowPrice": 3558.0, "targetMeanPrice": 3558.0, "targetMedianPrice": 3558.0, "recommendationKey": "none", "numberOfAnalystOpinions": 1, "grossProfits": 4178500000, "financialCurrency": "INR"}}}