{"BAJAJHCARE.BO": {"cashflowStatementHistory": {"cashflowStatements": [{"maxAge": 1, "endDate": "2020-03-31", "netIncome": 224997780, "depreciation": 121233402, "changeToNetincome": 78594225, "changeToAccountReceivables": -220055119, "changeToLiabilities": 0, "changeToInventory": -92271815, "changeToOperatingActivities": 93250261, "totalCashFromOperatingActivities": 205748734, "capitalExpenditures": -226893754, "investments": -50000000, "otherCashflowsFromInvestingActivities": 317448, "totalCashflowsFromInvestingActivities": -275602107, "netBorrowings": 97315700, "otherCashflowsFromFinancingActivities": -64492820, "totalCashFromFinancingActivities": 32822880, "changeInCash": -37030492}, {"maxAge": 1, "endDate": "2019-03-31", "netIncome": 163103073, "depreciation": 114100429, "changeToNetincome": 34882965, "changeToAccountReceivables": 22576234, "changeToLiabilities": 0, "changeToInventory": 36117224, "changeToOperatingActivities": -119093240, "totalCashFromOperatingActivities": 251686685, "capitalExpenditures": -150059452, "investments": -50000000, "otherCashflowsFromInvestingActivities": 19720011, "totalCashflowsFromInvestingActivities": -130256269, "dividendsPaid": -6899600, "netBorrowings": -37175363, "otherCashflowsFromFinancingActivities": -81596364, "totalCashFromFinancingActivities": -125671327, "changeInCash": -4240911}, {"maxAge": 1, "endDate": "2018-03-31", "netIncome": 151862766, "depreciation": 110834894, "changeToNetincome": 92246050, "changeToAccountReceivables": -276985708, "changeToLiabilities": 0, "changeToInventory": -168997301, "changeToOperatingActivities": 257180336, "totalCashFromOperatingActivities": 166141037, "capitalExpenditures": -115123711, "investments": -50000000, "otherCashflowsFromInvestingActivities": -1255956, "totalCashflowsFromInvestingActivities": -116379667, "dividendsPaid": -6899600, "netBorrowings": 99937135, "otherCashflowsFromFinancingActivities": -75240699, "totalCashFromFinancingActivities": 24696436, "changeInCash": 74457806}, {"maxAge": 1, "endDate": "2017-03-31", "netIncome": 78247468, "depreciation": 113455192, "changeToNetincome": 87590924, "changeToAccountReceivables": -97344015, "changeToLiabilities": 0, "changeToInventory": 28795714, "changeToOperatingActivities": 10471004, "totalCashFromOperatingActivities": 221216287, "capitalExpenditures": -101151528, "investments": -50000000, "otherCashflowsFromInvestingActivities": 13070028, "totalCashflowsFromInvestingActivities": -84461487, "dividendsPaid": -6899600, "netBorrowings": -77378776, "otherCashflowsFromFinancingActivities": -80058591, "totalCashFromFinancingActivities": -132005367, "changeInCash": 4749434, "issuanceOfStock": 25432000}], "maxAge": 86400}, "institutionOwnership": {"ownershipList": [], "maxAge": 1}, "balanceSheetHistoryQuarterly": {"balanceSheetStatements": [{"maxAge": 1, "endDate": "2020-06-30", "totalStockholderEquity": 1516062000, "netTangibleAssets": 1516062000}, {"maxAge": 1, "endDate": "2020-03-31", "cash": 41584899, "netReceivables": 1001323857, "inventory": 392750586, "otherCurrentAssets": 370055845, "totalCurrentAssets": 1805715187, "longTermInvestments": 50030625, "propertyPlantEquipment": 1401707668, "totalAssets": 3257453480, "accountsPayable": 477073321, "shortLongTermDebt": 89151377, "otherCurrentLiab": 209962472, "longTermDebt": 235781574, "otherLiab": 42952606, "totalCurrentLiabilities": 1462657198, "totalLiab": 1741391378, "commonStock": 137992000, "retainedEarnings": 982219467, "treasuryStock": 395850635, "otherStockholderEquity": 395850635, "totalStockholderEquity": 1516062102, "netTangibleAssets": 1516062102}, {"maxAge": 1, "endDate": "2019-12-31", "totalStockholderEquity": 1356256000, "netTangibleAssets": 1356256000}, {"maxAge": 1, "endDate": "2019-09-30", "cash": 68907000, "netReceivables": 846892000, "inventory": 305332000, "otherCurrentAssets": 192099000, "totalCurrentAssets": 1413230000, "longTermInvestments": 50031000, "propertyPlantEquipment": 1340536000, "totalAssets": 2803797000, "accountsPayable": 369985000, "otherCurrentLiab": 297131000, "longTermDebt": 201472000, "otherLiab": 30405000, "totalCurrentLiabilities": 1215664000, "totalLiab": 1447541000, "commonStock": 137992000, "treasuryStock": 1218264000, "otherStockholderEquity": 1218264000, "totalStockholderEquity": 1356256000, "netTangibleAssets": 1356256000}], "maxAge": 86400}, "indexTrend": {"maxAge": 1, "symbol": "SP5", "peRatio": 19.7411, "pegRatio": 1.34172, "estimates": [{"period": "0q", "growth": 0.549}, {"period": "+1q", "growth": 0.431}, {"period": "0y", "growth": 0.305}, {"period": "+1y", "growth": 0.109}, {"period": "+5y", "growth": 0.120859005}, {"period": "-5y"}]}, "quoteType": {"exchange": "BSE", "quoteType": "EQUITY", "symbol": "BAJAJHCARE.BO", "underlyingSymbol": "BAJAJHCARE.BO", "shortName": "Bajaj Healthcare Limited", "longName": "Bajaj HealthCare Limited", "firstTradeDateEpochUtc": "2016-05-10 09:15:00", "timeZoneFullName": "Asia/Kolkata", "timeZoneShortName": "IST", "uuid": "68733caa-982a-3697-8621-51b7a650d67f", "gmtOffSetMilliseconds": 19800000, "maxAge": 1}, "incomeStatementHistory": {"incomeStatementHistory": [{"maxAge": 1, "endDate": "2020-03-31", "totalRevenue": 4107179844, "costOfRevenue": 3172632594, "grossProfit": 934547250, "researchDevelopment": {}, "sellingGeneralAdministrative": 289996609, "nonRecurring": {}, "otherOperatingExpenses": 125770196, "totalOperatingExpenses": 3709632801, "operatingIncome": 397547043, "totalOtherIncomeExpenseNet": -73034113, "ebit": 397547043, "interestExpense": -49939195, "incomeBeforeTax": 324512930, "incomeTaxExpense": 99515150, "minorityInterest": {}, "netIncomeFromContinuingOps": 224997780, "discontinuedOperations": {}, "extraordinaryItems": {}, "effectOfAccountingCharges": {}, "otherItems": {}, "netIncome": 224997780, "netIncomeApplicableToCommonShares": 224997780}, {"maxAge": 1, "endDate": "2019-03-31", "totalRevenue": 3701737303, "costOfRevenue": 2900267848, "grossProfit": 801469455, "researchDevelopment": {}, "sellingGeneralAdministrative": 248141557, "nonRecurring": {}, "otherOperatingExpenses": 93660594, "totalOperatingExpenses": 3356170428, "operatingIncome": 345566875, "totalOtherIncomeExpenseNet": -103869218, "ebit": 345566875, "interestExpense": -71104975, "incomeBeforeTax": 241697657, "incomeTaxExpense": 78594584, "minorityInterest": {}, "netIncomeFromContinuingOps": 163103073, "discontinuedOperations": {}, "extraordinaryItems": {}, "effectOfAccountingCharges": {}, "otherItems": {}, "netIncome": 163103073, "netIncomeApplicableToCommonShares": 163103073}, {"maxAge": 1, "endDate": "2018-03-31", "totalRevenue": 3271092984, "costOfRevenue": 2575402161, "grossProfit": 695690823, "researchDevelopment": {}, "sellingGeneralAdministrative": 220825575, "nonRecurring": {}, "otherOperatingExpenses": 79928312, "totalOperatingExpenses": 2986990942, "operatingIncome": 284102042, "totalOtherIncomeExpenseNet": -57255570, "ebit": 284102042, "interestExpense": -66350759, "incomeBeforeTax": 226846472, "incomeTaxExpense": 74983706, "minorityInterest": {}, "netIncomeFromContinuingOps": 151862766, "discontinuedOperations": {}, "extraordinaryItems": {}, "effectOfAccountingCharges": {}, "otherItems": {}, "netIncome": 151862766, "netIncomeApplicableToCommonShares": 151862766}, {"maxAge": 1, "endDate": "2017-03-31", "totalRevenue": 2306546459, "costOfRevenue": 1724839464, "grossProfit": 581706995, "researchDevelopment": {}, "sellingGeneralAdministrative": 202130712, "nonRecurring": {}, "otherOperatingExpenses": 69024589, "totalOperatingExpenses": 2109449957, "operatingIncome": 197096502, "totalOtherIncomeExpenseNet": -60198548, "ebit": 197096502, "interestExpense": -73840700, "incomeBeforeTax": 136897954, "incomeTaxExpense": 58650486, "minorityInterest": {}, "netIncomeFromContinuingOps": 78247468, "discontinuedOperations": {}, "extraordinaryItems": {}, "effectOfAccountingCharges": {}, "otherItems": {}, "netIncome": 78247468, "netIncomeApplicableToCommonShares": 78247468}], "maxAge": 86400}, "fundOwnership": {"ownershipList": [], "maxAge": 1}, "summaryDetail": {"maxAge": 1, "priceHint": 2, "previousClose": 490.2, "open": 480.4, "dayLow": 475.0, "dayHigh": 537.0, "regularMarketPreviousClose": 490.2, "regularMarketOpen": 480.4, "regularMarketDayLow": 475.0, "regularMarketDayHigh": 537.0, "trailingPE": 20.435843, "volume": 127968, "regularMarketVolume": 127968, "averageVolume": 26566, "averageVolume10days": 42256, "averageDailyVolume10Day": 42256, "bid": 511.55, "ask": 0.0, "bidSize": 0, "askSize": 0, "marketCap": 7058980352, "fiftyTwoWeekLow": 185.0, "fiftyTwoWeekHigh": 590.0, "fiftyDayAverage": 475.5485, "twoHundredDayAverage": 435.5022, "trailingAnnualDividendRate": 1.0, "trailingAnnualDividendYield": 0.0020399836, "currency": "INR", "fromCurrency": null, "lastMarket": null, "algorithm": null, "tradeable": false}, "incomeStatementHistoryQuarterly": {"incomeStatementHistory": [{"maxAge": 1, "endDate": "2020-06-30", "totalRevenue": 1398332000, "costOfRevenue": 1001272000, "grossProfit": 397060000, "researchDevelopment": {}, "sellingGeneralAdministrative": 79873000, "nonRecurring": {}, "otherOperatingExpenses": 54713000, "totalOperatingExpenses": 1173505000, "operatingIncome": 224827000, "totalOtherIncomeExpenseNet": -20481000, "ebit": 224827000, "interestExpense": -20481000, "incomeBeforeTax": 204346000, "incomeTaxExpense": 51430000, "minorityInterest": {}, "netIncomeFromContinuingOps": 152916000, "discontinuedOperations": {}, "extraordinaryItems": {}, "effectOfAccountingCharges": {}, "otherItems": {}, "netIncome": 152916000, "netIncomeApplicableToCommonShares": 152916000}, {"maxAge": 1, "endDate": "2020-03-31", "totalRevenue": 1192061844, "costOfRevenue": 880523594, "grossProfit": 311538250, "researchDevelopment": {}, "sellingGeneralAdministrative": 81695609, "nonRecurring": {}, "otherOperatingExpenses": 33503196, "totalOperatingExpenses": 1029501801, "operatingIncome": 162560043, "totalOtherIncomeExpenseNet": -22475113, "ebit": 162560043, "interestExpense": -20481000, "incomeBeforeTax": 140084930, "incomeTaxExpense": 44080150, "minorityInterest": {}, "netIncomeFromContinuingOps": 96004780, "discontinuedOperations": {}, "extraordinaryItems": {}, "effectOfAccountingCharges": {}, "otherItems": {}, "netIncome": 96004780, "netIncomeApplicableToCommonShares": 96004780}, {"maxAge": 1, "endDate": "2019-12-31", "totalRevenue": 992723000, "costOfRevenue": 755702000, "grossProfit": 237021000, "researchDevelopment": {}, "sellingGeneralAdministrative": 67444000, "nonRecurring": {}, "otherOperatingExpenses": 32173000, "totalOperatingExpenses": 883836000, "operatingIncome": 108887000, "totalOtherIncomeExpenseNet": -16548000, "ebit": 108887000, "interestExpense": -16549000, "incomeBeforeTax": 92339000, "incomeTaxExpense": 28538000, "minorityInterest": {}, "netIncomeFromContinuingOps": 63801000, "discontinuedOperations": {}, "extraordinaryItems": {}, "effectOfAccountingCharges": {}, "otherItems": {}, "netIncome": 63801000, "netIncomeApplicableToCommonShares": 63801000}, {"maxAge": 1, "endDate": "2019-09-30", "totalRevenue": 1005458000, "costOfRevenue": 807147000, "grossProfit": 198311000, "researchDevelopment": {}, "sellingGeneralAdministrative": 77357000, "nonRecurring": {}, "otherOperatingExpenses": 29786000, "totalOperatingExpenses": 943813000, "operatingIncome": 61645000, "totalOtherIncomeExpenseNet": -15743000, "ebit": 61645000, "interestExpense": -15743000, "incomeBeforeTax": 45902000, "incomeTaxExpense": 13128000, "minorityInterest": {}, "netIncomeFromContinuingOps": 32774000, "discontinuedOperations": {}, "extraordinaryItems": {}, "effectOfAccountingCharges": {}, "otherItems": {}, "netIncome": 32774000, "netIncomeApplicableToCommonShares": 32774000}], "maxAge": 86400}, "cashflowStatementHistoryQuarterly": {"cashflowStatements": [{"maxAge": 1, "endDate": "2020-06-30", "netIncome": 152916000, "changeToLiabilities": 0}, {"maxAge": 1, "endDate": "2020-03-31", "netIncome": 96004780, "changeToLiabilities": 0}, {"maxAge": 1, "endDate": "2019-12-31", "netIncome": 63801000, "changeToLiabilities": 0}, {"maxAge": 1, "endDate": "2019-09-30", "netIncome": 32774000, "changeToLiabilities": 0}], "maxAge": 86400}, "insiderHolders": {"holders": [], "maxAge": 1}, "calendarEvents": {"maxAge": 1, "earnings": {"earningsDate": []}}, "upgradeDowngradeHistory": {"history": [], "maxAge": 86400}, "price": {"maxAge": 1, "regularMarketChangePercent": 0.043553602, "regularMarketChange": 21.349976, "regularMarketTime": "2021-04-30 15:41:26", "priceHint": 2, "regularMarketPrice": 511.55, "regularMarketDayHigh": 537.0, "regularMarketDayLow": 475.0, "regularMarketVolume": 127968, "averageDailyVolume10Day": 42256, "averageDailyVolume3Month": 26566, "regularMarketPreviousClose": 490.2, "regularMarketSource": "FREE_REALTIME", "regularMarketOpen": 480.4, "exchange": "BSE", "exchangeName": "BSE", "exchangeDataDelayedBy": 0, "marketState": "CLOSED", "quoteType": "EQUITY", "symbol": "BAJAJHCARE.BO", "underlyingSymbol": null, "shortName": "Bajaj Healthcare Limited", "longName": "Bajaj HealthCare Limited", "currency": "INR", "quoteSourceName": "Delayed Quote", "currencySymbol": "\u20b9", "fromCurrency": null, "lastMarket": null, "marketCap": 7058980352}, "balanceSheetHistory": {"balanceSheetStatements": [{"maxAge": 1, "endDate": "2020-03-31", "cash": 41584899, "netReceivables": 1001323857, "inventory": 392750586, "otherCurrentAssets": 370055845, "totalCurrentAssets": 1805715187, "longTermInvestments": 50030625, "propertyPlantEquipment": 1401707668, "totalAssets": 3257453480, "accountsPayable": 477073321, "shortLongTermDebt": 89151377, "otherCurrentLiab": 209962472, "longTermDebt": 235781574, "otherLiab": 42952606, "totalCurrentLiabilities": 1462657198, "totalLiab": 1741391378, "commonStock": 137992000, "retainedEarnings": 982219467, "treasuryStock": 395850635, "otherStockholderEquity": 395850635, "totalStockholderEquity": 1516062102, "netTangibleAssets": 1516062102}, {"maxAge": 1, "endDate": "2019-03-31", "cash": 78615392, "netReceivables": 781268737, "inventory": 300478771, "otherCurrentAssets": 211331951, "totalCurrentAssets": 1371694851, "longTermInvestments": 30625, "propertyPlantEquipment": 1296750033, "totalAssets": 2668475509, "accountsPayable": 299848884, "shortLongTermDebt": 84470333, "otherCurrentLiab": 143397257, "longTermDebt": 173926957, "otherLiab": 30133202, "totalCurrentLiabilities": 1173351028, "totalLiab": 1377411187, "commonStock": 68996000, "retainedEarnings": 752828020, "treasuryStock": 402804302, "capitalSurplus": 66436000, "otherStockholderEquity": 402804302, "totalStockholderEquity": 1291064322, "netTangibleAssets": 1291064322}, {"maxAge": 1, "endDate": "2018-03-31", "cash": 82856303, "netReceivables": 803844971, "inventory": 336595995, "otherCurrentAssets": 172162112, "totalCurrentAssets": 1395459381, "longTermInvestments": 30625, "propertyPlantEquipment": 1285850744, "totalAssets": 2681340750, "accountsPayable": 433757251, "shortLongTermDebt": 105186805, "otherCurrentLiab": 124422272, "longTermDebt": 214751415, "otherLiab": 19716864, "totalCurrentLiabilities": 1310743389, "totalLiab": 1545211668, "commonStock": 68996000, "retainedEarnings": 591693677, "treasuryStock": 409003405, "capitalSurplus": 66436000, "otherStockholderEquity": 409003405, "totalStockholderEquity": 1136129082, "netTangibleAssets": 1136129082}, {"maxAge": 1, "endDate": "2017-03-31", "cash": 8398496, "netReceivables": 526859263, "inventory": 167598694, "otherCurrentAssets": 207959510, "totalCurrentAssets": 910815963, "longTermInvestments": 30625, "propertyPlantEquipment": 1281561925, "totalAssets": 2192408513, "accountsPayable": 188512799, "shortLongTermDebt": 89678070, "otherCurrentLiab": 189869897, "longTermDebt": 268454506, "otherLiab": 8418647, "totalCurrentLiabilities": 925531083, "totalLiab": 1202404236, "commonStock": 68996000, "retainedEarnings": 438728573, "treasuryStock": 415843704, "capitalSurplus": 66436000, "otherStockholderEquity": 415843704, "totalStockholderEquity": 990004277, "netTangibleAssets": 990004277}], "maxAge": 86400}, "financialData": {"maxAge": 86400, "currentPrice": 511.55, "recommendationKey": "none", "grossProfits": 934547250, "financialCurrency": "INR"}}}