{"BAJAJHIND.NS": {"assetProfile": {"address1": "Bajaj Bhawan B-10", "address2": "Sector 3 Jamnalal Bajaj Marg", "city": "Noida", "zip": "201301", "country": "India", "phone": "91 12 0254 3939", "fax": "91 12 0254 3949", "website": "http://www.bajajhindusthan.com", "industry": "Confectioners", "sector": "Consumer Defensive", "longBusinessSummary": "Bajaj Hindusthan Sugar Limited, together with its subsidiaries, manufactures and sells sugar and ethanol in India. The company operates through Sugar, Distillery, and Power segments. It offers sugar by-products, such as bagasse, molasses, fly ash, and press mud; and bio-compost/bio-manure. The company also generates and sells bagasse-based power to the Uttar Pradesh state grid. It serves customers in alcohol-based chemical plants and oil companies. The company was formerly known as Bajaj Hindusthan Limited and changed its name to Bajaj Hindusthan Sugar Limited in January 2015. Bajaj Hindusthan Sugar Limited was incorporated in 1931 and is based in Noida, India.", "fullTimeEmployees": 7415, "companyOfficers": [{"maxAge": 1, "name": "Mr. Ashok Kumar Gupta", "age": 69, "title": "MD & Whole-Time Director", "yearBorn": 1951, "fiscalYear": 2020, "totalPay": 12566415, "exercisedValue": 0, "unexercisedValue": 0}, {"maxAge": 1, "name": "Mr. Alok Kumar Vaish", "age": 53, "title": "Chief Financial Officer", "yearBorn": 1967, "fiscalYear": 2020, "totalPay": 6464663, "exercisedValue": 0, "unexercisedValue": 0}, {"maxAge": 1, "name": "Mr. Naval Kishore Kashyap", "age": 60, "title": "Sr. VP of Indirect Taxation", "yearBorn": 1960, "exercisedValue": 0, "unexercisedValue": 0}, {"maxAge": 1, "name": "Ms. Swati  Bhattacharya", "age": 48, "title": "Chief Communications & Brand Officer", "yearBorn": 1972, "exercisedValue": 0, "unexercisedValue": 0}, {"maxAge": 1, "name": "Mr. Akash  Sharma", "age": 56, "title": "VP of Fin. & Accounts", "yearBorn": 1964, "fiscalYear": 2019, "exercisedValue": 0, "unexercisedValue": 0}, {"maxAge": 1, "name": "Mr. Kausik  Adhikari", "age": 46, "title": "Compliance Officer & Company Sec.", "yearBorn": 1974, "exercisedValue": 0, "unexercisedValue": 0}, {"maxAge": 1, "name": "Mr. S. H. Venkatramni", "age": 64, "title": "Pres of Corp. Communications", "yearBorn": 1956, "fiscalYear": 2008, "exercisedValue": 0, "unexercisedValue": 0}, {"maxAge": 1, "name": "Mr. Vikas  Lahoti", "age": 63, "title": "Head of Group Corp. Taxation", "yearBorn": 1957, "fiscalYear": 2017, "exercisedValue": 0, "unexercisedValue": 0}, {"maxAge": 1, "name": "Mr. Adhish  Goray", "age": 47, "title": "Project Head", "yearBorn": 1973, "exercisedValue": 0, "unexercisedValue": 0}, {"maxAge": 1, "name": "Mr. Naresh Chandra Agarwal", "age": 68, "title": "Sr. VP & Zonal Unit Head", "yearBorn": 1952, "fiscalYear": 2019, "exercisedValue": 0, "unexercisedValue": 0}], "compensationAsOfEpochDate": "2020-12-31 05:30:00", "maxAge": 86400}, "recommendationTrend": {"trend": [{"period": "0m", "strongBuy": 0, "buy": 0, "hold": 0, "sell": 0, "strongSell": 0}, {"period": "-1m", "strongBuy": 0, "buy": 0, "hold": 0, "sell": 0, "strongSell": 0}, {"period": "-2m", "strongBuy": 0, "buy": 0, "hold": 0, "sell": 0, "strongSell": 0}, {"period": "-3m", "strongBuy": 0, "buy": 0, "hold": 0, "sell": 0, "strongSell": 0}], "maxAge": 86400}, "cashflowStatementHistory": {"cashflowStatements": [{"maxAge": 1, "endDate": "2020-03-31", "netIncome": -499900000, "depreciation": 2164100000, "changeToNetincome": 2952600000, "changeToAccountReceivables": 181100000, "changeToLiabilities": 3769000000, "changeToInventory": 535900000, "totalCashFromOperatingActivities": 9102800000, "capitalExpenditures": -289000000, "otherCashflowsFromInvestingActivities": 26700000, "totalCashflowsFromInvestingActivities": -213900000, "dividendsPaid": -1300000, "netBorrowings": -5457100000, "otherCashflowsFromFinancingActivities": -2929300000, "totalCashFromFinancingActivities": -8387700000, "changeInCash": 501200000}, {"maxAge": 1, "endDate": "2019-03-31", "netIncome": -1365600000, "depreciation": 2118600000, "changeToNetincome": 2457800000, "changeToAccountReceivables": 262600000, "changeToLiabilities": 6874700000, "changeToInventory": 829000000, "totalCashFromOperatingActivities": 11177100000, "capitalExpenditures": -167400000, "otherCashflowsFromInvestingActivities": 30300000, "totalCashflowsFromInvestingActivities": -37200000, "dividendsPaid": -1700000, "netBorrowings": -7805700000, "otherCashflowsFromFinancingActivities": -3176400000, "totalCashFromFinancingActivities": -10983800000, "changeInCash": 156100000}, {"maxAge": 1, "endDate": "2018-03-31", "netIncome": -4996400000, "depreciation": 1974500000, "changeToNetincome": 6392200000, "changeToAccountReceivables": -438200000, "changeToLiabilities": 4983800000, "changeToInventory": 1616400000, "totalCashFromOperatingActivities": 9532300000, "capitalExpenditures": -344700000, "otherCashflowsFromInvestingActivities": 40800000, "totalCashflowsFromInvestingActivities": -287300000, "dividendsPaid": -1300000, "netBorrowings": -5680300000, "otherCashflowsFromFinancingActivities": -3500400000, "totalCashFromFinancingActivities": -9182000000, "changeInCash": 63000000}, {"maxAge": 1, "endDate": "2017-03-31", "netIncome": -919800000, "depreciation": 2146600000, "changeToNetincome": 7321900000, "changeToAccountReceivables": 1583400000, "changeToLiabilities": 7720800000, "changeToInventory": -10854000000, "totalCashFromOperatingActivities": 6998900000, "capitalExpenditures": -254200000, "otherCashflowsFromInvestingActivities": 120200000, "totalCashflowsFromInvestingActivities": -135200000, "dividendsPaid": -1100000, "netBorrowings": -1528200000, "otherCashflowsFromFinancingActivities": -5538300000, "totalCashFromFinancingActivities": -7067600000, "changeInCash": -203900000}], "maxAge": 86400}, "indexTrend": {"maxAge": 1, "symbol": "SP5", "peRatio": 19.7411, "pegRatio": 1.34172, "estimates": [{"period": "0q", "growth": 0.549}, {"period": "+1q", "growth": 0.431}, {"period": "0y", "growth": 0.305}, {"period": "+1y", "growth": 0.109}, {"period": "+5y", "growth": 0.120865}, {"period": "-5y"}]}, "defaultKeyStatistics": {"maxAge": 1, "priceHint": 2, "enterpriseValue": 52652314624, "profitMargins": -0.04557, "floatShares": 886167644, "sharesOutstanding": 1133560064, "heldPercentInsiders": 0.54962003, "heldPercentInstitutions": 0.03753, "beta": 1.894929, "category": null, "bookValue": 22.53, "priceToBook": 0.32179317, "fundFamily": null, "legalType": null, "lastFiscalYearEnd": "2020-03-31 05:30:00", "nextFiscalYearEnd": "2022-03-31 05:30:00", "mostRecentQuarter": "2020-12-31 05:30:00", "netIncomeToCommon": -2976300032, "trailingEps": -2.708, "lastSplitFactor": "10:1", "lastSplitDate": "2004-04-28 05:30:00", "enterpriseToRevenue": 0.806, "enterpriseToEbitda": 30.925, "52WeekChange": 0.3551402, "SandP52WeekChange": 0.48148263, "lastDividendValue": 0.1, "lastDividendDate": 1359590400}, "industryTrend": {"maxAge": 1, "symbol": null, "estimates": []}, "quoteType": {"exchange": "NSI", "quoteType": "EQUITY", "symbol": "BAJAJHIND.NS", "underlyingSymbol": "BAJAJHIND.NS", "shortName": "BAJAJ HINDUSTHAN S", "longName": "Bajaj Hindusthan Sugar Limited", "firstTradeDateEpochUtc": "2002-07-01 09:15:00", "timeZoneFullName": "Asia/Kolkata", "timeZoneShortName": "IST", "uuid": "6ecc4800-18f9-31e2-a384-0980626b1b7e", "messageBoardId": "finmb_8665405", "gmtOffSetMilliseconds": 19800000, "maxAge": 1}, "incomeStatementHistory": {"incomeStatementHistory": [{"maxAge": 1, "endDate": "2020-03-31", "totalRevenue": 66693400000, "costOfRevenue": 55898900000, "grossProfit": 10794500000, "researchDevelopment": {}, "sellingGeneralAdministrative": 3029100000, "nonRecurring": {}, "otherOperatingExpenses": 3219800000, "totalOperatingExpenses": 64311600000, "operatingIncome": 2381800000, "totalOtherIncomeExpenseNet": -2905400000, "ebit": 2381800000, "interestExpense": -2979700000, "incomeBeforeTax": -523600000, "incomeTaxExpense": -23600000, "minorityInterest": -200000, "netIncomeFromContinuingOps": -500000000, "discontinuedOperations": {}, "extraordinaryItems": {}, "effectOfAccountingCharges": {}, "otherItems": {}, "netIncome": -499900000, "netIncomeApplicableToCommonShares": -499900000}, {"maxAge": 1, "endDate": "2019-03-31", "totalRevenue": 68063900000, "costOfRevenue": 58998700000, "grossProfit": 9065200000, "researchDevelopment": {}, "sellingGeneralAdministrative": 2820800000, "nonRecurring": {}, "otherOperatingExpenses": 3259100000, "totalOperatingExpenses": 67196900000, "operatingIncome": 867000000, "totalOtherIncomeExpenseNet": -2206400000, "ebit": 867000000, "interestExpense": -3151300000, "incomeBeforeTax": -1339400000, "incomeTaxExpense": 26300000, "minorityInterest": -100000, "netIncomeFromContinuingOps": -1365700000, "discontinuedOperations": {}, "extraordinaryItems": {}, "effectOfAccountingCharges": {}, "otherItems": {}, "netIncome": -1365600000, "netIncomeApplicableToCommonShares": -1365600000}, {"maxAge": 1, "endDate": "2018-03-31", "totalRevenue": 58467200000, "costOfRevenue": 49944800000, "grossProfit": 8522400000, "researchDevelopment": {}, "sellingGeneralAdministrative": 2552600000, "nonRecurring": {}, "otherOperatingExpenses": 3244200000, "totalOperatingExpenses": 57720200000, "operatingIncome": 747000000, "totalOtherIncomeExpenseNet": -5792300000, "ebit": 747000000, "interestExpense": -6740600000, "incomeBeforeTax": -5045300000, "incomeTaxExpense": -48900000, "minorityInterest": -100000, "netIncomeFromContinuingOps": -4996400000, "discontinuedOperations": {}, "extraordinaryItems": {}, "effectOfAccountingCharges": {}, "otherItems": {}, "netIncome": -4996400000, "netIncomeApplicableToCommonShares": -4996400000}, {"maxAge": 1, "endDate": "2017-03-31", "totalRevenue": 43993000000, "costOfRevenue": 30781000000, "grossProfit": 13212000000, "researchDevelopment": {}, "sellingGeneralAdministrative": 2408900000, "nonRecurring": {}, "otherOperatingExpenses": 2279100000, "totalOperatingExpenses": 37615200000, "operatingIncome": 6377800000, "totalOtherIncomeExpenseNet": -7355000000, "ebit": 6377800000, "interestExpense": -8020800000, "incomeBeforeTax": -977200000, "incomeTaxExpense": -57400000, "minorityInterest": -100000, "netIncomeFromContinuingOps": -919800000, "discontinuedOperations": {}, "extraordinaryItems": {}, "effectOfAccountingCharges": {}, "otherItems": {}, "netIncome": -919800000, "netIncomeApplicableToCommonShares": -919800000}], "maxAge": 86400}, "fundOwnership": {"maxAge": 1, "ownershipList": [{"maxAge": 1, "reportDate": "2021-03-31", "organization": "SPDR Portfolio Emerging Markets ETF", "pctHeld": 0.0011999999, "position": 1392792, "value": 8635310}]}, "summaryDetail": {"maxAge": 1, "priceHint": 2, "previousClose": 7.0, "open": 6.9, "dayLow": 6.8, "dayHigh": 7.65, "regularMarketPreviousClose": 7.0, "regularMarketOpen": 6.9, "regularMarketDayLow": 6.8, "regularMarketDayHigh": 7.65, "exDividendDate": "2013-01-31 05:30:00", "payoutRatio": 0.0, "beta": 1.894929, "volume": 30873396, "regularMarketVolume": 30873396, "averageVolume": 7703752, "averageVolume10days": 11466443, "averageDailyVolume10Day": 11466443, "bid": 0.0, "ask": 0.0, "bidSize": 0, "askSize": 0, "marketCap": 8206564864, "fiftyTwoWeekLow": 3.75, "fiftyTwoWeekHigh": 8.5, "priceToSalesTrailing12Months": 0.1256598, "fiftyDayAverage": 6.491667, "twoHundredDayAverage": 6.0613794, "currency": "INR", "fromCurrency": null, "toCurrency": null, "lastMarket": null, "algorithm": null, "tradeable": false}, "insiderHolders": {"holders": [{"maxAge": 1, "name": "Allahabad Bank", "relation": "Institution- Corporation", "url": "", "transactionDescription": "Other", "latestTransDate": "2020-04-01", "positionDirect": 0, "positionDirectDate": "2020-04-01"}, {"maxAge": 1, "name": "Bajaj (Kushagra)", "relation": "Chief Executive Officer", "url": "", "transactionDescription": "Acquisition", "latestTransDate": "2010-02-08", "positionDirect": 1787005, "positionDirectDate": "2010-02-08"}, {"maxAge": 1, "name": "Bajaj (Shishirkumar)", "relation": "UNREPORTED", "url": "", "transactionDescription": "Sale", "latestTransDate": "2009-09-29", "positionDirect": 3988841, "positionDirectDate": "2009-09-29"}, {"maxAge": 1, "name": "Bajaj Holdings & Investment Ltd", "relation": "Promoter", "url": "", "transactionDescription": "Sale", "latestTransDate": "2017-12-18", "positionDirect": 6027469, "positionDirectDate": "2017-12-18"}, {"maxAge": 1, "name": "Deutsche Securities Mauritius Ltd", "relation": "UNREPORTED", "url": "", "transactionDescription": "Sale", "latestTransDate": "2009-08-26", "positionDirect": 6493914, "positionDirectDate": "2009-08-26"}, {"maxAge": 1, "name": "Global World Power Project Pvt Ltd", "relation": "Promoter", "url": "", "transactionDescription": "Sale", "latestTransDate": "2017-12-18", "positionDirect": 121, "positionDirectDate": "2017-12-18"}, {"maxAge": 1, "name": "IDBI Bank Ltd", "relation": "Institution- Corporation", "url": "", "transactionDescription": "Sale", "latestTransDate": "2021-01-18", "positionDirect": 36449527, "positionDirectDate": "2021-01-18"}, {"maxAge": 1, "name": "Indian Bank", "relation": "Promoter", "url": "", "transactionDescription": "Other", "latestTransDate": "2020-04-01", "positionDirect": 62397361, "positionDirectDate": "2020-04-01"}, {"maxAge": 1, "name": "Janus Overseas Fund", "relation": "UNREPORTED", "url": "", "transactionDescription": "Acquisition", "latestTransDate": "2009-11-16", "positionDirect": 8913635, "positionDirectDate": "2009-11-16"}], "maxAge": 1}, "calendarEvents": {"maxAge": 1, "earnings": {"earningsDate": []}, "exDividendDate": "2013-01-31 05:30:00"}, "price": {"maxAge": 1, "regularMarketChangePercent": 0.035714287, "regularMarketChange": 0.25, "regularMarketTime": "2021-04-30 15:30:01", "priceHint": 2, "regularMarketPrice": 7.25, "regularMarketDayHigh": 7.65, "regularMarketDayLow": 6.8, "regularMarketVolume": 30873396, "averageDailyVolume10Day": 11466443, "averageDailyVolume3Month": 7703752, "regularMarketPreviousClose": 7.0, "regularMarketSource": "FREE_REALTIME", "regularMarketOpen": 6.9, "exchange": "NSI", "exchangeName": "NSE", "exchangeDataDelayedBy": 15, "marketState": "CLOSED", "quoteType": "EQUITY", "symbol": "BAJAJHIND.NS", "underlyingSymbol": null, "shortName": "BAJAJ HINDUSTHAN S", "longName": "Bajaj Hindusthan Sugar Limited", "currency": "INR", "quoteSourceName": "Delayed Quote", "currencySymbol": "\u20b9", "fromCurrency": null, "toCurrency": null, "lastMarket": null, "marketCap": 8206564864}, "balanceSheetHistory": {"balanceSheetStatements": [{"maxAge": 1, "endDate": "2020-03-31", "cash": 1040100000, "shortTermInvestments": 32700000, "netReceivables": 18702200000, "inventory": 27113900000, "otherCurrentAssets": 9816300000, "totalCurrentAssets": 59373700000, "longTermInvestments": 1010000000, "propertyPlantEquipment": 72468700000, "otherAssets": 2631200000, "totalAssets": 135483600000, "accountsPayable": 44444600000, "shortLongTermDebt": 3474600000, "otherCurrentLiab": 1446700000, "longTermDebt": 51395300000, "otherLiab": 7053100000, "minorityInterest": -200000, "totalCurrentLiabilities": 49968800000, "totalLiab": 108512600000, "commonStock": 1133600000, "retainedEarnings": -16056500000, "treasuryStock": 41000000, "capitalSurplus": 41853100000, "otherStockholderEquity": 73900000, "totalStockholderEquity": 26971200000, "netTangibleAssets": 26971200000}, {"maxAge": 1, "endDate": "2019-03-31", "cash": 538900000, "shortTermInvestments": 27400000, "netReceivables": 19037200000, "inventory": 27649800000, "otherCurrentAssets": 9714500000, "totalCurrentAssets": 59636300000, "longTermInvestments": 1539300000, "propertyPlantEquipment": 74231800000, "otherAssets": 2655300000, "totalAssets": 138062700000, "accountsPayable": 41657000000, "shortLongTermDebt": 6399800000, "otherCurrentLiab": 814300000, "longTermDebt": 53820900000, "otherLiab": 7049600000, "minorityInterest": -100000, "totalCurrentLiabilities": 49268300000, "totalLiab": 110138800000, "commonStock": 1133600000, "retainedEarnings": -15548400000, "treasuryStock": 485700000, "capitalSurplus": 41853100000, "otherStockholderEquity": 518600000, "totalStockholderEquity": 27924000000, "netTangibleAssets": 27924000000}, {"maxAge": 1, "endDate": "2018-03-31", "cash": 382800000, "shortTermInvestments": 30200000, "netReceivables": 18364100000, "inventory": 28478800000, "otherCurrentAssets": 2132500000, "totalCurrentAssets": 52056900000, "longTermInvestments": 9585800000, "propertyPlantEquipment": 76184500000, "otherAssets": 2715600000, "deferredLongTermAssetCharges": 49000000, "totalAssets": 140542800000, "accountsPayable": 33747000000, "shortLongTermDebt": 7420900000, "otherCurrentLiab": 2003100000, "longTermDebt": 58924200000, "otherLiab": 7007300000, "minorityInterest": -100000, "totalCurrentLiabilities": 45191700000, "totalLiab": 111123200000, "commonStock": 1133600000, "retainedEarnings": -14323900000, "treasuryStock": 756900000, "capitalSurplus": 41853100000, "otherStockholderEquity": 789800000, "totalStockholderEquity": 29419700000, "netTangibleAssets": 29419700000}, {"maxAge": 1, "endDate": "2017-03-31", "cash": 319800000, "shortTermInvestments": 108800000, "netReceivables": 16655000000, "inventory": 30095200000, "otherCurrentAssets": 2840800000, "totalCurrentAssets": 52688100000, "longTermInvestments": 2408300000, "propertyPlantEquipment": 77818100000, "otherAssets": 10495200000, "deferredLongTermAssetCharges": 41000000, "totalAssets": 143409700000, "accountsPayable": 27869900000, "shortLongTermDebt": 13046600000, "otherCurrentLiab": 1351900000, "longTermDebt": 54597900000, "otherLiab": 7028400000, "totalCurrentLiabilities": 47127800000, "totalLiab": 108754100000, "commonStock": 1133600000, "retainedEarnings": -9325300000, "treasuryStock": 994200000, "capitalSurplus": 41853100000, "otherStockholderEquity": 1027100000, "totalStockholderEquity": 34655600000, "netTangibleAssets": 34655600000}], "maxAge": 86400}, "earningsTrend": {"trend": [{"maxAge": 1, "period": "0q", "endDate": null, "growth": {}, "earningsEstimate": {"avg": 0.0, "low": 0.0, "high": 0.0, "yearAgoEps": {}, "numberOfAnalysts": 0, "growth": {}}, "revenueEstimate": {"avg": 0, "low": 0, "high": 0, "numberOfAnalysts": 0, "yearAgoRevenue": {}, "growth": {}}, "epsTrend": {"current": 0.0, "7daysAgo": 0.0, "30daysAgo": 0.0, "60daysAgo": 0.0, "90daysAgo": 0.0}, "epsRevisions": {"upLast7days": 0, "upLast30days": 0, "downLast30days": 0, "downLast90days": {}}}, {"maxAge": 1, "period": "+1q", "endDate": null, "growth": {}, "earningsEstimate": {"avg": 0.0, "low": 0.0, "high": 0.0, "yearAgoEps": {}, "numberOfAnalysts": 0, "growth": {}}, "revenueEstimate": {"avg": 0, "low": 0, "high": 0, "numberOfAnalysts": 0, "yearAgoRevenue": {}, "growth": {}}, "epsTrend": {"current": 0.0, "7daysAgo": 0.0, "30daysAgo": 0.0, "60daysAgo": 0.0, "90daysAgo": 0.0}, "epsRevisions": {"upLast7days": 0, "upLast30days": 0, "downLast30days": 0, "downLast90days": {}}}, {"maxAge": 1, "period": "0y", "endDate": null, "growth": {}, "earningsEstimate": {"avg": 0.0, "low": 0.0, "high": 0.0, "yearAgoEps": {}, "numberOfAnalysts": 0, "growth": {}}, "revenueEstimate": {"avg": 0, "low": 0, "high": 0, "numberOfAnalysts": 0, "yearAgoRevenue": {}, "growth": {}}, "epsTrend": {"current": 0.0, "7daysAgo": 0.0, "30daysAgo": 0.0, "60daysAgo": 0.0, "90daysAgo": 0.0}, "epsRevisions": {"upLast7days": 0, "upLast30days": 0, "downLast30days": 0, "downLast90days": {}}}, {"maxAge": 1, "period": "+1y", "endDate": null, "growth": {}, "earningsEstimate": {"avg": 0.0, "low": 0.0, "high": 0.0, "yearAgoEps": {}, "numberOfAnalysts": 0, "growth": {}}, "revenueEstimate": {"avg": 0, "low": 0, "high": 0, "numberOfAnalysts": 0, "yearAgoRevenue": {}, "growth": {}}, "epsTrend": {"current": 0.0, "7daysAgo": 0.0, "30daysAgo": 0.0, "60daysAgo": 0.0, "90daysAgo": 0.0}, "epsRevisions": {"upLast7days": 0, "upLast30days": 0, "downLast30days": 0, "downLast90days": {}}}, {"maxAge": 1, "period": "+5y", "endDate": null, "growth": -0.0748, "earningsEstimate": {"avg": {}, "low": {}, "high": {}, "yearAgoEps": {}, "numberOfAnalysts": {}, "growth": {}}, "revenueEstimate": {"avg": {}, "low": {}, "high": {}, "numberOfAnalysts": {}, "yearAgoRevenue": {}, "growth": {}}, "epsTrend": {"current": {}, "7daysAgo": {}, "30daysAgo": {}, "60daysAgo": {}, "90daysAgo": {}}, "epsRevisions": {"upLast7days": {}, "upLast30days": {}, "downLast30days": {}, "downLast90days": {}}}, {"maxAge": 1, "period": "-5y", "endDate": null, "growth": -0.41702, "earningsEstimate": {"avg": {}, "low": {}, "high": {}, "yearAgoEps": {}, "numberOfAnalysts": {}, "growth": {}}, "revenueEstimate": {"avg": {}, "low": {}, "high": {}, "numberOfAnalysts": {}, "yearAgoRevenue": {}, "growth": {}}, "epsTrend": {"current": {}, "7daysAgo": {}, "30daysAgo": {}, "60daysAgo": {}, "90daysAgo": {}}, "epsRevisions": {"upLast7days": {}, "upLast30days": {}, "downLast30days": {}, "downLast90days": {}}}], "maxAge": 1}, "institutionOwnership": {"maxAge": 1, "ownershipList": []}, "majorHoldersBreakdown": {"maxAge": 1, "insidersPercentHeld": 0.54962003, "institutionsPercentHeld": 0.03753, "institutionsFloatPercentHeld": 0.08332, "institutionsCount": 3}, "balanceSheetHistoryQuarterly": {"balanceSheetStatements": [{"maxAge": 1, "endDate": "2020-12-31", "totalStockholderEquity": 24840100000, "netTangibleAssets": 24840100000}, {"maxAge": 1, "endDate": "2020-09-30", "cash": 261700000, "shortTermInvestments": 10369800000, "netReceivables": 12499800000, "inventory": 11862300000, "otherCurrentAssets": 8952800000, "totalCurrentAssets": 43946400000, "longTermInvestments": 1012700000, "propertyPlantEquipment": 71399100000, "otherAssets": 2628200000, "totalAssets": 118986400000, "accountsPayable": 30046400000, "shortLongTermDebt": 5267700000, "otherCurrentLiab": 1349200000, "longTermDebt": 50124100000, "otherLiab": 7041900000, "minorityInterest": -200000, "totalCurrentLiabilities": 36896200000, "totalLiab": 94146500000, "commonStock": 1100700000, "treasuryStock": 23739400000, "otherStockholderEquity": 23739400000, "totalStockholderEquity": 24840100000, "netTangibleAssets": 24840100000}, {"maxAge": 1, "endDate": "2020-06-30", "totalStockholderEquity": 26971200000, "netTangibleAssets": 26971200000}, {"maxAge": 1, "endDate": "2020-03-31", "cash": 1040100000, "shortTermInvestments": 32700000, "netReceivables": 18702200000, "inventory": 27113900000, "otherCurrentAssets": 9816300000, "totalCurrentAssets": 59373700000, "longTermInvestments": 1010000000, "propertyPlantEquipment": 72468700000, "otherAssets": 2631200000, "totalAssets": 135483600000, "accountsPayable": 44444600000, "shortLongTermDebt": 3474600000, "otherCurrentLiab": 1446700000, "longTermDebt": 51395300000, "otherLiab": 7053100000, "minorityInterest": -200000, "totalCurrentLiabilities": 49968800000, "totalLiab": 108512600000, "commonStock": 1133600000, "retainedEarnings": -16056500000, "treasuryStock": 41000000, "capitalSurplus": 41853100000, "otherStockholderEquity": 73900000, "totalStockholderEquity": 26971200000, "netTangibleAssets": 26971200000}], "maxAge": 86400}, "earningsHistory": {"history": [{"maxAge": 1, "epsActual": {}, "epsEstimate": {}, "epsDifference": {}, "surprisePercent": {}, "quarter": {}, "period": "-4q"}, {"maxAge": 1, "epsActual": {}, "epsEstimate": {}, "epsDifference": {}, "surprisePercent": {}, "quarter": {}, "period": "-3q"}, {"maxAge": 1, "epsActual": {}, "epsEstimate": {}, "epsDifference": {}, "surprisePercent": {}, "quarter": {}, "period": "-2q"}, {"maxAge": 1, "epsActual": {}, "epsEstimate": {}, "epsDifference": {}, "surprisePercent": {}, "quarter": {}, "period": "-1q"}], "maxAge": 86400}, "summaryProfile": {"address1": "Bajaj Bhawan B-10", "address2": "Sector 3 Jamnalal Bajaj Marg", "city": "Noida", "zip": "201301", "country": "India", "phone": "91 12 0254 3939", "fax": "91 12 0254 3949", "website": "http://www.bajajhindusthan.com", "industry": "Confectioners", "sector": "Consumer Defensive", "longBusinessSummary": "Bajaj Hindusthan Sugar Limited, together with its subsidiaries, manufactures and sells sugar and ethanol in India. The company operates through Sugar, Distillery, and Power segments. It offers sugar by-products, such as bagasse, molasses, fly ash, and press mud; and bio-compost/bio-manure. The company also generates and sells bagasse-based power to the Uttar Pradesh state grid. It serves customers in alcohol-based chemical plants and oil companies. The company was formerly known as Bajaj Hindusthan Limited and changed its name to Bajaj Hindusthan Sugar Limited in January 2015. Bajaj Hindusthan Sugar Limited was incorporated in 1931 and is based in Noida, India.", "fullTimeEmployees": 7415, "companyOfficers": [], "maxAge": 86400}, "netSharePurchaseActivity": {"maxAge": 1, "period": "6m", "buyInfoCount": 0, "buyInfoShares": 0, "sellInfoCount": 0, "netInfoCount": 0, "netInfoShares": 0, "netPercentInsiderShares": 0.0, "totalInsiderShares": 605376320}, "insiderTransactions": {"transactions": [{"maxAge": 1, "shares": 27217673, "value": 2163805, "filerUrl": "", "transactionText": "Sale at price 0.08 per share.", "filerName": "IDBI Bank Ltd", "filerRelation": "Institution- Corporation", "moneyText": "", "startDate": "2021-01-18", "ownership": "D"}, {"maxAge": 1, "shares": 62397361, "filerUrl": "", "transactionText": "", "filerName": "Indian Bank", "filerRelation": "Promoter", "moneyText": "", "startDate": "2020-04-01", "ownership": "D"}, {"maxAge": 1, "shares": 62397361, "filerUrl": "", "transactionText": "", "filerName": "Allahabad Bank", "filerRelation": "Institution- Corporation", "moneyText": "", "startDate": "2020-04-01", "ownership": "D"}, {"maxAge": 1, "shares": 8799931, "filerUrl": "", "transactionText": "", "filerName": "IDBI Bank Ltd", "filerRelation": "Institution- Corporation", "moneyText": "", "startDate": "2017-12-20", "ownership": "D"}, {"maxAge": 1, "shares": 41111000, "filerUrl": "", "transactionText": "", "filerName": "Global World Power Project Pvt Ltd", "filerRelation": "Promoter", "moneyText": "", "startDate": "2017-12-18", "ownership": "D"}, {"maxAge": 1, "shares": 13928000, "filerUrl": "", "transactionText": "", "filerName": "Bajaj Holdings & Investment Ltd", "filerRelation": "Promoter", "moneyText": "", "startDate": "2017-12-18", "ownership": "D"}, {"maxAge": 1, "shares": 54012, "filerUrl": "", "transactionText": "", "filerName": "Bajaj (Kushagra)", "filerRelation": "Chief Executive Officer", "moneyText": "", "startDate": "2010-02-08", "ownership": "D"}, {"maxAge": 1, "shares": 745431, "filerUrl": "", "transactionText": "", "filerName": "Janus Overseas Fund", "filerRelation": "UNREPORTED", "moneyText": "", "startDate": "2009-11-16", "ownership": "D"}, {"maxAge": 1, "shares": 41876440, "filerUrl": "", "transactionText": "", "filerName": "Bajaj (Shishirkumar)", "filerRelation": "UNREPORTED", "moneyText": "", "startDate": "2009-09-29", "ownership": "D"}, {"maxAge": 1, "shares": 563500, "filerUrl": "", "transactionText": "", "filerName": "Deutsche Securities Mauritius Ltd", "filerRelation": "UNREPORTED", "moneyText": "", "startDate": "2009-08-26", "ownership": "D"}], "maxAge": 1}, "sectorTrend": {"maxAge": 1, "symbol": null, "estimates": []}, "incomeStatementHistoryQuarterly": {"incomeStatementHistory": [{"maxAge": 1, "endDate": "2020-12-31", "totalRevenue": 17625300000, "costOfRevenue": 15560900000, "grossProfit": 2064400000, "researchDevelopment": {}, "sellingGeneralAdministrative": 811600000, "nonRecurring": {}, "otherOperatingExpenses": 1987100000, "totalOperatingExpenses": 18904100000, "operatingIncome": -1278800000, "totalOtherIncomeExpenseNet": -626400000, "ebit": -1278800000, "interestExpense": -669500000, "incomeBeforeTax": -1905200000, "incomeTaxExpense": 200000, "minorityInterest": {}, "netIncomeFromContinuingOps": -1905400000, "discontinuedOperations": {}, "extraordinaryItems": {}, "effectOfAccountingCharges": {}, "otherItems": {}, "netIncome": -1905500000, "netIncomeApplicableToCommonShares": -1905500000}, {"maxAge": 1, "endDate": "2020-09-30", "totalRevenue": 15697500000, "costOfRevenue": 14077300000, "grossProfit": 1620200000, "researchDevelopment": {}, "sellingGeneralAdministrative": 657900000, "nonRecurring": {}, "otherOperatingExpenses": 1397500000, "totalOperatingExpenses": 16676500000, "operatingIncome": -979000000, "totalOtherIncomeExpenseNet": -618100000, "ebit": -979000000, "interestExpense": -685800000, "incomeBeforeTax": -1597100000, "incomeTaxExpense": 1700000, "minorityInterest": -200000, "netIncomeFromContinuingOps": -1598800000, "discontinuedOperations": {}, "extraordinaryItems": {}, "effectOfAccountingCharges": {}, "otherItems": {}, "netIncome": -1598700000, "netIncomeApplicableToCommonShares": -1598700000}, {"maxAge": 1, "endDate": "2020-06-30", "totalRevenue": 13351800000, "costOfRevenue": 10810400000, "grossProfit": 2541400000, "researchDevelopment": {}, "sellingGeneralAdministrative": 738100000, "nonRecurring": {}, "otherOperatingExpenses": 1141500000, "totalOperatingExpenses": 13228000000, "operatingIncome": 123800000, "totalOtherIncomeExpenseNet": -652600000, "ebit": 123800000, "interestExpense": -674800000, "incomeBeforeTax": -528800000, "incomeTaxExpense": 0, "minorityInterest": -200000, "netIncomeFromContinuingOps": -528800000, "discontinuedOperations": {}, "extraordinaryItems": {}, "effectOfAccountingCharges": {}, "otherItems": {}, "netIncome": -528900000, "netIncomeApplicableToCommonShares": -528900000}, {"maxAge": 1, "endDate": "2020-03-31", "totalRevenue": 18633200000, "costOfRevenue": 15438500000, "grossProfit": 3194700000, "researchDevelopment": {}, "sellingGeneralAdministrative": 1031500000, "nonRecurring": {}, "otherOperatingExpenses": -59000000, "totalOperatingExpenses": 16948300000, "operatingIncome": 1684900000, "totalOtherIncomeExpenseNet": -651800000, "ebit": 1684900000, "interestExpense": -633400000, "incomeBeforeTax": 1033100000, "incomeTaxExpense": -23600000, "minorityInterest": -200000, "netIncomeFromContinuingOps": 1056700000, "discontinuedOperations": {}, "extraordinaryItems": {}, "effectOfAccountingCharges": {}, "otherItems": {}, "netIncome": 1056800000, "netIncomeApplicableToCommonShares": 1056800000}], "maxAge": 86400}, "cashflowStatementHistoryQuarterly": {"cashflowStatements": [{"maxAge": 1, "endDate": "2020-12-31", "netIncome": -1905500000, "changeToLiabilities": 0}, {"maxAge": 1, "endDate": "2020-09-30", "netIncome": -1598700000, "changeToLiabilities": 0}, {"maxAge": 1, "endDate": "2020-06-30", "netIncome": -528900000, "changeToLiabilities": 0}, {"maxAge": 1, "endDate": "2020-03-31", "netIncome": 1056800000, "changeToLiabilities": 0}], "maxAge": 86400}, "earnings": {"maxAge": 86400, "earningsChart": {"quarterly": [], "earningsDate": []}, "financialsChart": {"yearly": [{"date": 2017, "revenue": 43993000000, "earnings": -919800000}, {"date": 2018, "revenue": 58467200000, "earnings": -4996400000}, {"date": 2019, "revenue": 68063900000, "earnings": -1365600000}, {"date": 2020, "revenue": 66693400000, "earnings": -499900000}], "quarterly": [{"date": "1Q2020", "revenue": 18633200000, "earnings": 1056800000}, {"date": "2Q2020", "revenue": 13351800000, "earnings": -528900000}, {"date": "3Q2020", "revenue": 15697500000, "earnings": -1598700000}, {"date": "4Q2020", "revenue": 17625300000, "earnings": -1905500000}]}, "financialCurrency": "INR"}, "financialData": {"maxAge": 86400, "currentPrice": 7.25, "targetHighPrice": 8.0, "targetLowPrice": 8.0, "targetMeanPrice": 8.0, "targetMedianPrice": 8.0, "recommendationKey": "none", "numberOfAnalystOpinions": 1, "totalCash": 10631499776, "totalCashPerShare": 9.652, "ebitda": 1702574976, "totalDebt": 55573901312, "totalRevenue": 65307799552, "debtToEquity": 223.728, "revenuePerShare": 59.418, "grossProfits": 10794500000, "revenueGrowth": 0.022, "grossMargins": 0.14425, "ebitdaMargins": 0.02607, "operatingMargins": -0.0068800002, "profitMargins": -0.04557, "financialCurrency": "INR"}}}