{"BAJAJCON.NS": {"assetProfile": {"address1": "1203, Solitaire Corporate Park", "address2": "151 Sir Mathuradas Vasanji Road Chakala Apple Heritage Andheri East", "city": "Mumbai", "zip": "400093", "country": "India", "phone": "91 22 6691 9477", "website": "http://www.bajajconsumercare.com", "industry": "Household & Personal Products", "sector": "Consumer Defensive", "longBusinessSummary": "Bajaj Consumer Care Limited manufactures and sells cosmetics, toiletries, and other personal care products in India and internationally. It offers hair care products under the brand names of Bajaj Almond Drops Hair Oil, Bajaj Brahmi Amla Hair Oil, Bajaj Jasmine Hair Oil, Bajaj Kailash Parbat Hair Oil, Bajaj Cool Almond Drops Hair Oil, Bajaj Amla Hair Oil, and Bajaj Coco Jasmine Hair Oil. The company also provides skin care products, such as creams, face wash, scrubs, face packs, and soaps under the Bajaj Nomarks brand name. The company was formerly known as Bajaj Corp Limited and changed its name to Bajaj Consumer Care Limited in January 2019. Bajaj Consumer Care Limited was founded in 1953 and is based in Mumbai, India.", "fullTimeEmployees": 487, "companyOfficers": [{"maxAge": 1, "name": "Mr. Dilip Kumar Maloo", "age": 59, "title": "Chief Financial Officer", "yearBorn": 1961, "fiscalYear": 2020, "totalPay": 9483000, "exercisedValue": 0, "unexercisedValue": 0}, {"maxAge": 1, "name": "Mr. Makarand  Karnataki", "title": "Head of Legal", "fiscalYear": 2020, "totalPay": 15125240, "exercisedValue": 0, "unexercisedValue": 0}, {"maxAge": 1, "name": "Mr. Chandresh C. Chhaya", "age": 53, "title": "Company Sec. & Compliance Officer", "yearBorn": 1967, "fiscalYear": 2020, "totalPay": 6662750, "exercisedValue": 0, "unexercisedValue": 0}, {"maxAge": 1, "name": "Mr. Sumit  Malhotra", "age": 59, "title": "Non-Independent Exec. Director & Advisor", "yearBorn": 1961, "fiscalYear": 2020, "totalPay": 41088000, "exercisedValue": 0, "unexercisedValue": 0}, {"maxAge": 1, "name": "Mr. Jaideep  Nandi", "age": 55, "title": "MD, CEO & Director", "yearBorn": 1965, "exercisedValue": 0, "unexercisedValue": 0}, {"maxAge": 1, "name": "Mr. Apoorv  Bajaj", "age": 39, "title": "Exec. Pres", "yearBorn": 1981, "fiscalYear": 2015, "exercisedValue": 0, "unexercisedValue": 0}, {"maxAge": 1, "name": "Mr. Sandeep  Verma", "age": 46, "title": "Pres of Sales & Marketing", "yearBorn": 1974, "exercisedValue": 0, "unexercisedValue": 0}, {"maxAge": 1, "name": "Mr. Subhamay  Chatterjee", "age": 49, "title": "VP of Human Resource", "yearBorn": 1971, "exercisedValue": 0, "unexercisedValue": 0}, {"maxAge": 1, "name": "Mr. Devendra  Jain", "age": 44, "title": "Head of Supply Chain & Procurement", "yearBorn": 1976, "exercisedValue": 0, "unexercisedValue": 0}, {"maxAge": 1, "name": "Mr. Rajat  Ghosh", "title": "Head of Sales", "exercisedValue": 0, "unexercisedValue": 0}], "compensationAsOfEpochDate": "2020-12-31 05:30:00", "maxAge": 86400}, "cashflowStatementHistory": {"cashflowStatements": [{"maxAge": 1, "endDate": "2020-03-31", "netIncome": 1847739000, "depreciation": 56191000, "changeToNetincome": -321345000, "changeToAccountReceivables": 105814000, "changeToLiabilities": 294949000, "changeToInventory": -20414000, "changeToOperatingActivities": -174457000, "totalCashFromOperatingActivities": 1790349000, "capitalExpenditures": -47197000, "investments": -1955688000, "otherCashflowsFromInvestingActivities": 287508000, "totalCashflowsFromInvestingActivities": -1725704000, "netBorrowings": -50000000, "otherCashflowsFromFinancingActivities": -40585000, "totalCashFromFinancingActivities": -90551000, "effectOfExchangeRate": -4729000, "changeInCash": -30635000, "issuanceOfStock": 34000}, {"maxAge": 1, "endDate": "2019-03-31", "netIncome": 2215930000, "depreciation": 67952000, "changeToNetincome": -129399000, "changeToAccountReceivables": -63501000, "changeToLiabilities": 107805000, "changeToInventory": -142792000, "changeToOperatingActivities": -295086000, "totalCashFromOperatingActivities": 1763807000, "capitalExpenditures": -119561000, "investments": 548359000, "otherCashflowsFromInvestingActivities": 235388000, "totalCashflowsFromInvestingActivities": 685538000, "dividendsPaid": -2065000000, "netBorrowings": 115118000, "otherCashflowsFromFinancingActivities": -434397000, "totalCashFromFinancingActivities": -2384279000, "effectOfExchangeRate": -3215000, "changeInCash": 61851000, "issuanceOfStock": 34000}, {"maxAge": 1, "endDate": "2018-03-31", "netIncome": 2110845000, "depreciation": 71475000, "changeToNetincome": -240972000, "changeToAccountReceivables": -53846000, "changeToLiabilities": 220513000, "changeToInventory": -41571000, "changeToOperatingActivities": -267740000, "totalCashFromOperatingActivities": 1800989000, "capitalExpenditures": -187235000, "investments": 272166000, "otherCashflowsFromInvestingActivities": 277212000, "totalCashflowsFromInvestingActivities": 368401000, "dividendsPaid": -1770000000, "netBorrowings": -15118000, "otherCashflowsFromFinancingActivities": -370361000, "totalCashFromFinancingActivities": -2155479000, "effectOfExchangeRate": -1234000, "changeInCash": 12677000, "issuanceOfStock": 34000}, {"maxAge": 1, "endDate": "2017-03-31", "netIncome": 2182421000, "depreciation": 50854000, "changeToNetincome": -186518000, "changeToAccountReceivables": -28948000, "changeToLiabilities": 30353000, "changeToInventory": 77052000, "changeToOperatingActivities": -7617000, "totalCashFromOperatingActivities": 2119920000, "capitalExpenditures": -355833000, "investments": -78019000, "otherCashflowsFromInvestingActivities": 283974000, "totalCashflowsFromInvestingActivities": -152258000, "dividendsPaid": -1696250000, "netBorrowings": 50000000, "otherCashflowsFromFinancingActivities": -353546000, "totalCashFromFinancingActivities": -1999796000, "effectOfExchangeRate": -1103000, "changeInCash": -33237000, "issuanceOfStock": 34000}], "maxAge": 86400}, "institutionOwnership": {"maxAge": 1, "ownershipList": []}, "majorHoldersBreakdown": {"maxAge": 1, "insidersPercentHeld": 0.3804, "institutionsPercentHeld": 0.27544, "institutionsFloatPercentHeld": 0.44455, "institutionsCount": 46}, "balanceSheetHistoryQuarterly": {"balanceSheetStatements": [{"maxAge": 1, "endDate": "2021-03-31", "cash": 98269000, "shortTermInvestments": 5845503000, "netReceivables": 227920000, "inventory": 431668000, "otherCurrentAssets": 555462000, "totalCurrentAssets": 7158822000, "propertyPlantEquipment": 1288580000, "goodWill": 430010000, "intangibleAssets": 19565000, "otherAssets": 39641000, "deferredLongTermAssetCharges": 757000, "totalAssets": 8936618000, "accountsPayable": 689381000, "otherCurrentLiab": 621218000, "totalCurrentLiabilities": 1365550000, "totalLiab": 1365550000, "commonStock": 147540000, "treasuryStock": 7423528000, "otherStockholderEquity": 7423528000, "totalStockholderEquity": 7571068000, "netTangibleAssets": 7121493000}, {"maxAge": 1, "endDate": "2020-12-31", "totalStockholderEquity": 7334304000, "netTangibleAssets": 6877835000}, {"maxAge": 1, "endDate": "2020-09-30", "cash": 253790000, "shortTermInvestments": 5179846000, "netReceivables": 224427000, "inventory": 535338000, "otherCurrentAssets": 847430000, "totalCurrentAssets": 7040831000, "longTermInvestments": 229000, "propertyPlantEquipment": 1301263000, "goodWill": 430010000, "intangibleAssets": 26459000, "otherAssets": 39913000, "deferredLongTermAssetCharges": 171000, "totalAssets": 8838705000, "accountsPayable": 722319000, "otherCurrentLiab": 656206000, "totalCurrentLiabilities": 1504401000, "totalLiab": 1504401000, "commonStock": 147540000, "treasuryStock": 7186764000, "otherStockholderEquity": 7186764000, "totalStockholderEquity": 7334304000, "netTangibleAssets": 6877835000}, {"maxAge": 1, "endDate": "2020-06-30", "totalStockholderEquity": 6531734000, "netTangibleAssets": 6077679000}], "maxAge": 86400}, "indexTrend": {"maxAge": 1, "symbol": "SP5", "peRatio": 19.7411, "pegRatio": 1.34172, "estimates": [{"period": "0q", "growth": 0.549}, {"period": "+1q", "growth": 0.431}, {"period": "0y", "growth": 0.305}, {"period": "+1y", "growth": 0.109}, {"period": "+5y", "growth": 0.120865}, {"period": "-5y"}]}, "defaultKeyStatistics": {"maxAge": 1, "priceHint": 2, "enterpriseValue": 35512492032, "profitMargins": 0.22514, "floatShares": 91462950, "sharesOutstanding": 147540000, "heldPercentInsiders": 0.3804, "heldPercentInstitutions": 0.27544, "beta": 1.011877, "category": null, "bookValue": 49.735, "priceToBook": 5.6388865, "fundFamily": null, "legalType": null, "lastFiscalYearEnd": "2020-03-31 05:30:00", "nextFiscalYearEnd": "2022-03-31 05:30:00", "mostRecentQuarter": "2021-03-31 05:30:00", "earningsQuarterlyGrowth": 1.348, "netIncomeToCommon": 1917458048, "trailingEps": 12.982, "lastSplitFactor": "5:1", "lastSplitDate": "2011-05-05 05:30:00", "enterpriseToRevenue": 4.17, "enterpriseToEbitda": 17.47, "52WeekChange": 1.0329831, "SandP52WeekChange": 0.48148263, "lastDividendValue": 6.0, "lastDividendDate": 1613001600}, "summaryProfile": {"address1": "1203, Solitaire Corporate Park", "address2": "151 Sir Mathuradas Vasanji Road Chakala Apple Heritage Andheri East", "city": "Mumbai", "zip": "400093", "country": "India", "phone": "91 22 6691 9477", "website": "http://www.bajajconsumercare.com", "industry": "Household & Personal Products", "sector": "Consumer Defensive", "longBusinessSummary": "Bajaj Consumer Care Limited manufactures and sells cosmetics, toiletries, and other personal care products in India and internationally. It offers hair care products under the brand names of Bajaj Almond Drops Hair Oil, Bajaj Brahmi Amla Hair Oil, Bajaj Jasmine Hair Oil, Bajaj Kailash Parbat Hair Oil, Bajaj Cool Almond Drops Hair Oil, Bajaj Amla Hair Oil, and Bajaj Coco Jasmine Hair Oil. The company also provides skin care products, such as creams, face wash, scrubs, face packs, and soaps under the Bajaj Nomarks brand name. The company was formerly known as Bajaj Corp Limited and changed its name to Bajaj Consumer Care Limited in January 2019. Bajaj Consumer Care Limited was founded in 1953 and is based in Mumbai, India.", "fullTimeEmployees": 487, "companyOfficers": [], "maxAge": 86400}, "netSharePurchaseActivity": {"maxAge": 1, "period": "6m", "buyInfoCount": 0, "buyInfoShares": 0, "sellInfoCount": 0, "netInfoCount": 0, "netInfoShares": 0, "netPercentInsiderShares": 0.0, "totalInsiderShares": 56173120}, "insiderTransactions": {"transactions": [{"maxAge": 1, "shares": 9863765, "filerUrl": "", "transactionText": "", "filerName": "Baytree Investments Mauritius Pte Ltd", "filerRelation": "Institution- Corporation", "moneyText": "", "startDate": "2021-02-12", "ownership": "D"}, {"maxAge": 1, "shares": 45715, "filerUrl": "", "transactionText": "", "filerName": "Matthews India Fund", "filerRelation": "Institution- Corporation", "moneyText": "", "startDate": "2020-01-13", "ownership": "D"}, {"maxAge": 1, "shares": 64900, "filerUrl": "", "transactionText": "", "filerName": "KNB Enterprises LLP", "filerRelation": "Promoter", "moneyText": "", "startDate": "2019-10-15", "ownership": "D"}, {"maxAge": 1, "shares": 32265100, "filerUrl": "", "transactionText": "", "filerName": "Bajaj Resources Ltd", "filerRelation": "Promoter", "moneyText": "", "startDate": "2019-10-15", "ownership": "D"}, {"maxAge": 1, "shares": 70000, "filerUrl": "", "transactionText": "", "filerName": "SKB Roop Commercial LLP", "filerRelation": "Promoter", "moneyText": "", "startDate": "2019-10-15", "ownership": "D"}, {"maxAge": 1, "shares": 37648000, "filerUrl": "", "transactionText": "", "filerName": "Bajaj Resources Ltd", "filerRelation": "Promoter", "moneyText": "", "startDate": "2019-03-12", "ownership": "D"}, {"maxAge": 1, "shares": 21706250, "filerUrl": "", "transactionText": "", "filerName": "KNB Enterprises LLP", "filerRelation": "Promoter", "moneyText": "", "startDate": "2017-03-29", "ownership": "D"}, {"maxAge": 1, "shares": 21706250, "filerUrl": "", "transactionText": "", "filerName": "Bajaj Resources Ltd", "filerRelation": "Promoter", "moneyText": "", "startDate": "2017-03-29", "ownership": "D"}, {"maxAge": 1, "shares": 10400000, "filerUrl": "", "transactionText": "", "filerName": "Bajaj Resources Ltd", "filerRelation": "Promoter", "moneyText": "", "startDate": "2017-03-28", "ownership": "D"}, {"maxAge": 1, "shares": 7350000, "filerUrl": "", "transactionText": "", "filerName": "KNB Enterprises LLP", "filerRelation": "Promoter", "moneyText": "", "startDate": "2017-03-28", "ownership": "D"}, {"maxAge": 1, "shares": 3050000, "filerUrl": "", "transactionText": "", "filerName": "SKB Roop Commercial LLP", "filerRelation": "Promoter", "moneyText": "", "startDate": "2017-03-28", "ownership": "D"}, {"maxAge": 1, "shares": 12000000, "filerUrl": "", "transactionText": "", "filerName": "SKB Roop Commercial LLP", "filerRelation": "Promoter", "moneyText": "", "startDate": "2014-11-25", "ownership": "D"}, {"maxAge": 1, "shares": 11934215, "filerUrl": "", "transactionText": "", "filerName": "Baytree Investments Mauritius Pte Ltd", "filerRelation": "UNREPORTED", "moneyText": "", "startDate": "2014-11-25", "ownership": "D"}, {"maxAge": 1, "shares": 29131250, "filerUrl": "", "transactionText": "", "filerName": "Bajaj Resources Ltd", "filerRelation": "Promoter", "moneyText": "", "startDate": "2014-11-07", "ownership": "D"}, {"maxAge": 1, "shares": 14375000, "filerUrl": "", "transactionText": "", "filerName": "SKB Roop Commercial LLP", "filerRelation": "Promoter", "moneyText": "", "startDate": "2013-07-19", "ownership": "D"}, {"maxAge": 1, "shares": 29500000, "filerUrl": "", "transactionText": "", "filerName": "Bajaj Resources Ltd", "filerRelation": "Promoter", "moneyText": "", "startDate": "2013-03-07", "ownership": "D"}, {"maxAge": 1, "shares": 29500000, "filerUrl": "", "transactionText": "", "filerName": "SKB Roop Commercial LLP", "filerRelation": "Promoter", "moneyText": "", "startDate": "2013-03-07", "ownership": "D"}], "maxAge": 1}, "quoteType": {"exchange": "NSI", "quoteType": "EQUITY", "symbol": "BAJAJCON.NS", "underlyingSymbol": "BAJAJCON.NS", "shortName": "BAJAJ CONSUMER", "longName": "Bajaj Consumer Care Limited", "firstTradeDateEpochUtc": "2010-08-18 09:15:00", "timeZoneFullName": "Asia/Kolkata", "timeZoneShortName": "IST", "uuid": "3fdc1b38-2aa6-3068-80ad-20ffac4aa622", "messageBoardId": "finmb_98973560", "gmtOffSetMilliseconds": 19800000, "maxAge": 1}, "incomeStatementHistory": {"incomeStatementHistory": [{"maxAge": 1, "endDate": "2020-03-31", "totalRevenue": 8522083000, "costOfRevenue": 2744000000, "grossProfit": 5778083000, "researchDevelopment": {}, "sellingGeneralAdministrative": 2697883000, "nonRecurring": {}, "otherOperatingExpenses": 1024512000, "totalOperatingExpenses": 6524458000, "operatingIncome": 1997625000, "totalOtherIncomeExpenseNet": 252259000, "ebit": 1997625000, "interestExpense": -40585000, "incomeBeforeTax": 2249884000, "incomeTaxExpense": 402145000, "minorityInterest": {}, "netIncomeFromContinuingOps": 1847739000, "discontinuedOperations": {}, "extraordinaryItems": {}, "effectOfAccountingCharges": {}, "otherItems": {}, "netIncome": 1847739000, "netIncomeApplicableToCommonShares": 1847739000}, {"maxAge": 1, "endDate": "2019-03-31", "totalRevenue": 9184773000, "costOfRevenue": 3049146000, "grossProfit": 6135627000, "researchDevelopment": {}, "sellingGeneralAdministrative": 2415764000, "nonRecurring": {}, "otherOperatingExpenses": 970858000, "totalOperatingExpenses": 6506618000, "operatingIncome": 2678155000, "totalOtherIncomeExpenseNet": 153300000, "ebit": 2678155000, "interestExpense": -9930000, "incomeBeforeTax": 2831455000, "incomeTaxExpense": 615525000, "minorityInterest": {}, "netIncomeFromContinuingOps": 2215930000, "discontinuedOperations": {}, "extraordinaryItems": {}, "effectOfAccountingCharges": {}, "otherItems": {}, "netIncome": 2215930000, "netIncomeApplicableToCommonShares": 2215930000}, {"maxAge": 1, "endDate": "2018-03-31", "totalRevenue": 8271281000, "costOfRevenue": 2700332000, "grossProfit": 5570949000, "researchDevelopment": {}, "sellingGeneralAdministrative": 2007096000, "nonRecurring": {}, "otherOperatingExpenses": 1020476000, "totalOperatingExpenses": 5801664000, "operatingIncome": 2469617000, "totalOtherIncomeExpenseNet": 227893000, "ebit": 2469617000, "interestExpense": -10031000, "incomeBeforeTax": 2697510000, "incomeTaxExpense": 586665000, "minorityInterest": {}, "netIncomeFromContinuingOps": 2110845000, "discontinuedOperations": {}, "extraordinaryItems": {}, "effectOfAccountingCharges": {}, "otherItems": {}, "netIncome": 2110845000, "netIncomeApplicableToCommonShares": 2110845000}, {"maxAge": 1, "endDate": "2017-03-31", "totalRevenue": 7965530000, "costOfRevenue": 2697112000, "grossProfit": 5268418000, "researchDevelopment": {}, "sellingGeneralAdministrative": 1704207000, "nonRecurring": {}, "otherOperatingExpenses": 919811000, "totalOperatingExpenses": 5374307000, "operatingIncome": 2591223000, "totalOtherIncomeExpenseNet": 191266000, "ebit": 2591223000, "interestExpense": -8229000, "incomeBeforeTax": 2782489000, "incomeTaxExpense": 600068000, "minorityInterest": {}, "netIncomeFromContinuingOps": 2182421000, "discontinuedOperations": {}, "extraordinaryItems": {}, "effectOfAccountingCharges": {}, "otherItems": {}, "netIncome": 2182421000, "netIncomeApplicableToCommonShares": 2182421000}], "maxAge": 86400}, "fundOwnership": {"maxAge": 1, "ownershipList": [{"maxAge": 1, "reportDate": "2021-03-31", "organization": "iShares Core MSCI Emerging Markets ETF", "pctHeld": 0.0058, "position": 850485, "value": 221041051}, {"maxAge": 1, "reportDate": "2021-01-31", "organization": "Vanguard International Stock Index-Emerging Markets Stk", "pctHeld": 0.0044, "position": 648694, "value": 135739219}, {"maxAge": 1, "reportDate": "2021-01-31", "organization": "DFA Emerging Markets Core Equity Portfolio", "pctHeld": 0.0036000002, "position": 533171, "value": 111566031}, {"maxAge": 1, "reportDate": "2021-01-31", "organization": "Vanguard International Stock Index-Total Intl Stock Indx", "pctHeld": 0.0033000002, "position": 487373, "value": 101982800}, {"maxAge": 1, "reportDate": "2021-03-31", "organization": "SEI Institutional Investment Tr-Emerging Markets Equity Fd", "pctHeld": 0.0031, "position": 451536, "value": 117354206}, {"maxAge": 1, "reportDate": "2021-01-31", "organization": "DFA Emerging Markets Small Cap Series", "pctHeld": 0.0026, "position": 378483, "value": 79197567}, {"maxAge": 1, "reportDate": "2021-03-31", "organization": "iShares MSCI India Small Cap ETF", "pctHeld": 0.0011999999, "position": 179729, "value": 46711567}, {"maxAge": 1, "reportDate": "2021-01-31", "organization": "Vanguard Intl Equity Index Fds-FTSE All World ex U.S.Small Cap Index", "pctHeld": 0.0011, "position": 167398, "value": 35028031}, {"maxAge": 1, "reportDate": "2021-03-31", "organization": "PGIM QMA International Equity Fd", "pctHeld": 0.00090000004, "position": 127178, "value": 33053562}, {"maxAge": 1, "reportDate": "2021-01-31", "organization": "Ashmore Fds-Ashmore Emerging Markets Small Cap Equity Fd", "pctHeld": 0.0005, "position": 78677, "value": 16463162}]}, "summaryDetail": {"maxAge": 1, "priceHint": 2, "previousClose": 280.4, "open": 280.7, "dayLow": 278.0, "dayHigh": 285.6, "regularMarketPreviousClose": 280.4, "regularMarketOpen": 280.7, "regularMarketDayLow": 278.0, "regularMarketDayHigh": 285.6, "dividendRate": 8.0, "dividendYield": 0.0279, "exDividendDate": "2021-02-11 05:30:00", "payoutRatio": 0.5291, "beta": 1.011877, "trailingPE": 21.60299, "volume": 621789, "regularMarketVolume": 621789, "averageVolume": 1775838, "averageVolume10days": 844318, "averageDailyVolume10Day": 844318, "bid": 0.0, "ask": 280.45, "bidSize": 0, "askSize": 0, "marketCap": 41377595392, "fiftyTwoWeekLow": 129.0, "fiftyTwoWeekHigh": 324.0, "priceToSalesTrailing12Months": 4.858506, "fiftyDayAverage": 275.94028, "twoHundredDayAverage": 229.96414, "trailingAnnualDividendRate": 2.0, "trailingAnnualDividendYield": 0.0071326676, "currency": "INR", "fromCurrency": null, "toCurrency": null, "lastMarket": null, "algorithm": null, "tradeable": false}, "incomeStatementHistoryQuarterly": {"incomeStatementHistory": [{"maxAge": 1, "endDate": "2021-03-31", "totalRevenue": 2489246000, "costOfRevenue": 957592000, "grossProfit": 1531654000, "researchDevelopment": {}, "sellingGeneralAdministrative": 215635000, "nonRecurring": {}, "otherOperatingExpenses": 699354000, "totalOperatingExpenses": 1888335000, "operatingIncome": 600911000, "totalOtherIncomeExpenseNet": 59722000, "ebit": 600911000, "interestExpense": -3463000, "incomeBeforeTax": 660633000, "incomeTaxExpense": 113851000, "minorityInterest": {}, "netIncomeFromContinuingOps": 546782000, "discontinuedOperations": {}, "extraordinaryItems": {}, "effectOfAccountingCharges": {}, "otherItems": {}, "netIncome": 546782000, "netIncomeApplicableToCommonShares": 546782000}, {"maxAge": 1, "endDate": "2020-12-31", "totalRevenue": 2483930000, "costOfRevenue": 885790000, "grossProfit": 1598140000, "researchDevelopment": {}, "sellingGeneralAdministrative": 207393000, "nonRecurring": {}, "otherOperatingExpenses": 767643000, "totalOperatingExpenses": 1876697000, "operatingIncome": 607233000, "totalOtherIncomeExpenseNet": 88734000, "ebit": 607233000, "interestExpense": -3442000, "incomeBeforeTax": 695967000, "incomeTaxExpense": 123013000, "minorityInterest": {}, "netIncomeFromContinuingOps": 572954000, "discontinuedOperations": {}, "extraordinaryItems": {}, "effectOfAccountingCharges": {}, "otherItems": {}, "netIncome": 572954000, "netIncomeApplicableToCommonShares": 572954000}, {"maxAge": 1, "endDate": "2020-09-30", "totalRevenue": 2269165000, "costOfRevenue": 756877000, "grossProfit": 1512288000, "researchDevelopment": {}, "sellingGeneralAdministrative": 205154000, "nonRecurring": {}, "otherOperatingExpenses": 682883000, "totalOperatingExpenses": 1660636000, "operatingIncome": 608529000, "totalOtherIncomeExpenseNet": 81643000, "ebit": 608529000, "interestExpense": -2797000, "incomeBeforeTax": 690172000, "incomeTaxExpense": 120950000, "minorityInterest": {}, "netIncomeFromContinuingOps": 569222000, "discontinuedOperations": {}, "extraordinaryItems": {}, "effectOfAccountingCharges": {}, "otherItems": {}, "netIncome": 569222000, "netIncomeApplicableToCommonShares": 569222000}, {"maxAge": 1, "endDate": "2020-06-30", "totalRevenue": 1975803000, "costOfRevenue": 696905000, "grossProfit": 1278898000, "researchDevelopment": {}, "sellingGeneralAdministrative": 221497000, "nonRecurring": {}, "otherOperatingExpenses": 486966000, "totalOperatingExpenses": 1420545000, "operatingIncome": 555258000, "totalOtherIncomeExpenseNet": 101577000, "ebit": 555258000, "interestExpense": -4052000, "incomeBeforeTax": 656835000, "incomeTaxExpense": 114466000, "minorityInterest": {}, "netIncomeFromContinuingOps": 542369000, "discontinuedOperations": {}, "extraordinaryItems": {}, "effectOfAccountingCharges": {}, "otherItems": {}, "netIncome": 542369000, "netIncomeApplicableToCommonShares": 542369000}], "maxAge": 86400}, "cashflowStatementHistoryQuarterly": {"cashflowStatements": [{"maxAge": 1, "endDate": "2021-03-31", "netIncome": 546782000, "changeToLiabilities": 0}, {"maxAge": 1, "endDate": "2020-12-31", "netIncome": 572954000, "changeToLiabilities": 0}, {"maxAge": 1, "endDate": "2020-09-30", "netIncome": 569222000, "changeToLiabilities": 0}, {"maxAge": 1, "endDate": "2020-06-30", "netIncome": 542369000, "changeToLiabilities": 0}], "maxAge": 86400}, "insiderHolders": {"holders": [{"maxAge": 1, "name": "Bajaj Resources Ltd", "relation": "Promoter", "url": "", "transactionDescription": "Sale", "latestTransDate": "2019-10-15", "positionDirect": 56109900, "positionDirectDate": "2019-10-15"}, {"maxAge": 1, "name": "Baytree Investments Mauritius Pte Ltd", "relation": "Institution- Corporation", "url": "", "transactionDescription": "Sale", "latestTransDate": "2021-02-12", "positionDirect": 0, "positionDirectDate": "2021-02-12"}, {"maxAge": 1, "name": "KNB Enterprises LLP", "relation": "Promoter", "url": "", "transactionDescription": "Sale", "latestTransDate": "2019-10-15", "positionDirect": 10100, "positionDirectDate": "2019-10-15"}, {"maxAge": 1, "name": "Matthews India Fund", "relation": "Institution- Corporation", "url": "", "transactionDescription": "Sale", "latestTransDate": "2020-01-13", "positionDirect": 4419430, "positionDirectDate": "2020-01-13"}, {"maxAge": 1, "name": "SKB Roop Commercial LLP", "relation": "Promoter", "url": "", "transactionDescription": "Sale", "latestTransDate": "2019-10-15", "positionDirect": 5000, "positionDirectDate": "2019-10-15"}], "maxAge": 1}, "calendarEvents": {"maxAge": 1, "earnings": {"earningsDate": []}, "exDividendDate": "2021-02-11 05:30:00"}, "price": {"maxAge": 1, "regularMarketChangePercent": 0.00017838199, "regularMarketChange": 0.05001831, "regularMarketTime": "2021-04-30 15:30:01", "priceHint": 2, "regularMarketPrice": 280.45, "regularMarketDayHigh": 285.6, "regularMarketDayLow": 278.0, "regularMarketVolume": 621789, "averageDailyVolume10Day": 844318, "averageDailyVolume3Month": 1775838, "regularMarketPreviousClose": 280.4, "regularMarketSource": "FREE_REALTIME", "regularMarketOpen": 280.7, "exchange": "NSI", "exchangeName": "NSE", "exchangeDataDelayedBy": 15, "marketState": "CLOSED", "quoteType": "EQUITY", "symbol": "BAJAJCON.NS", "underlyingSymbol": null, "shortName": "BAJAJ CONSUMER", "longName": "Bajaj Consumer Care Limited", "currency": "INR", "quoteSourceName": "Delayed Quote", "currencySymbol": "\u20b9", "fromCurrency": null, "toCurrency": null, "lastMarket": null, "marketCap": 41377595392}, "balanceSheetHistory": {"balanceSheetStatements": [{"maxAge": 1, "endDate": "2020-03-31", "cash": 98142000, "shortTermInvestments": 27257000, "netReceivables": 262343000, "inventory": 629625000, "otherCurrentAssets": 835691000, "totalCurrentAssets": 6323641000, "longTermInvestments": 3950000, "propertyPlantEquipment": 1322089000, "goodWill": 430010000, "intangibleAssets": 24045000, "otherAssets": 42335000, "totalAssets": 8146070000, "accountsPayable": 811254000, "otherCurrentLiab": 500386000, "otherLiab": 414000, "totalCurrentLiabilities": 1613922000, "totalLiab": 1614336000, "commonStock": 147534000, "retainedEarnings": 3403279000, "treasuryStock": 19988000, "capitalSurplus": 2960933000, "otherStockholderEquity": 19988000, "totalStockholderEquity": 6531734000, "netTangibleAssets": 6077679000}, {"maxAge": 1, "endDate": "2019-03-31", "cash": 128777000, "shortTermInvestments": 13974000, "netReceivables": 376891000, "inventory": 609211000, "otherCurrentAssets": 606302000, "totalCurrentAssets": 4251727000, "longTermInvestments": 5607000, "propertyPlantEquipment": 1335889000, "goodWill": 430010000, "intangibleAssets": 2988000, "otherAssets": 27312000, "totalAssets": 6053533000, "accountsPayable": 722967000, "otherCurrentLiab": 296264000, "otherLiab": 1646000, "totalCurrentLiabilities": 1378252000, "totalLiab": 1379898000, "commonStock": 147500000, "retainedEarnings": 1553406000, "treasuryStock": 25229000, "capitalSurplus": 2947500000, "otherStockholderEquity": 25229000, "totalStockholderEquity": 4673635000, "netTangibleAssets": 4240637000}, {"maxAge": 1, "endDate": "2018-03-31", "cash": 66926000, "shortTermInvestments": 66259000, "netReceivables": 326889000, "inventory": 466419000, "otherCurrentAssets": 312237000, "totalCurrentAssets": 4317894000, "longTermInvestments": 10357000, "propertyPlantEquipment": 1301215000, "goodWill": 430010000, "intangibleAssets": 2324000, "otherAssets": 13316000, "totalAssets": 6075116000, "accountsPayable": 681262000, "otherCurrentLiab": 239756000, "otherLiab": 7367000, "totalCurrentLiabilities": 1143134000, "totalLiab": 1150501000, "commonStock": 147500000, "retainedEarnings": 1829989000, "treasuryStock": -374000, "capitalSurplus": 2947500000, "otherStockholderEquity": -374000, "totalStockholderEquity": 4924615000, "netTangibleAssets": 4492281000}, {"maxAge": 1, "endDate": "2017-03-31", "cash": 54249000, "shortTermInvestments": 68135000, "netReceivables": 276888000, "inventory": 424848000, "otherCurrentAssets": 38357000, "totalCurrentAssets": 4259080000, "longTermInvestments": 3333000, "propertyPlantEquipment": 1182057000, "goodWill": 430010000, "intangibleAssets": 3748000, "otherAssets": 18625000, "totalAssets": 5896853000, "accountsPayable": 402511000, "otherCurrentLiab": 315551000, "otherLiab": 7664000, "totalCurrentLiabilities": 947339000, "totalLiab": 955003000, "commonStock": 147500000, "retainedEarnings": 1845990000, "treasuryStock": 860000, "capitalSurplus": 2947500000, "otherStockholderEquity": 860000, "totalStockholderEquity": 4941850000, "netTangibleAssets": 4508092000}], "maxAge": 86400}, "financialData": {"maxAge": 86400, "currentPrice": 280.45, "recommendationKey": "none", "totalCash": 5943772160, "totalCashPerShare": 40.251, "ebitda": 2032765312, "totalDebt": 50000000, "totalRevenue": 8516526080, "debtToEquity": 0.66, "revenuePerShare": 57.715, "grossProfits": 5778083000, "earningsGrowth": 1.348, "revenueGrowth": 0.392, "grossMargins": 0.65797997, "ebitdaMargins": 0.23868, "operatingMargins": 0.23312001, "profitMargins": 0.22514, "financialCurrency": "INR"}}}