{"BAJAJST.BO": {"cashflowStatementHistory": {"cashflowStatements": [{"maxAge": 1, "endDate": "2020-03-31", "netIncome": 236400000, "depreciation": 62400000, "changeToNetincome": 17900000, "changeToAccountReceivables": 127200000, "changeToLiabilities": -65700000, "changeToInventory": 28200000, "totalCashFromOperatingActivities": 406400000, "capitalExpenditures": -170200000, "otherCashflowsFromInvestingActivities": -38600000, "totalCashflowsFromInvestingActivities": -206800000, "dividendsPaid": -9400000, "netBorrowings": -65800000, "otherCashflowsFromFinancingActivities": -2000000, "totalCashFromFinancingActivities": -77200000, "changeInCash": 122400000}, {"maxAge": 1, "endDate": "2019-03-31", "netIncome": 137100000, "depreciation": 38200000, "changeToNetincome": 43300000, "changeToAccountReceivables": -157300000, "changeToLiabilities": 283900000, "changeToInventory": -205100000, "totalCashFromOperatingActivities": 140100000, "capitalExpenditures": -80600000, "investments": 600000, "otherCashflowsFromInvestingActivities": 7400000, "totalCashflowsFromInvestingActivities": -71900000, "dividendsPaid": -7100000, "netBorrowings": -42200000, "otherCashflowsFromFinancingActivities": -1400000, "totalCashFromFinancingActivities": -50700000, "changeInCash": 17400000}, {"maxAge": 1, "endDate": "2018-03-31", "netIncome": 114500000, "depreciation": 58600000, "changeToNetincome": -25300000, "changeToAccountReceivables": -86800000, "changeToLiabilities": -8600000, "changeToInventory": 7900000, "totalCashFromOperatingActivities": 60300000, "capitalExpenditures": -16800000, "investments": 17100000, "otherCashflowsFromInvestingActivities": 22200000, "totalCashflowsFromInvestingActivities": 23000000, "dividendsPaid": -7100000, "netBorrowings": 3900000, "otherCashflowsFromFinancingActivities": -1400000, "totalCashFromFinancingActivities": 3900000, "changeInCash": 87200000}, {"maxAge": 1, "endDate": "2017-03-31", "netIncome": -100400000, "depreciation": 83900000, "changeToNetincome": -39800000, "changeToAccountReceivables": 55000000, "changeToLiabilities": -246800000, "changeToInventory": 174200000, "totalCashFromOperatingActivities": -73900000, "capitalExpenditures": -34500000, "investments": 13400000, "otherCashflowsFromInvestingActivities": 18500000, "totalCashflowsFromInvestingActivities": -1900000, "dividendsPaid": -7100000, "netBorrowings": 9500000, "otherCashflowsFromFinancingActivities": -1400000, "totalCashFromFinancingActivities": 9500000, "changeInCash": -66300000}], "maxAge": 86400}, "institutionOwnership": {"maxAge": 1, "ownershipList": []}, "balanceSheetHistoryQuarterly": {"balanceSheetStatements": [{"maxAge": 1, "endDate": "2020-06-30", "totalStockholderEquity": 1010193000, "netTangibleAssets": 1009138000}, {"maxAge": 1, "endDate": "2020-03-31", "cash": 138700000, "shortTermInvestments": 9400000, "netReceivables": 513900000, "inventory": 748000000, "otherCurrentAssets": 491200000, "totalCurrentAssets": 1901200000, "propertyPlantEquipment": 724400000, "intangibleAssets": 1100000, "otherAssets": 66800000, "deferredLongTermAssetCharges": 44300000, "totalAssets": 2693500000, "accountsPayable": 304200000, "shortLongTermDebt": 11500000, "otherCurrentLiab": 521800000, "longTermDebt": 366700000, "otherLiab": 84400000, "totalCurrentLiabilities": 1212400000, "totalLiab": 1673900000, "commonStock": 23500000, "retainedEarnings": 950100000, "treasuryStock": 7900000, "capitalSurplus": 38100000, "otherStockholderEquity": 7900000, "totalStockholderEquity": 1019600000, "netTangibleAssets": 1018500000}, {"maxAge": 1, "endDate": "2019-12-31", "totalStockholderEquity": 899916000, "netTangibleAssets": 898860000}, {"maxAge": 1, "endDate": "2019-09-30", "cash": 327042000, "shortTermInvestments": 7652000, "netReceivables": 709716000, "inventory": 803408000, "otherCurrentAssets": 344243000, "totalCurrentAssets": 2192061000, "propertyPlantEquipment": 675243000, "intangibleAssets": 1056000, "otherAssets": 72590000, "deferredLongTermAssetCharges": 52455000, "totalAssets": 2940950000, "accountsPayable": 731060000, "otherCurrentLiab": 505212000, "longTermDebt": 346472000, "otherLiab": 65370000, "totalCurrentLiabilities": 1629192000, "totalLiab": 2041034000, "commonStock": 23500000, "treasuryStock": 876416000, "otherStockholderEquity": 876416000, "totalStockholderEquity": 899916000, "netTangibleAssets": 898860000}], "maxAge": 86400}, "indexTrend": {"maxAge": 1, "symbol": "SP5", "peRatio": 19.7411, "pegRatio": 1.34172, "estimates": [{"period": "0q", "growth": 0.549}, {"period": "+1q", "growth": 0.431}, {"period": "0y", "growth": 0.305}, {"period": "+1y", "growth": 0.109}, {"period": "+5y", "growth": 0.120859005}, {"period": "-5y"}]}, "insiderTransactions": {"transactions": [{"maxAge": 1, "shares": 500000, "value": 727550, "filerUrl": "", "transactionText": "Other at price 1.46 per share.", "filerName": "Sidhi Vinimay Pvt Ltd", "filerRelation": "Promoter", "moneyText": "", "startDate": "2020-09-16", "ownership": "D"}], "maxAge": 1}, "quoteType": {"exchange": "BSE", "quoteType": "EQUITY", "symbol": "BAJAJST.BO", "underlyingSymbol": "BAJAJST.BO", "shortName": "BAJAJ STEEL INDUSTRIES LTD.", "longName": "Bajaj Steel Industries Limited", "firstTradeDateEpochUtc": "2002-07-19 09:15:00", "timeZoneFullName": "Asia/Kolkata", "timeZoneShortName": "IST", "uuid": "a540f2e4-57df-3267-bc33-2aa240ebd8a5", "messageBoardId": null, "gmtOffSetMilliseconds": 19800000, "maxAge": 1}, "incomeStatementHistory": {"incomeStatementHistory": [{"maxAge": 1, "endDate": "2020-03-31", "totalRevenue": 4145500000, "costOfRevenue": 2819600000, "grossProfit": 1325900000, "researchDevelopment": {}, "sellingGeneralAdministrative": 752100000, "nonRecurring": {}, "otherOperatingExpenses": 184900000, "totalOperatingExpenses": 3827700000, "operatingIncome": 317800000, "totalOtherIncomeExpenseNet": -1200000, "ebit": 317800000, "interestExpense": -86900000, "incomeBeforeTax": 316600000, "incomeTaxExpense": 80200000, "minorityInterest": {}, "netIncomeFromContinuingOps": 236400000, "discontinuedOperations": {}, "extraordinaryItems": {}, "effectOfAccountingCharges": {}, "otherItems": {}, "netIncome": 236400000, "netIncomeApplicableToCommonShares": 236400000}, {"maxAge": 1, "endDate": "2019-03-31", "totalRevenue": 3768100000, "costOfRevenue": 2557000000, "grossProfit": 1211100000, "researchDevelopment": {}, "sellingGeneralAdministrative": 715100000, "nonRecurring": {}, "otherOperatingExpenses": 147900000, "totalOperatingExpenses": 3485600000, "operatingIncome": 282500000, "totalOtherIncomeExpenseNet": -55400000, "ebit": 282500000, "interestExpense": -97500000, "incomeBeforeTax": 227100000, "incomeTaxExpense": 90000000, "minorityInterest": {}, "netIncomeFromContinuingOps": 137100000, "discontinuedOperations": {}, "extraordinaryItems": {}, "effectOfAccountingCharges": {}, "otherItems": {}, "netIncome": 137100000, "netIncomeApplicableToCommonShares": 137100000}, {"maxAge": 1, "endDate": "2018-03-31", "totalRevenue": 2476200000, "costOfRevenue": 1629400000, "grossProfit": 846800000, "researchDevelopment": {}, "sellingGeneralAdministrative": 469700000, "nonRecurring": {}, "otherOperatingExpenses": 157600000, "totalOperatingExpenses": 2315300000, "operatingIncome": 160900000, "totalOtherIncomeExpenseNet": -56200000, "ebit": 160900000, "interestExpense": -90400000, "incomeBeforeTax": 104700000, "incomeTaxExpense": -9800000, "minorityInterest": {}, "netIncomeFromContinuingOps": 114500000, "discontinuedOperations": {}, "extraordinaryItems": {}, "effectOfAccountingCharges": {}, "otherItems": {}, "netIncome": 114500000, "netIncomeApplicableToCommonShares": 114500000}, {"maxAge": 1, "endDate": "2017-03-31", "totalRevenue": 2381300000, "costOfRevenue": 1735500000, "grossProfit": 645800000, "researchDevelopment": {}, "sellingGeneralAdministrative": 442900000, "nonRecurring": {}, "otherOperatingExpenses": 179300000, "totalOperatingExpenses": 2441600000, "operatingIncome": -60300000, "totalOtherIncomeExpenseNet": -73600000, "ebit": -60300000, "interestExpense": -86400000, "incomeBeforeTax": -133900000, "incomeTaxExpense": -33500000, "minorityInterest": {}, "netIncomeFromContinuingOps": -100400000, "discontinuedOperations": {}, "extraordinaryItems": {}, "effectOfAccountingCharges": {}, "otherItems": {}, "netIncome": -100400000, "netIncomeApplicableToCommonShares": -100400000}], "maxAge": 86400}, "fundOwnership": {"maxAge": 1, "ownershipList": []}, "summaryDetail": {"maxAge": 1, "priceHint": 2, "previousClose": 518.15, "open": 517.8, "dayLow": 505.6, "dayHigh": 529.95, "regularMarketPreviousClose": 518.15, "regularMarketOpen": 517.8, "regularMarketDayLow": 505.6, "regularMarketDayHigh": 529.95, "trailingPE": 10.276751, "volume": 12231, "regularMarketVolume": 12231, "averageVolume": 18417, "averageVolume10days": 13013, "averageDailyVolume10Day": 13013, "bid": 513.2, "ask": 520.0, "bidSize": 0, "askSize": 0, "marketCap": 2687880192, "fiftyTwoWeekLow": 72.05, "fiftyTwoWeekHigh": 529.95, "fiftyDayAverage": 309.27142, "twoHundredDayAverage": 247.61569, "trailingAnnualDividendRate": 2.0, "trailingAnnualDividendYield": 0.003859886, "currency": "INR", "fromCurrency": null, "toCurrency": null, "lastMarket": null, "algorithm": null, "tradeable": false}, "incomeStatementHistoryQuarterly": {"incomeStatementHistory": [{"maxAge": 1, "endDate": "2020-06-30", "totalRevenue": 819792000, "costOfRevenue": 445267000, "grossProfit": 374525000, "researchDevelopment": {}, "sellingGeneralAdministrative": 86298000, "nonRecurring": {}, "otherOperatingExpenses": 178896000, "totalOperatingExpenses": 726191000, "operatingIncome": 93601000, "totalOtherIncomeExpenseNet": -14979000, "ebit": 93601000, "interestExpense": -19318000, "incomeBeforeTax": 78622000, "incomeTaxExpense": 19739000, "minorityInterest": {}, "netIncomeFromContinuingOps": 58883000, "discontinuedOperations": {}, "extraordinaryItems": {}, "effectOfAccountingCharges": {}, "otherItems": {}, "netIncome": 58883000, "netIncomeApplicableToCommonShares": 58883000}, {"maxAge": 1, "endDate": "2020-03-31", "totalRevenue": 736748000, "costOfRevenue": 850707000, "grossProfit": -113959000, "researchDevelopment": {}, "sellingGeneralAdministrative": 381895000, "nonRecurring": {}, "otherOperatingExpenses": -605228000, "totalOperatingExpenses": 667680000, "operatingIncome": 69068000, "totalOtherIncomeExpenseNet": -1496000, "ebit": 69068000, "interestExpense": -24562000, "incomeBeforeTax": 67572000, "incomeTaxExpense": 26112000, "minorityInterest": {}, "netIncomeFromContinuingOps": 41460000, "discontinuedOperations": {}, "extraordinaryItems": {}, "effectOfAccountingCharges": {}, "otherItems": {}, "netIncome": 41460000, "netIncomeApplicableToCommonShares": 41460000}, {"maxAge": 1, "endDate": "2019-12-31", "totalRevenue": 1021779000, "costOfRevenue": 566092000, "grossProfit": 455687000, "researchDevelopment": {}, "sellingGeneralAdministrative": 127492000, "nonRecurring": {}, "otherOperatingExpenses": 238137000, "totalOperatingExpenses": 942364000, "operatingIncome": 79415000, "totalOtherIncomeExpenseNet": 5664000, "ebit": 79415000, "interestExpense": -18473000, "incomeBeforeTax": 85079000, "incomeTaxExpense": 15480000, "minorityInterest": {}, "netIncomeFromContinuingOps": 69599000, "discontinuedOperations": {}, "extraordinaryItems": {}, "effectOfAccountingCharges": {}, "otherItems": {}, "netIncome": 69599000, "netIncomeApplicableToCommonShares": 69599000}, {"maxAge": 1, "endDate": "2019-09-30", "totalRevenue": 1475436000, "costOfRevenue": 858046000, "grossProfit": 617390000, "researchDevelopment": {}, "sellingGeneralAdministrative": 128698000, "nonRecurring": {}, "otherOperatingExpenses": 351485000, "totalOperatingExpenses": 1348803000, "operatingIncome": 126633000, "totalOtherIncomeExpenseNet": -1403000, "ebit": 126633000, "interestExpense": -23163000, "incomeBeforeTax": 125230000, "incomeTaxExpense": 29670000, "minorityInterest": {}, "netIncomeFromContinuingOps": 95560000, "discontinuedOperations": {}, "extraordinaryItems": {}, "effectOfAccountingCharges": {}, "otherItems": {}, "netIncome": 95560000, "netIncomeApplicableToCommonShares": 95560000}], "maxAge": 86400}, "cashflowStatementHistoryQuarterly": {"cashflowStatements": [{"maxAge": 1, "endDate": "2020-06-30", "netIncome": 58883000, "changeToLiabilities": 0}, {"maxAge": 1, "endDate": "2020-03-31", "netIncome": 41460000, "changeToLiabilities": 0}, {"maxAge": 1, "endDate": "2019-12-31", "netIncome": 69599000, "changeToLiabilities": 0}, {"maxAge": 1, "endDate": "2019-09-30", "netIncome": 95560000, "changeToLiabilities": 0}], "maxAge": 86400}, "insiderHolders": {"holders": [{"maxAge": 1, "name": "Sidhi Vinimay Pvt Ltd", "relation": "Promoter", "url": "", "transactionDescription": "Other", "latestTransDate": "2020-09-16", "positionDirect": 500000, "positionDirectDate": "2020-09-16"}], "maxAge": 1}, "calendarEvents": {"maxAge": 1, "earnings": {"earningsDate": ["2020-07-25 05:30:S"]}}, "price": {"maxAge": 1, "regularMarketChangePercent": -0.0024124286, "regularMarketChange": -1.25, "regularMarketTime": "2021-04-30 15:29:59", "priceHint": 2, "regularMarketPrice": 516.9, "regularMarketDayHigh": 529.95, "regularMarketDayLow": 505.6, "regularMarketVolume": 12231, "averageDailyVolume10Day": 13013, "averageDailyVolume3Month": 18417, "regularMarketPreviousClose": 518.15, "regularMarketSource": "FREE_REALTIME", "regularMarketOpen": 517.8, "exchange": "BSE", "exchangeName": "BSE", "exchangeDataDelayedBy": 0, "marketState": "CLOSED", "quoteType": "EQUITY", "symbol": "BAJAJST.BO", "underlyingSymbol": null, "shortName": "BAJAJ STEEL INDUSTRIES LTD.", "longName": "Bajaj Steel Industries Limited", "currency": "INR", "quoteSourceName": "Delayed Quote", "currencySymbol": "\u20b9", "fromCurrency": null, "toCurrency": null, "lastMarket": null, "marketCap": 2687880192}, "balanceSheetHistory": {"balanceSheetStatements": [{"maxAge": 1, "endDate": "2020-03-31", "cash": 138700000, "shortTermInvestments": 9400000, "netReceivables": 513900000, "inventory": 748000000, "otherCurrentAssets": 491200000, "totalCurrentAssets": 1901200000, "propertyPlantEquipment": 724400000, "intangibleAssets": 1100000, "otherAssets": 66800000, "deferredLongTermAssetCharges": 44300000, "totalAssets": 2693500000, "accountsPayable": 304200000, "shortLongTermDebt": 11500000, "otherCurrentLiab": 521800000, "longTermDebt": 366700000, "otherLiab": 84400000, "totalCurrentLiabilities": 1212400000, "totalLiab": 1673900000, "commonStock": 23500000, "retainedEarnings": 950100000, "treasuryStock": 7900000, "capitalSurplus": 38100000, "otherStockholderEquity": 7900000, "totalStockholderEquity": 1019600000, "netTangibleAssets": 1018500000}, {"maxAge": 1, "endDate": "2019-03-31", "cash": 122300000, "shortTermInvestments": 7800000, "netReceivables": 551300000, "inventory": 776200000, "otherCurrentAssets": 496800000, "totalCurrentAssets": 1954400000, "propertyPlantEquipment": 576100000, "intangibleAssets": 1100000, "otherAssets": 66900000, "deferredLongTermAssetCharges": 52500000, "totalAssets": 2598500000, "accountsPayable": 404400000, "shortLongTermDebt": 3700000, "otherCurrentLiab": 536100000, "longTermDebt": 339800000, "otherLiab": 59900000, "totalCurrentLiabilities": 1391600000, "totalLiab": 1791300000, "commonStock": 23500000, "retainedEarnings": 726300000, "treasuryStock": 19300000, "capitalSurplus": 38100000, "otherStockholderEquity": 19300000, "totalStockholderEquity": 807200000, "netTangibleAssets": 806100000}, {"maxAge": 1, "endDate": "2018-03-31", "cash": 91400000, "shortTermInvestments": 8100000, "netReceivables": 495300000, "inventory": 571100000, "otherCurrentAssets": 410600000, "totalCurrentAssets": 1576500000, "propertyPlantEquipment": 536200000, "intangibleAssets": 1100000, "otherAssets": 112000000, "deferredLongTermAssetCharges": 99500000, "totalAssets": 2225800000, "accountsPayable": 292300000, "shortLongTermDebt": 17800000, "otherCurrentLiab": 357600000, "longTermDebt": 303000000, "otherLiab": 58100000, "totalCurrentLiabilities": 1181200000, "totalLiab": 1542300000, "commonStock": 23500000, "retainedEarnings": 596900000, "treasuryStock": 25000000, "capitalSurplus": 38100000, "otherStockholderEquity": 25000000, "totalStockholderEquity": 683500000, "netTangibleAssets": 682400000}, {"maxAge": 1, "endDate": "2017-03-31", "cash": 25700000, "shortTermInvestments": 22400000, "netReceivables": 415300000, "inventory": 578900000, "otherCurrentAssets": 390900000, "totalCurrentAssets": 1433200000, "longTermInvestments": 1700000, "propertyPlantEquipment": 577900000, "intangibleAssets": 1600000, "otherAssets": 89400000, "deferredLongTermAssetCharges": 80100000, "totalAssets": 2103800000, "accountsPayable": 322000000, "shortLongTermDebt": 21500000, "otherCurrentLiab": 330600000, "longTermDebt": 354200000, "otherLiab": 53200000, "totalCurrentLiabilities": 1131200000, "totalLiab": 1538600000, "commonStock": 23500000, "retainedEarnings": 487700000, "treasuryStock": 15900000, "capitalSurplus": 38100000, "otherStockholderEquity": 15900000, "totalStockholderEquity": 565200000, "netTangibleAssets": 563600000}], "maxAge": 86400}, "financialData": {"maxAge": 86400, "currentPrice": 516.9, "recommendationKey": "none", "grossProfits": 1325900000, "financialCurrency": "INR"}}}