{"BAJAJHIND.BO": {"recommendationTrend": {"trend": [{"period": "0m", "strongBuy": 0, "buy": 0, "hold": 0, "sell": 0, "strongSell": 0}, {"period": "-1m", "strongBuy": 0, "buy": 0, "hold": 0, "sell": 0, "strongSell": 0}, {"period": "-2m", "strongBuy": 0, "buy": 0, "hold": 0, "sell": 0, "strongSell": 0}, {"period": "-3m", "strongBuy": 0, "buy": 0, "hold": 0, "sell": 0, "strongSell": 0}], "maxAge": 86400}, "cashflowStatementHistory": {"cashflowStatements": [{"maxAge": 1, "endDate": "2020-03-31", "netIncome": -499900000, "depreciation": 2164100000, "changeToNetincome": 2952600000, "changeToAccountReceivables": 181100000, "changeToLiabilities": 3769000000, "changeToInventory": 535900000, "totalCashFromOperatingActivities": 9102800000, "capitalExpenditures": -289000000, "otherCashflowsFromInvestingActivities": 26700000, "totalCashflowsFromInvestingActivities": -213900000, "dividendsPaid": -1300000, "netBorrowings": -5457100000, "otherCashflowsFromFinancingActivities": -2929300000, "totalCashFromFinancingActivities": -8387700000, "changeInCash": 501200000}, {"maxAge": 1, "endDate": "2019-03-31", "netIncome": -1365600000, "depreciation": 2118600000, "changeToNetincome": 2457800000, "changeToAccountReceivables": 262600000, "changeToLiabilities": 6874700000, "changeToInventory": 829000000, "totalCashFromOperatingActivities": 11177100000, "capitalExpenditures": -167400000, "otherCashflowsFromInvestingActivities": 30300000, "totalCashflowsFromInvestingActivities": -37200000, "dividendsPaid": -1700000, "netBorrowings": -7805700000, "otherCashflowsFromFinancingActivities": -3176400000, "totalCashFromFinancingActivities": -10983800000, "changeInCash": 156100000}, {"maxAge": 1, "endDate": "2018-03-31", "netIncome": -4996400000, "depreciation": 1974500000, "changeToNetincome": 6392200000, "changeToAccountReceivables": -438200000, "changeToLiabilities": 4983800000, "changeToInventory": 1616400000, "totalCashFromOperatingActivities": 9532300000, "capitalExpenditures": -344700000, "otherCashflowsFromInvestingActivities": 40800000, "totalCashflowsFromInvestingActivities": -287300000, "dividendsPaid": -1300000, "netBorrowings": -5680300000, "otherCashflowsFromFinancingActivities": -3500400000, "totalCashFromFinancingActivities": -9182000000, "changeInCash": 63000000}, {"maxAge": 1, "endDate": "2017-03-31", "netIncome": -919800000, "depreciation": 2146600000, "changeToNetincome": 7321900000, "changeToAccountReceivables": 1583400000, "changeToLiabilities": 7720800000, "changeToInventory": -10854000000, "totalCashFromOperatingActivities": 6998900000, "capitalExpenditures": -254200000, "otherCashflowsFromInvestingActivities": 120200000, "totalCashflowsFromInvestingActivities": -135200000, "dividendsPaid": -1100000, "netBorrowings": -1528200000, "otherCashflowsFromFinancingActivities": -5538300000, "totalCashFromFinancingActivities": -7067600000, "changeInCash": -203900000}], "maxAge": 86400}, "institutionOwnership": {"maxAge": 1, "ownershipList": []}, "balanceSheetHistoryQuarterly": {"balanceSheetStatements": [{"maxAge": 1, "endDate": "2020-06-30", "totalStockholderEquity": 26971200000, "netTangibleAssets": 26971200000}, {"maxAge": 1, "endDate": "2020-03-31", "cash": 1040100000, "shortTermInvestments": 32700000, "netReceivables": 18702200000, "inventory": 27113900000, "otherCurrentAssets": 9816300000, "totalCurrentAssets": 59373700000, "longTermInvestments": 1010000000, "propertyPlantEquipment": 72468700000, "otherAssets": 2631200000, "totalAssets": 135483600000, "accountsPayable": 44444600000, "shortLongTermDebt": 3474600000, "otherCurrentLiab": 1446700000, "longTermDebt": 51395300000, "otherLiab": 7053100000, "minorityInterest": -200000, "totalCurrentLiabilities": 49968800000, "totalLiab": 108512600000, "commonStock": 1133600000, "retainedEarnings": -16056500000, "treasuryStock": 41000000, "capitalSurplus": 41853100000, "otherStockholderEquity": 73900000, "totalStockholderEquity": 26971200000, "netTangibleAssets": 26971200000}, {"maxAge": 1, "endDate": "2019-12-31", "totalStockholderEquity": 26659700000, "netTangibleAssets": 26659700000}, {"maxAge": 1, "endDate": "2019-09-30", "cash": 570400000, "shortTermInvestments": 10369800000, "netReceivables": 12030200000, "inventory": 8103000000, "otherCurrentAssets": 8353500000, "totalCurrentAssets": 39426900000, "longTermInvestments": 1564400000, "propertyPlantEquipment": 73402700000, "otherAssets": 2629400000, "totalAssets": 117023400000, "accountsPayable": 23839700000, "shortLongTermDebt": 6693400000, "otherCurrentLiab": 1190500000, "longTermDebt": 51339100000, "otherLiab": 7018900000, "minorityInterest": -100000, "totalCurrentLiabilities": 31899900000, "totalLiab": 90363800000, "commonStock": 1133600000, "treasuryStock": 25526100000, "otherStockholderEquity": 25526100000, "totalStockholderEquity": 26659700000, "netTangibleAssets": 26659700000}], "maxAge": 86400}, "earningsHistory": {"history": [{"maxAge": 1, "epsActual": {}, "epsEstimate": {}, "epsDifference": {}, "surprisePercent": {}, "quarter": {}, "period": "-4q"}, {"maxAge": 1, "epsActual": {}, "epsEstimate": {}, "epsDifference": {}, "surprisePercent": {}, "quarter": {}, "period": "-3q"}, {"maxAge": 1, "epsActual": {}, "epsEstimate": {}, "epsDifference": {}, "surprisePercent": {}, "quarter": {}, "period": "-2q"}, {"maxAge": 1, "epsActual": {}, "epsEstimate": {}, "epsDifference": {}, "surprisePercent": {}, "quarter": {}, "period": "-1q"}], "maxAge": 86400}, "indexTrend": {"maxAge": 1, "symbol": "SP5", "peRatio": 19.7411, "pegRatio": 1.34172, "estimates": [{"period": "0q", "growth": 0.549}, {"period": "+1q", "growth": 0.431}, {"period": "0y", "growth": 0.305}, {"period": "+1y", "growth": 0.109}, {"period": "+5y", "growth": 0.120865}, {"period": "-5y"}]}, "industryTrend": {"maxAge": 1, "symbol": null, "estimates": []}, "insiderTransactions": {"transactions": [{"maxAge": 1, "shares": 62397361, "filerUrl": "", "transactionText": "", "filerName": "Allahabad Bank", "filerRelation": "Institution- Corporation", "moneyText": "", "startDate": "2020-04-01", "ownership": "D"}, {"maxAge": 1, "shares": 62397361, "filerUrl": "", "transactionText": "", "filerName": "Indian Bank", "filerRelation": "Promoter", "moneyText": "", "startDate": "2020-04-01", "ownership": "D"}], "maxAge": 1}, "quoteType": {"exchange": "BSE", "quoteType": "EQUITY", "symbol": "BAJAJHIND.BO", "underlyingSymbol": "BAJAJHIND.BO", "shortName": "BAJAJ HINDUSTHAN SUGAR LIMITED", "longName": "Bajaj Hindusthan Sugar Limited", "firstTradeDateEpochUtc": "2002-07-01 09:15:00", "timeZoneFullName": "Asia/Kolkata", "timeZoneShortName": "IST", "uuid": "0ec263cf-a332-3829-96c5-23271b9d5066", "messageBoardId": null, "gmtOffSetMilliseconds": 19800000, "maxAge": 1}, "incomeStatementHistory": {"incomeStatementHistory": [{"maxAge": 1, "endDate": "2020-03-31", "totalRevenue": 66693400000, "costOfRevenue": 55898900000, "grossProfit": 10794500000, "researchDevelopment": {}, "sellingGeneralAdministrative": 3029100000, "nonRecurring": {}, "otherOperatingExpenses": 3219800000, "totalOperatingExpenses": 64311600000, "operatingIncome": 2381800000, "totalOtherIncomeExpenseNet": -2905400000, "ebit": 2381800000, "interestExpense": -2979700000, "incomeBeforeTax": -523600000, "incomeTaxExpense": -23600000, "minorityInterest": -200000, "netIncomeFromContinuingOps": -500000000, "discontinuedOperations": {}, "extraordinaryItems": {}, "effectOfAccountingCharges": {}, "otherItems": {}, "netIncome": -499900000, "netIncomeApplicableToCommonShares": -499900000}, {"maxAge": 1, "endDate": "2019-03-31", "totalRevenue": 68063900000, "costOfRevenue": 58998700000, "grossProfit": 9065200000, "researchDevelopment": {}, "sellingGeneralAdministrative": 2820800000, "nonRecurring": {}, "otherOperatingExpenses": 3259100000, "totalOperatingExpenses": 67196900000, "operatingIncome": 867000000, "totalOtherIncomeExpenseNet": -2206400000, "ebit": 867000000, "interestExpense": -3151300000, "incomeBeforeTax": -1339400000, "incomeTaxExpense": 26300000, "minorityInterest": -100000, "netIncomeFromContinuingOps": -1365700000, "discontinuedOperations": {}, "extraordinaryItems": {}, "effectOfAccountingCharges": {}, "otherItems": {}, "netIncome": -1365600000, "netIncomeApplicableToCommonShares": -1365600000}, {"maxAge": 1, "endDate": "2018-03-31", "totalRevenue": 58467200000, "costOfRevenue": 49944800000, "grossProfit": 8522400000, "researchDevelopment": {}, "sellingGeneralAdministrative": 2552600000, "nonRecurring": {}, "otherOperatingExpenses": 3244200000, "totalOperatingExpenses": 57720200000, "operatingIncome": 747000000, "totalOtherIncomeExpenseNet": -5792300000, "ebit": 747000000, "interestExpense": -6740600000, "incomeBeforeTax": -5045300000, "incomeTaxExpense": -48900000, "minorityInterest": -100000, "netIncomeFromContinuingOps": -4996400000, "discontinuedOperations": {}, "extraordinaryItems": {}, "effectOfAccountingCharges": {}, "otherItems": {}, "netIncome": -4996400000, "netIncomeApplicableToCommonShares": -4996400000}, {"maxAge": 1, "endDate": "2017-03-31", "totalRevenue": 43993000000, "costOfRevenue": 30781000000, "grossProfit": 13212000000, "researchDevelopment": {}, "sellingGeneralAdministrative": 2408900000, "nonRecurring": {}, "otherOperatingExpenses": 2279100000, "totalOperatingExpenses": 37615200000, "operatingIncome": 6377800000, "totalOtherIncomeExpenseNet": -7355000000, "ebit": 6377800000, "interestExpense": -8020800000, "incomeBeforeTax": -977200000, "incomeTaxExpense": -57400000, "minorityInterest": -100000, "netIncomeFromContinuingOps": -919800000, "discontinuedOperations": {}, "extraordinaryItems": {}, "effectOfAccountingCharges": {}, "otherItems": {}, "netIncome": -919800000, "netIncomeApplicableToCommonShares": -919800000}], "maxAge": 86400}, "fundOwnership": {"maxAge": 1, "ownershipList": [{"maxAge": 1, "reportDate": "2020-07-31", "organization": "DFA Emerging Markets Core Equity Portfolio", "pctHeld": 0.0027, "position": 3071442, "value": 17107931}, {"maxAge": 1, "reportDate": "2020-08-31", "organization": "SPDR Portfolio Emerging Markets ETF", "pctHeld": 0.0011, "position": 1248978, "value": 7194113}, {"maxAge": 1, "reportDate": "2020-07-31", "organization": "DFA Investment Dimensions-DFA Emerging Mkts Value", "pctHeld": 0.00090000004, "position": 1004052, "value": 5592569}, {"maxAge": 1, "reportDate": "2020-07-31", "organization": "DFA Emerging Markets Small Cap Series", "pctHeld": 0.0005, "position": 512261, "value": 2853293}, {"maxAge": 1, "reportDate": "2020-07-31", "organization": "DFA Investment Dimensions-Emerging Markets Social Core Equity", "pctHeld": 0.0002, "position": 210829, "value": 1174317}, {"maxAge": 1, "reportDate": "2020-07-31", "organization": "DFA T.A. World Ex U.S. Core Equity Portfolio", "pctHeld": 0.0001, "position": 152226, "value": 847898}, {"maxAge": 1, "reportDate": "2020-07-31", "organization": "DFA Investment Dimensions-World Ex U.S. Core Equity Port", "pctHeld": 0.0001, "position": 134537, "value": 749371}]}, "summaryDetail": {"maxAge": 1, "priceHint": 2, "previousClose": 6.99, "open": 6.82, "dayLow": 6.82, "dayHigh": 7.65, "regularMarketPreviousClose": 6.99, "regularMarketOpen": 6.82, "regularMarketDayLow": 6.82, "regularMarketDayHigh": 7.65, "volume": 3946747, "regularMarketVolume": 3946747, "averageVolume": 1147237, "averageVolume10days": 855446, "averageDailyVolume10Day": 855446, "bid": 7.24, "ask": 7.26, "bidSize": 0, "askSize": 0, "marketCap": 8240981504, "fiftyTwoWeekLow": 2.34, "fiftyTwoWeekHigh": 8.25, "fiftyDayAverage": 6.5554285, "twoHundredDayAverage": 5.702044, "currency": "INR", "fromCurrency": null, "toCurrency": null, "lastMarket": null, "algorithm": null, "tradeable": false}, "sectorTrend": {"maxAge": 1, "symbol": null, "estimates": []}, "incomeStatementHistoryQuarterly": {"incomeStatementHistory": [{"maxAge": 1, "endDate": "2020-06-30", "totalRevenue": 13351800000, "costOfRevenue": 10810400000, "grossProfit": 2541400000, "researchDevelopment": {}, "sellingGeneralAdministrative": 738100000, "nonRecurring": {}, "otherOperatingExpenses": 1141500000, "totalOperatingExpenses": 13228000000, "operatingIncome": 123800000, "totalOtherIncomeExpenseNet": -652600000, "ebit": 123800000, "interestExpense": -674800000, "incomeBeforeTax": -528800000, "incomeTaxExpense": 0, "minorityInterest": {}, "netIncomeFromContinuingOps": -528800000, "discontinuedOperations": {}, "extraordinaryItems": {}, "effectOfAccountingCharges": {}, "otherItems": {}, "netIncome": -528900000, "netIncomeApplicableToCommonShares": -528900000}, {"maxAge": 1, "endDate": "2020-03-31", "totalRevenue": 18633200000, "costOfRevenue": 15438500000, "grossProfit": 3194700000, "researchDevelopment": {}, "sellingGeneralAdministrative": 1031500000, "nonRecurring": {}, "otherOperatingExpenses": -59000000, "totalOperatingExpenses": 16948300000, "operatingIncome": 1684900000, "totalOtherIncomeExpenseNet": -651800000, "ebit": 1684900000, "interestExpense": -633400000, "incomeBeforeTax": 1033100000, "incomeTaxExpense": -23600000, "minorityInterest": -200000, "netIncomeFromContinuingOps": 1056700000, "discontinuedOperations": {}, "extraordinaryItems": {}, "effectOfAccountingCharges": {}, "otherItems": {}, "netIncome": 1056800000, "netIncomeApplicableToCommonShares": 1056800000}, {"maxAge": 1, "endDate": "2019-12-31", "totalRevenue": 17239900000, "costOfRevenue": 14413500000, "grossProfit": 2826400000, "researchDevelopment": {}, "sellingGeneralAdministrative": 714100000, "nonRecurring": {}, "otherOperatingExpenses": 1287600000, "totalOperatingExpenses": 16959200000, "operatingIncome": 280700000, "totalOtherIncomeExpenseNet": -744200000, "ebit": 280700000, "interestExpense": -769600000, "incomeBeforeTax": -463500000, "incomeTaxExpense": 0, "minorityInterest": -200000, "netIncomeFromContinuingOps": -463500000, "discontinuedOperations": {}, "extraordinaryItems": {}, "effectOfAccountingCharges": {}, "otherItems": {}, "netIncome": -463500000, "netIncomeApplicableToCommonShares": -463500000}, {"maxAge": 1, "endDate": "2019-09-30", "totalRevenue": 14274100000, "costOfRevenue": 12367900000, "grossProfit": 1906200000, "researchDevelopment": {}, "sellingGeneralAdministrative": 621200000, "nonRecurring": {}, "otherOperatingExpenses": 873700000, "totalOperatingExpenses": 14407100000, "operatingIncome": -133000000, "totalOtherIncomeExpenseNet": -765200000, "ebit": -133000000, "interestExpense": -783900000, "incomeBeforeTax": -898200000, "incomeTaxExpense": 0, "minorityInterest": -100000, "netIncomeFromContinuingOps": -898200000, "discontinuedOperations": {}, "extraordinaryItems": {}, "effectOfAccountingCharges": {}, "otherItems": {}, "netIncome": -898200000, "netIncomeApplicableToCommonShares": -898200000}], "maxAge": 86400}, "cashflowStatementHistoryQuarterly": {"cashflowStatements": [{"maxAge": 1, "endDate": "2020-06-30", "netIncome": -528900000, "changeToLiabilities": 0}, {"maxAge": 1, "endDate": "2020-03-31", "netIncome": 1056800000, "changeToLiabilities": 0}, {"maxAge": 1, "endDate": "2019-12-31", "netIncome": -463500000, "changeToLiabilities": 0}, {"maxAge": 1, "endDate": "2019-09-30", "netIncome": -898200000, "changeToLiabilities": 0}], "maxAge": 86400}, "insiderHolders": {"holders": [{"maxAge": 1, "name": "Allahabad Bank", "relation": "Institution- Corporation", "url": "", "transactionDescription": "Other", "latestTransDate": "2020-04-01", "positionDirect": 0, "positionDirectDate": "2020-04-01"}, {"maxAge": 1, "name": "Indian Bank", "relation": "Promoter", "url": "", "transactionDescription": "Other", "latestTransDate": "2020-04-01", "positionDirect": 62397361, "positionDirectDate": "2020-04-01"}], "maxAge": 1}, "earnings": {"maxAge": 86400, "earningsChart": {"quarterly": [], "earningsDate": []}, "financialsChart": {"yearly": [{"date": 2017, "revenue": 43993000000, "earnings": -919800000}, {"date": 2018, "revenue": 58467200000, "earnings": -4996400000}, {"date": 2019, "revenue": 68063900000, "earnings": -1365600000}, {"date": 2020, "revenue": 66693400000, "earnings": -499900000}], "quarterly": [{"date": "3Q2019", "revenue": 14274100000, "earnings": -898200000}, {"date": "4Q2019", "revenue": 17239900000, "earnings": -463500000}, {"date": "1Q2020", "revenue": 18633200000, "earnings": 1056800000}, {"date": "2Q2020", "revenue": 13351800000, "earnings": -528900000}]}, "financialCurrency": "INR"}, "calendarEvents": {"maxAge": 1, "earnings": {"earningsDate": []}}, "price": {"maxAge": 1, "regularMarketChangePercent": 0.040057257, "regularMarketChange": 0.2800002, "regularMarketTime": "2021-04-30 15:54:52", "priceHint": 2, "regularMarketPrice": 7.27, "regularMarketDayHigh": 7.65, "regularMarketDayLow": 6.82, "regularMarketVolume": 3946747, "averageDailyVolume10Day": 855446, "averageDailyVolume3Month": 1147237, "regularMarketPreviousClose": 6.99, "regularMarketSource": "FREE_REALTIME", "regularMarketOpen": 6.82, "exchange": "BSE", "exchangeName": "BSE", "exchangeDataDelayedBy": 0, "marketState": "CLOSED", "quoteType": "EQUITY", "symbol": "BAJAJHIND.BO", "underlyingSymbol": null, "shortName": "BAJAJ HINDUSTHAN SUGAR LIMITED", "longName": "Bajaj Hindusthan Sugar Limited", "currency": "INR", "quoteSourceName": "Delayed Quote", "currencySymbol": "\u20b9", "fromCurrency": null, "toCurrency": null, "lastMarket": null, "marketCap": 8240981504}, "balanceSheetHistory": {"balanceSheetStatements": [{"maxAge": 1, "endDate": "2020-03-31", "cash": 1040100000, "shortTermInvestments": 32700000, "netReceivables": 18702200000, "inventory": 27113900000, "otherCurrentAssets": 9816300000, "totalCurrentAssets": 59373700000, "longTermInvestments": 1010000000, "propertyPlantEquipment": 72468700000, "otherAssets": 2631200000, "totalAssets": 135483600000, "accountsPayable": 44444600000, "shortLongTermDebt": 3474600000, "otherCurrentLiab": 1446700000, "longTermDebt": 51395300000, "otherLiab": 7053100000, "minorityInterest": -200000, "totalCurrentLiabilities": 49968800000, "totalLiab": 108512600000, "commonStock": 1133600000, "retainedEarnings": -16056500000, "treasuryStock": 41000000, "capitalSurplus": 41853100000, "otherStockholderEquity": 73900000, "totalStockholderEquity": 26971200000, "netTangibleAssets": 26971200000}, {"maxAge": 1, "endDate": "2019-03-31", "cash": 538900000, "shortTermInvestments": 27400000, "netReceivables": 19037200000, "inventory": 27649800000, "otherCurrentAssets": 9714500000, "totalCurrentAssets": 59636300000, "longTermInvestments": 1539300000, "propertyPlantEquipment": 74231800000, "otherAssets": 2655300000, "totalAssets": 138062700000, "accountsPayable": 41657000000, "shortLongTermDebt": 6399800000, "otherCurrentLiab": 814300000, "longTermDebt": 53820900000, "otherLiab": 7049600000, "minorityInterest": -100000, "totalCurrentLiabilities": 49268300000, "totalLiab": 110138800000, "commonStock": 1133600000, "retainedEarnings": -15548400000, "treasuryStock": 485700000, "capitalSurplus": 41853100000, "otherStockholderEquity": 518600000, "totalStockholderEquity": 27924000000, "netTangibleAssets": 27924000000}, {"maxAge": 1, "endDate": "2018-03-31", "cash": 382800000, "shortTermInvestments": 30200000, "netReceivables": 18364100000, "inventory": 28478800000, "otherCurrentAssets": 2132500000, "totalCurrentAssets": 52056900000, "longTermInvestments": 9585800000, "propertyPlantEquipment": 76184500000, "otherAssets": 2715600000, "deferredLongTermAssetCharges": 49000000, "totalAssets": 140542800000, "accountsPayable": 33747000000, "shortLongTermDebt": 7420900000, "otherCurrentLiab": 2003100000, "longTermDebt": 58924200000, "otherLiab": 7007300000, "minorityInterest": -100000, "totalCurrentLiabilities": 45191700000, "totalLiab": 111123200000, "commonStock": 1133600000, "retainedEarnings": -14323900000, "treasuryStock": 756900000, "capitalSurplus": 41853100000, "otherStockholderEquity": 789800000, "totalStockholderEquity": 29419700000, "netTangibleAssets": 29419700000}, {"maxAge": 1, "endDate": "2017-03-31", "cash": 319800000, "shortTermInvestments": 108800000, "netReceivables": 16655000000, "inventory": 30095200000, "otherCurrentAssets": 2840800000, "totalCurrentAssets": 52688100000, "longTermInvestments": 2408300000, "propertyPlantEquipment": 77818100000, "otherAssets": 10495200000, "deferredLongTermAssetCharges": 41000000, "totalAssets": 143409700000, "accountsPayable": 27869900000, "shortLongTermDebt": 13046600000, "otherCurrentLiab": 1351900000, "longTermDebt": 54597900000, "otherLiab": 7028400000, "totalCurrentLiabilities": 47127800000, "totalLiab": 108754100000, "commonStock": 1133600000, "retainedEarnings": -9325300000, "treasuryStock": 994200000, "capitalSurplus": 41853100000, "otherStockholderEquity": 1027100000, "totalStockholderEquity": 34655600000, "netTangibleAssets": 34655600000}], "maxAge": 86400}, "earningsTrend": {"trend": [{"maxAge": 1, "period": "0q", "endDate": null, "growth": {}, "earningsEstimate": {"avg": 0.0, "low": 0.0, "high": 0.0, "yearAgoEps": {}, "numberOfAnalysts": 0, "growth": {}}, "revenueEstimate": {"avg": 0, "low": 0, "high": 0, "numberOfAnalysts": 0, "yearAgoRevenue": {}, "growth": {}}, "epsTrend": {"current": 0.0, "7daysAgo": 0.0, "30daysAgo": 0.0, "60daysAgo": 0.0, "90daysAgo": 0.0}, "epsRevisions": {"upLast7days": 0, "upLast30days": 0, "downLast30days": 0, "downLast90days": {}}}, {"maxAge": 1, "period": "+1q", "endDate": null, "growth": {}, "earningsEstimate": {"avg": 0.0, "low": 0.0, "high": 0.0, "yearAgoEps": {}, "numberOfAnalysts": 0, "growth": {}}, "revenueEstimate": {"avg": 0, "low": 0, "high": 0, "numberOfAnalysts": 0, "yearAgoRevenue": {}, "growth": {}}, "epsTrend": {"current": 0.0, "7daysAgo": 0.0, "30daysAgo": 0.0, "60daysAgo": 0.0, "90daysAgo": 0.0}, "epsRevisions": {"upLast7days": 0, "upLast30days": 0, "downLast30days": 0, "downLast90days": {}}}, {"maxAge": 1, "period": "0y", "endDate": null, "growth": {}, "earningsEstimate": {"avg": 0.0, "low": 0.0, "high": 0.0, "yearAgoEps": {}, "numberOfAnalysts": 0, "growth": {}}, "revenueEstimate": {"avg": 0, "low": 0, "high": 0, "numberOfAnalysts": 0, "yearAgoRevenue": {}, "growth": {}}, "epsTrend": {"current": 0.0, "7daysAgo": 0.0, "30daysAgo": 0.0, "60daysAgo": 0.0, "90daysAgo": 0.0}, "epsRevisions": {"upLast7days": 0, "upLast30days": 0, "downLast30days": 0, "downLast90days": {}}}, {"maxAge": 1, "period": "+1y", "endDate": null, "growth": {}, "earningsEstimate": {"avg": 0.0, "low": 0.0, "high": 0.0, "yearAgoEps": {}, "numberOfAnalysts": 0, "growth": {}}, "revenueEstimate": {"avg": 0, "low": 0, "high": 0, "numberOfAnalysts": 0, "yearAgoRevenue": {}, "growth": {}}, "epsTrend": {"current": 0.0, "7daysAgo": 0.0, "30daysAgo": 0.0, "60daysAgo": 0.0, "90daysAgo": 0.0}, "epsRevisions": {"upLast7days": 0, "upLast30days": 0, "downLast30days": 0, "downLast90days": {}}}, {"maxAge": 1, "period": "+5y", "endDate": null, "growth": -0.0748, "earningsEstimate": {"avg": {}, "low": {}, "high": {}, "yearAgoEps": {}, "numberOfAnalysts": {}, "growth": {}}, "revenueEstimate": {"avg": {}, "low": {}, "high": {}, "numberOfAnalysts": {}, "yearAgoRevenue": {}, "growth": {}}, "epsTrend": {"current": {}, "7daysAgo": {}, "30daysAgo": {}, "60daysAgo": {}, "90daysAgo": {}}, "epsRevisions": {"upLast7days": {}, "upLast30days": {}, "downLast30days": {}, "downLast90days": {}}}, {"maxAge": 1, "period": "-5y", "endDate": null, "growth": {}, "earningsEstimate": {"avg": {}, "low": {}, "high": {}, "yearAgoEps": {}, "numberOfAnalysts": {}, "growth": {}}, "revenueEstimate": {"avg": {}, "low": {}, "high": {}, "numberOfAnalysts": {}, "yearAgoRevenue": {}, "growth": {}}, "epsTrend": {"current": {}, "7daysAgo": {}, "30daysAgo": {}, "60daysAgo": {}, "90daysAgo": {}}, "epsRevisions": {"upLast7days": {}, "upLast30days": {}, "downLast30days": {}, "downLast90days": {}}}], "maxAge": 1}, "financialData": {"maxAge": 86400, "currentPrice": 7.27, "targetHighPrice": 8.0, "targetLowPrice": 8.0, "targetMeanPrice": 8.0, "targetMedianPrice": 8.0, "recommendationKey": "none", "numberOfAnalystOpinions": 1, "grossProfits": 10794500000, "financialCurrency": "INR"}}}