{"BALAJITELE.BO": {"recommendationTrend": {"trend": [{"period": "0m", "strongBuy": 0, "buy": 0, "hold": 0, "sell": 0, "strongSell": 0}, {"period": "-1m", "strongBuy": 0, "buy": 0, "hold": 0, "sell": 0, "strongSell": 0}, {"period": "-2m", "strongBuy": 0, "buy": 0, "hold": 0, "sell": 0, "strongSell": 0}, {"period": "-3m", "strongBuy": 0, "buy": 0, "hold": 0, "sell": 0, "strongSell": 0}], "maxAge": 86400}, "cashflowStatementHistory": {"cashflowStatements": [{"maxAge": 1, "endDate": "2020-03-31", "netIncome": -587801000, "depreciation": 1221394000, "changeToNetincome": 489685000, "changeToAccountReceivables": -711774000, "changeToLiabilities": 303389000, "changeToInventory": -471436000, "changeToOperatingActivities": -1622071000, "totalCashFromOperatingActivities": -1339492000, "capitalExpenditures": -105592000, "investments": 1778932000, "otherCashflowsFromInvestingActivities": 12077000, "totalCashflowsFromInvestingActivities": 1684690000, "dividendsPaid": -80904000, "netBorrowings": -211230000, "otherCashflowsFromFinancingActivities": -38781000, "totalCashFromFinancingActivities": -330915000, "changeInCash": 14283000}, {"maxAge": 1, "endDate": "2019-03-31", "netIncome": -973533000, "depreciation": 882910000, "changeToNetincome": -239294000, "changeToAccountReceivables": -94858000, "changeToLiabilities": 182630000, "changeToInventory": -1442736000, "changeToOperatingActivities": -146276000, "totalCashFromOperatingActivities": -1783728000, "capitalExpenditures": -118540000, "investments": 1952184000, "otherCashflowsFromInvestingActivities": 3196000, "totalCashflowsFromInvestingActivities": 1831285000, "dividendsPaid": -40472000, "netBorrowings": -211230000, "otherCashflowsFromFinancingActivities": -9815000, "totalCashFromFinancingActivities": -50287000, "changeInCash": -2730000}, {"maxAge": 1, "endDate": "2018-03-31", "netIncome": -451526000, "depreciation": 441303000, "changeToNetincome": -341756000, "changeToAccountReceivables": 29174000, "changeToLiabilities": 31548000, "changeToInventory": -594298000, "changeToOperatingActivities": -192144000, "totalCashFromOperatingActivities": -1037642000, "capitalExpenditures": -116134000, "investments": -2603742000, "otherCashflowsFromInvestingActivities": -34000, "totalCashflowsFromInvestingActivities": -2753002000, "dividendsPaid": -40452000, "netBorrowings": -211230000, "otherCashflowsFromFinancingActivities": -182094000, "totalCashFromFinancingActivities": 3912754000, "changeInCash": 122110000, "issuanceOfStock": 4132800000}, {"maxAge": 1, "endDate": "2017-03-31", "netIncome": -281491000, "depreciation": 125243000, "changeToNetincome": -69466000, "changeToAccountReceivables": -174881000, "changeToLiabilities": 167080000, "changeToInventory": 210001000, "changeToOperatingActivities": -112044000, "totalCashFromOperatingActivities": -127571000, "capitalExpenditures": -233161000, "investments": 348270000, "otherCashflowsFromInvestingActivities": 4160000, "totalCashflowsFromInvestingActivities": 118080000, "dividendsPaid": -40452000, "netBorrowings": -211230000, "otherCashflowsFromFinancingActivities": -182094000, "totalCashFromFinancingActivities": 3912754000, "changeInCash": -9491000, "issuanceOfStock": 4132800000}], "maxAge": 86400}, "institutionOwnership": {"maxAge": 1, "ownershipList": []}, "balanceSheetHistoryQuarterly": {"balanceSheetStatements": [{"maxAge": 1, "endDate": "2020-06-30", "totalStockholderEquity": 6921479000, "netTangibleAssets": 6899585000}, {"maxAge": 1, "endDate": "2020-03-31", "cash": 199683000, "shortTermInvestments": 1838126000, "netReceivables": 1776719000, "inventory": 1557780000, "otherCurrentAssets": 2167800000, "totalCurrentAssets": 7540108000, "longTermInvestments": 36191000, "propertyPlantEquipment": 585368000, "goodWill": 14691000, "intangibleAssets": 7203000, "otherAssets": 694328000, "deferredLongTermAssetCharges": 72399000, "totalAssets": 8877889000, "accountsPayable": 1189323000, "otherCurrentLiab": 458781000, "minorityInterest": 699000, "totalCurrentLiabilities": 1872397000, "totalLiab": 1955711000, "commonStock": 202261000, "treasuryStock": 6719218000, "otherStockholderEquity": 6719218000, "totalStockholderEquity": 6921479000, "netTangibleAssets": 6899585000}, {"maxAge": 1, "endDate": "2020-03-31", "cash": 198629000, "netReceivables": 2388447000, "inventory": 1557780000, "otherCurrentAssets": 2159183000, "totalCurrentAssets": 7540108000, "longTermInvestments": 36191000, "propertyPlantEquipment": 585368000, "goodWill": 14691000, "intangibleAssets": 7203000, "otherAssets": 694328000, "deferredLongTermAssetCharges": 72399000, "totalAssets": 8877889000, "accountsPayable": 1189323000, "otherCurrentLiab": 384371000, "minorityInterest": 699000, "totalCurrentLiabilities": 1872397000, "totalLiab": 1955711000, "commonStock": 202261000, "retainedEarnings": -269079000, "treasuryStock": 113363000, "capitalSurplus": 6874934000, "otherStockholderEquity": 113363000, "totalStockholderEquity": 6921479000, "netTangibleAssets": 6899585000}, {"maxAge": 1, "endDate": "2019-12-31", "totalStockholderEquity": 7018091000, "netTangibleAssets": 6977035000}], "maxAge": 86400}, "earningsHistory": {"history": [{"maxAge": 1, "epsActual": {}, "epsEstimate": {}, "epsDifference": {}, "surprisePercent": {}, "quarter": {}, "period": "-4q"}, {"maxAge": 1, "epsActual": {}, "epsEstimate": {}, "epsDifference": {}, "surprisePercent": {}, "quarter": {}, "period": "-3q"}, {"maxAge": 1, "epsActual": {}, "epsEstimate": {}, "epsDifference": {}, "surprisePercent": {}, "quarter": {}, "period": "-2q"}, {"maxAge": 1, "epsActual": {}, "epsEstimate": {}, "epsDifference": {}, "surprisePercent": {}, "quarter": {}, "period": "-1q"}], "maxAge": 86400}, "indexTrend": {"maxAge": 1, "symbol": "SP5", "peRatio": 19.7411, "pegRatio": 1.34172, "estimates": [{"period": "0q", "growth": 0.549}, {"period": "+1q", "growth": 0.431}, {"period": "0y", "growth": 0.305}, {"period": "+1y", "growth": 0.109}, {"period": "+5y", "growth": 0.120865}, {"period": "-5y"}]}, "industryTrend": {"maxAge": 1, "symbol": null, "estimates": []}, "insiderTransactions": {"transactions": [{"maxAge": 1, "shares": 2474, "filerUrl": "", "transactionText": "", "filerName": "Kapoor (Ekta)", "filerRelation": "Joint Managing director", "moneyText": "", "startDate": "2020-03-31", "ownership": "D"}, {"maxAge": 1, "shares": 105, "filerUrl": "", "transactionText": "", "filerName": "Kapoor (Ekta)", "filerRelation": "Joint Managing director", "moneyText": "", "startDate": "2020-03-31", "ownership": "D"}, {"maxAge": 1, "shares": 8200, "filerUrl": "", "transactionText": "", "filerName": "Kapoor (Ekta)", "filerRelation": "Joint Managing director", "moneyText": "", "startDate": "2020-03-30", "ownership": "D"}, {"maxAge": 1, "shares": 10005, "filerUrl": "", "transactionText": "", "filerName": "Kapoor (Ekta)", "filerRelation": "Joint Managing director", "moneyText": "", "startDate": "2020-03-24", "ownership": "D"}, {"maxAge": 1, "shares": 86204, "filerUrl": "", "transactionText": "", "filerName": "Kapoor (Ekta)", "filerRelation": "Joint Managing director", "moneyText": "", "startDate": "2020-03-24", "ownership": "D"}, {"maxAge": 1, "shares": 6363, "filerUrl": "", "transactionText": "", "filerName": "Kapoor (Ekta)", "filerRelation": "Joint Managing director", "moneyText": "", "startDate": "2020-03-23", "ownership": "D"}, {"maxAge": 1, "shares": 14000, "filerUrl": "", "transactionText": "", "filerName": "Kapoor (Ekta)", "filerRelation": "Joint Managing director", "moneyText": "", "startDate": "2020-03-23", "ownership": "D"}, {"maxAge": 1, "shares": 2000, "filerUrl": "", "transactionText": "", "filerName": "Purwar (Animesh)", "filerRelation": "UNREPORTED", "moneyText": "", "startDate": "2019-11-19", "ownership": "D"}, {"maxAge": 1, "shares": 2000, "filerUrl": "", "transactionText": "", "filerName": "Purwar (Anju)", "filerRelation": "UNREPORTED", "moneyText": "", "startDate": "2019-11-19", "ownership": "D"}, {"maxAge": 1, "shares": 8000, "filerUrl": "", "transactionText": "", "filerName": "Purwar (Arun Kumar)", "filerRelation": "Director (Independent)", "moneyText": "", "startDate": "2019-11-19", "ownership": "D"}, {"maxAge": 1, "shares": 4000, "filerUrl": "", "transactionText": "", "filerName": "Purwar (Sushma)", "filerRelation": "UNREPORTED", "moneyText": "", "startDate": "2019-11-19", "ownership": "D"}, {"maxAge": 1, "shares": 2320, "filerUrl": "", "transactionText": "", "filerName": "Purwar (Animesh)", "filerRelation": "UNREPORTED", "moneyText": "", "startDate": "2019-09-26", "ownership": "D"}, {"maxAge": 1, "shares": 2300, "filerUrl": "", "transactionText": "", "filerName": "Purwar (Anju)", "filerRelation": "UNREPORTED", "moneyText": "", "startDate": "2019-09-26", "ownership": "D"}, {"maxAge": 1, "shares": 2900, "filerUrl": "", "transactionText": "", "filerName": "Purwar (Arun Kumar)", "filerRelation": "Director (Independent)", "moneyText": "", "startDate": "2019-09-26", "ownership": "D"}, {"maxAge": 1, "shares": 2350, "filerUrl": "", "transactionText": "", "filerName": "Purwar (Sushma)", "filerRelation": "UNREPORTED", "moneyText": "", "startDate": "2019-09-26", "ownership": "D"}, {"maxAge": 1, "shares": 100, "filerUrl": "", "transactionText": "", "filerName": "Purwar (Anju)", "filerRelation": "UNREPORTED", "moneyText": "", "startDate": "2019-09-03", "ownership": "D"}, {"maxAge": 1, "shares": 100, "filerUrl": "", "transactionText": "", "filerName": "Purwar (Sushma)", "filerRelation": "UNREPORTED", "moneyText": "", "startDate": "2019-09-03", "ownership": "D"}, {"maxAge": 1, "shares": 10000, "filerUrl": "", "transactionText": "", "filerName": "Purwar (Arun Kumar)", "filerRelation": "Director (Independent)", "moneyText": "", "startDate": "2019-08-13", "ownership": "D"}, {"maxAge": 1, "shares": 973217, "filerUrl": "", "transactionText": "", "filerName": "Kapoor (Shobha)", "filerRelation": "Managing Director", "moneyText": "", "startDate": "2019-03-08", "ownership": "D"}, {"maxAge": 1, "shares": 270253, "filerUrl": "", "transactionText": "", "filerName": "Kapoor (Shobha)", "filerRelation": "Managing Director", "moneyText": "", "startDate": "2019-03-08", "ownership": "D"}], "maxAge": 1}, "quoteType": {"exchange": "BSE", "quoteType": "EQUITY", "symbol": "BALAJITELE.BO", "underlyingSymbol": "BALAJITELE.BO", "shortName": "BALAJI TELEFILMS LTD.", "longName": "Balaji Telefilms Limited", "firstTradeDateEpochUtc": "2002-07-01 09:15:00", "timeZoneFullName": "Asia/Kolkata", "timeZoneShortName": "IST", "uuid": "8c7ccc42-7c63-3c5f-bba9-d5b5f6cb6cc7", "messageBoardId": null, "gmtOffSetMilliseconds": 19800000, "maxAge": 1}, "incomeStatementHistory": {"incomeStatementHistory": [{"maxAge": 1, "endDate": "2020-03-31", "totalRevenue": 5735548000, "costOfRevenue": 4183633000, "grossProfit": 1551915000, "researchDevelopment": {}, "sellingGeneralAdministrative": 713498000, "nonRecurring": {}, "otherOperatingExpenses": 672853000, "totalOperatingExpenses": 6008878000, "operatingIncome": -273330000, "totalOtherIncomeExpenseNet": 51647000, "ebit": -273330000, "interestExpense": -26621000, "incomeBeforeTax": -221683000, "incomeTaxExpense": 367921000, "minorityInterest": 699000, "netIncomeFromContinuingOps": -589604000, "discontinuedOperations": {}, "extraordinaryItems": {}, "effectOfAccountingCharges": {}, "otherItems": {}, "netIncome": -587801000, "netIncomeApplicableToCommonShares": -587801000}, {"maxAge": 1, "endDate": "2019-03-31", "totalRevenue": 4277087000, "costOfRevenue": 4008387000, "grossProfit": 268700000, "researchDevelopment": {}, "sellingGeneralAdministrative": 743456000, "nonRecurring": {}, "otherOperatingExpenses": 574709000, "totalOperatingExpenses": 5507193000, "operatingIncome": -1230106000, "totalOtherIncomeExpenseNet": 315821000, "ebit": -1230106000, "interestExpense": -222000, "incomeBeforeTax": -914285000, "incomeTaxExpense": 63258000, "minorityInterest": -10198000, "netIncomeFromContinuingOps": -977543000, "discontinuedOperations": {}, "extraordinaryItems": {}, "effectOfAccountingCharges": {}, "otherItems": {}, "netIncome": -973533000, "netIncomeApplicableToCommonShares": -973533000}, {"maxAge": 1, "endDate": "2018-03-31", "totalRevenue": 4133179000, "costOfRevenue": 3446952000, "grossProfit": 686227000, "researchDevelopment": {}, "sellingGeneralAdministrative": 703881000, "nonRecurring": {}, "otherOperatingExpenses": 483419000, "totalOperatingExpenses": 4819124000, "operatingIncome": -685945000, "totalOtherIncomeExpenseNet": 90305000, "ebit": -685945000, "interestExpense": -188000, "incomeBeforeTax": -595640000, "incomeTaxExpense": -132308000, "minorityInterest": -39281000, "netIncomeFromContinuingOps": -463332000, "discontinuedOperations": {}, "extraordinaryItems": {}, "effectOfAccountingCharges": {}, "otherItems": {}, "netIncome": -451526000, "netIncomeApplicableToCommonShares": -451526000}, {"maxAge": 1, "endDate": "2017-03-31", "totalRevenue": 4186705000, "costOfRevenue": 3458707000, "grossProfit": 727998000, "researchDevelopment": {}, "sellingGeneralAdministrative": 593018000, "nonRecurring": {}, "otherOperatingExpenses": 328471000, "totalOperatingExpenses": 4505598000, "operatingIncome": -318893000, "totalOtherIncomeExpenseNet": 190175000, "ebit": -318893000, "interestExpense": -9286000, "incomeBeforeTax": -128718000, "incomeTaxExpense": 168634000, "minorityInterest": -31062000, "netIncomeFromContinuingOps": -297352000, "discontinuedOperations": {}, "extraordinaryItems": {}, "effectOfAccountingCharges": {}, "otherItems": {}, "netIncome": -281491000, "netIncomeApplicableToCommonShares": -281491000}], "maxAge": 86400}, "fundOwnership": {"maxAge": 1, "ownershipList": []}, "summaryDetail": {"maxAge": 1, "priceHint": 2, "previousClose": 56.65, "open": 56.25, "dayLow": 56.05, "dayHigh": 59.0, "regularMarketPreviousClose": 56.65, "regularMarketOpen": 56.25, "regularMarketDayLow": 56.05, "regularMarketDayHigh": 59.0, "volume": 80081, "regularMarketVolume": 80081, "averageVolume": 31039, "averageVolume10days": 14591, "averageDailyVolume10Day": 14591, "bid": 56.65, "ask": 57.15, "bidSize": 0, "askSize": 0, "marketCap": 5754297344, "fiftyTwoWeekLow": 28.0, "fiftyTwoWeekHigh": 101.7, "fiftyDayAverage": 63.69, "twoHundredDayAverage": 68.848175, "trailingAnnualDividendRate": 0.4, "trailingAnnualDividendYield": 0.0070609003, "currency": "INR", "fromCurrency": null, "toCurrency": null, "lastMarket": null, "algorithm": null, "tradeable": false}, "sectorTrend": {"maxAge": 1, "symbol": null, "estimates": []}, "incomeStatementHistoryQuarterly": {"incomeStatementHistory": [{"maxAge": 1, "endDate": "2020-06-30", "totalRevenue": 350505000, "costOfRevenue": 420791000, "grossProfit": -70286000, "researchDevelopment": {}, "sellingGeneralAdministrative": 60670000, "nonRecurring": {}, "otherOperatingExpenses": 132009000, "totalOperatingExpenses": 691951000, "operatingIncome": -341446000, "totalOtherIncomeExpenseNet": 53600000, "ebit": -341446000, "interestExpense": -3768000, "incomeBeforeTax": -287846000, "incomeTaxExpense": -9054000, "minorityInterest": {}, "netIncomeFromContinuingOps": -278792000, "discontinuedOperations": {}, "extraordinaryItems": {}, "effectOfAccountingCharges": {}, "otherItems": {}, "netIncome": -278810000, "netIncomeApplicableToCommonShares": -278810000}, {"maxAge": 1, "endDate": "2020-03-31", "totalRevenue": 1076790000, "costOfRevenue": 832906000, "grossProfit": 243884000, "researchDevelopment": {}, "sellingGeneralAdministrative": 50101000, "nonRecurring": {}, "otherOperatingExpenses": 201663000, "totalOperatingExpenses": 1181462000, "operatingIncome": -104672000, "totalOtherIncomeExpenseNet": -21641000, "ebit": -104672000, "interestExpense": -5952000, "incomeBeforeTax": -126313000, "incomeTaxExpense": 71931000, "minorityInterest": 699000, "netIncomeFromContinuingOps": -198244000, "discontinuedOperations": {}, "extraordinaryItems": {}, "effectOfAccountingCharges": {}, "otherItems": {}, "netIncome": -198635000, "netIncomeApplicableToCommonShares": -198635000}, {"maxAge": 1, "endDate": "2020-03-31", "totalRevenue": 1076790000, "costOfRevenue": 758130000, "grossProfit": 318660000, "researchDevelopment": {}, "sellingGeneralAdministrative": 158047000, "nonRecurring": {}, "otherOperatingExpenses": 110267000, "totalOperatingExpenses": 1173660000, "operatingIncome": -96870000, "totalOtherIncomeExpenseNet": -29643000, "ebit": -96870000, "interestExpense": -5952000, "incomeBeforeTax": -126513000, "incomeTaxExpense": 71931000, "minorityInterest": 699000, "netIncomeFromContinuingOps": -198444000, "discontinuedOperations": {}, "extraordinaryItems": {}, "effectOfAccountingCharges": {}, "otherItems": {}, "netIncome": -198835000, "netIncomeApplicableToCommonShares": -198835000}, {"maxAge": 1, "endDate": "2019-12-31", "totalRevenue": 1878941000, "costOfRevenue": 1256381000, "grossProfit": 622560000, "researchDevelopment": {}, "sellingGeneralAdministrative": 67571000, "nonRecurring": {}, "otherOperatingExpenses": 160202000, "totalOperatingExpenses": 1580013000, "operatingIncome": 298928000, "totalOtherIncomeExpenseNet": 20881000, "ebit": 298928000, "interestExpense": -7010000, "incomeBeforeTax": 319809000, "incomeTaxExpense": 181779000, "minorityInterest": 699000, "netIncomeFromContinuingOps": 138030000, "discontinuedOperations": {}, "extraordinaryItems": {}, "effectOfAccountingCharges": {}, "otherItems": {}, "netIncome": 139100000, "netIncomeApplicableToCommonShares": 139100000}], "maxAge": 86400}, "cashflowStatementHistoryQuarterly": {"cashflowStatements": [{"maxAge": 1, "endDate": "2020-06-30", "netIncome": -278810000, "changeToLiabilities": 0}, {"maxAge": 1, "endDate": "2020-03-31", "netIncome": -198635000, "changeToLiabilities": 0}, {"maxAge": 1, "endDate": "2020-03-31", "netIncome": -198835000, "changeToLiabilities": 0}, {"maxAge": 1, "endDate": "2019-12-31", "netIncome": 139100000, "changeToLiabilities": 0}], "maxAge": 86400}, "insiderHolders": {"holders": [{"maxAge": 1, "name": "Kapoor (Ekta)", "relation": "Joint Managing director", "url": "", "transactionDescription": "Acquisition", "latestTransDate": "2020-03-31", "positionDirect": 18433254, "positionDirectDate": "2020-03-31"}, {"maxAge": 1, "name": "Kapoor (Shobha)", "relation": "Managing Director", "url": "", "transactionDescription": "Acquisition", "latestTransDate": "2019-03-08", "positionDirect": 11008850, "positionDirectDate": "2019-03-08"}, {"maxAge": 1, "name": "Purwar (Animesh)", "relation": "UNREPORTED", "url": "", "transactionDescription": "Acquisition", "latestTransDate": "2019-11-19", "positionDirect": 4320, "positionDirectDate": "2019-11-19"}, {"maxAge": 1, "name": "Purwar (Anju)", "relation": "UNREPORTED", "url": "", "transactionDescription": "Acquisition", "latestTransDate": "2019-11-19", "positionDirect": 4400, "positionDirectDate": "2019-11-19"}, {"maxAge": 1, "name": "Purwar (Arun Kumar)", "relation": "Director (Independent)", "url": "", "transactionDescription": "Acquisition", "latestTransDate": "2019-11-19", "positionDirect": 20900, "positionDirectDate": "2019-11-19"}, {"maxAge": 1, "name": "Purwar (Sushma)", "relation": "UNREPORTED", "url": "", "transactionDescription": "Acquisition", "latestTransDate": "2019-11-19", "positionDirect": 6450, "positionDirectDate": "2019-11-19"}], "maxAge": 1}, "earnings": {"maxAge": 86400, "earningsChart": {"quarterly": [], "earningsDate": []}, "financialsChart": {"yearly": [{"date": 2017, "revenue": 4186705000, "earnings": -281491000}, {"date": 2018, "revenue": 4133179000, "earnings": -451526000}, {"date": 2019, "revenue": 4277087000, "earnings": -973533000}, {"date": 2020, "revenue": 5735548000, "earnings": -587801000}], "quarterly": [{"date": "4Q2019", "revenue": 1878941000, "earnings": 139100000}, {"date": "1Q2020", "revenue": 1076790000, "earnings": -198835000}, {"date": "1Q2020", "revenue": 1076790000, "earnings": -198635000}, {"date": "2Q2020", "revenue": 350505000, "earnings": -278810000}]}, "financialCurrency": "INR"}, "calendarEvents": {"maxAge": 1, "earnings": {"earningsDate": []}}, "price": {"maxAge": 1, "regularMarketChangePercent": 0.0044130627, "regularMarketChange": 0.25, "regularMarketTime": "2021-04-30 15:43:23", "priceHint": 2, "regularMarketPrice": 56.9, "regularMarketDayHigh": 59.0, "regularMarketDayLow": 56.05, "regularMarketVolume": 80081, "averageDailyVolume10Day": 14591, "averageDailyVolume3Month": 31039, "regularMarketPreviousClose": 56.65, "regularMarketSource": "FREE_REALTIME", "regularMarketOpen": 56.25, "exchange": "BSE", "exchangeName": "BSE", "exchangeDataDelayedBy": 0, "marketState": "CLOSED", "quoteType": "EQUITY", "symbol": "BALAJITELE.BO", "underlyingSymbol": null, "shortName": "BALAJI TELEFILMS LTD.", "longName": "Balaji Telefilms Limited", "currency": "INR", "quoteSourceName": "Delayed Quote", "currencySymbol": "\u20b9", "fromCurrency": null, "toCurrency": null, "lastMarket": null, "marketCap": 5754297344}, "balanceSheetHistory": {"balanceSheetStatements": [{"maxAge": 1, "endDate": "2020-03-31", "cash": 198629000, "netReceivables": 2388447000, "inventory": 1557780000, "otherCurrentAssets": 2159183000, "totalCurrentAssets": 7540108000, "longTermInvestments": 36191000, "propertyPlantEquipment": 585368000, "goodWill": 14691000, "intangibleAssets": 7203000, "otherAssets": 694328000, "deferredLongTermAssetCharges": 72399000, "totalAssets": 8877889000, "accountsPayable": 1189323000, "otherCurrentLiab": 384371000, "minorityInterest": 699000, "totalCurrentLiabilities": 1872397000, "totalLiab": 1955711000, "commonStock": 202261000, "retainedEarnings": -269079000, "treasuryStock": 113363000, "capitalSurplus": 6874934000, "otherStockholderEquity": 113363000, "totalStockholderEquity": 6921479000, "netTangibleAssets": 6899585000}, {"maxAge": 1, "endDate": "2019-03-31", "cash": 192084000, "netReceivables": 1210717000, "inventory": 1958391000, "otherCurrentAssets": 1079469000, "totalCurrentAssets": 7307336000, "longTermInvestments": 150469000, "propertyPlantEquipment": 321441000, "goodWill": 14691000, "intangibleAssets": 45533000, "otherAssets": 965352000, "deferredLongTermAssetCharges": 198186000, "totalAssets": 8804822000, "accountsPayable": 906173000, "otherCurrentLiab": 163549000, "longTermDebt": 1056000, "minorityInterest": -10198000, "totalCurrentLiabilities": 1189473000, "totalLiab": 1190529000, "commonStock": 202261000, "retainedEarnings": 434925000, "treasuryStock": 112371000, "capitalSurplus": 6874934000, "otherStockholderEquity": 112371000, "totalStockholderEquity": 7624491000, "netTangibleAssets": 7564267000}, {"maxAge": 1, "endDate": "2018-03-31", "cash": 219614000, "shortTermInvestments": 50000, "netReceivables": 1085818000, "inventory": 1278047000, "otherCurrentAssets": 587483000, "totalCurrentAssets": 7604239000, "longTermInvestments": 316688000, "propertyPlantEquipment": 346066000, "goodWill": 14691000, "intangibleAssets": 79504000, "otherAssets": 1130292000, "deferredLongTermAssetCharges": 196369000, "totalAssets": 9491480000, "accountsPayable": 743867000, "otherCurrentLiab": 96282000, "longTermDebt": 833000, "otherLiab": 1792000, "minorityInterest": -39281000, "totalCurrentLiabilities": 992871000, "totalLiab": 995496000, "commonStock": 202261000, "retainedEarnings": 1451425000, "treasuryStock": 6645000, "capitalSurplus": 6874934000, "otherStockholderEquity": 6645000, "totalStockholderEquity": 8535265000, "netTangibleAssets": 8441070000}, {"maxAge": 1, "endDate": "2017-03-31", "cash": 159203000, "netReceivables": 1046575000, "inventory": 983097000, "otherCurrentAssets": 841972000, "totalCurrentAssets": 4622904000, "longTermInvestments": 403743000, "propertyPlantEquipment": 453479000, "goodWill": 14691000, "intangibleAssets": 1030000, "otherAssets": 856704000, "deferredLongTermAssetCharges": 91217000, "totalAssets": 6352551000, "accountsPayable": 719048000, "otherCurrentLiab": 365661000, "longTermDebt": 638000, "otherLiab": 72134000, "minorityInterest": -31062000, "totalCurrentLiabilities": 1238680000, "totalLiab": 1311452000, "commonStock": 151861000, "retainedEarnings": 1958017000, "treasuryStock": 4362000, "capitalSurplus": 2957921000, "otherStockholderEquity": 4362000, "totalStockholderEquity": 5072161000, "netTangibleAssets": 5056440000}], "maxAge": 86400}, "earningsTrend": {"trend": [{"maxAge": 1, "period": "0q", "endDate": null, "growth": {}, "earningsEstimate": {"avg": 0.0, "low": 0.0, "high": 0.0, "yearAgoEps": {}, "numberOfAnalysts": 0, "growth": {}}, "revenueEstimate": {"avg": 0, "low": 0, "high": 0, "numberOfAnalysts": 0, "yearAgoRevenue": {}, "growth": {}}, "epsTrend": {"current": 0.0, "7daysAgo": 0.0, "30daysAgo": 0.0, "60daysAgo": 0.0, "90daysAgo": 0.0}, "epsRevisions": {"upLast7days": 0, "upLast30days": 0, "downLast30days": 0, "downLast90days": {}}}, {"maxAge": 1, "period": "+1q", "endDate": null, "growth": {}, "earningsEstimate": {"avg": 0.0, "low": 0.0, "high": 0.0, "yearAgoEps": {}, "numberOfAnalysts": 0, "growth": {}}, "revenueEstimate": {"avg": 0, "low": 0, "high": 0, "numberOfAnalysts": 0, "yearAgoRevenue": {}, "growth": {}}, "epsTrend": {"current": 0.0, "7daysAgo": 0.0, "30daysAgo": 0.0, "60daysAgo": 0.0, "90daysAgo": 0.0}, "epsRevisions": {"upLast7days": 0, "upLast30days": 0, "downLast30days": 0, "downLast90days": {}}}, {"maxAge": 1, "period": "0y", "endDate": null, "growth": {}, "earningsEstimate": {"avg": 0.0, "low": 0.0, "high": 0.0, "yearAgoEps": {}, "numberOfAnalysts": 0, "growth": {}}, "revenueEstimate": {"avg": 0, "low": 0, "high": 0, "numberOfAnalysts": 0, "yearAgoRevenue": {}, "growth": {}}, "epsTrend": {"current": 0.0, "7daysAgo": 0.0, "30daysAgo": 0.0, "60daysAgo": 0.0, "90daysAgo": 0.0}, "epsRevisions": {"upLast7days": 0, "upLast30days": 0, "downLast30days": 0, "downLast90days": {}}}, {"maxAge": 1, "period": "+1y", "endDate": null, "growth": {}, "earningsEstimate": {"avg": 0.0, "low": 0.0, "high": 0.0, "yearAgoEps": {}, "numberOfAnalysts": 0, "growth": {}}, "revenueEstimate": {"avg": 0, "low": 0, "high": 0, "numberOfAnalysts": 0, "yearAgoRevenue": {}, "growth": {}}, "epsTrend": {"current": 0.0, "7daysAgo": 0.0, "30daysAgo": 0.0, "60daysAgo": 0.0, "90daysAgo": 0.0}, "epsRevisions": {"upLast7days": 0, "upLast30days": 0, "downLast30days": 0, "downLast90days": {}}}, {"maxAge": 1, "period": "+5y", "endDate": null, "growth": {}, "earningsEstimate": {"avg": {}, "low": {}, "high": {}, "yearAgoEps": {}, "numberOfAnalysts": {}, "growth": {}}, "revenueEstimate": {"avg": {}, "low": {}, "high": {}, "numberOfAnalysts": {}, "yearAgoRevenue": {}, "growth": {}}, "epsTrend": {"current": {}, "7daysAgo": {}, "30daysAgo": {}, "60daysAgo": {}, "90daysAgo": {}}, "epsRevisions": {"upLast7days": {}, "upLast30days": {}, "downLast30days": {}, "downLast90days": {}}}, {"maxAge": 1, "period": "-5y", "endDate": null, "growth": {}, "earningsEstimate": {"avg": {}, "low": {}, "high": {}, "yearAgoEps": {}, "numberOfAnalysts": {}, "growth": {}}, "revenueEstimate": {"avg": {}, "low": {}, "high": {}, "numberOfAnalysts": {}, "yearAgoRevenue": {}, "growth": {}}, "epsTrend": {"current": {}, "7daysAgo": {}, "30daysAgo": {}, "60daysAgo": {}, "90daysAgo": {}}, "epsRevisions": {"upLast7days": {}, "upLast30days": {}, "downLast30days": {}, "downLast90days": {}}}], "maxAge": 1}, "financialData": {"maxAge": 86400, "currentPrice": 56.9, "targetHighPrice": 150.0, "targetLowPrice": 150.0, "targetMeanPrice": 150.0, "targetMedianPrice": 150.0, "recommendationKey": "none", "numberOfAnalystOpinions": 1, "grossProfits": 1551915000, "financialCurrency": "INR"}}}