{"BALAMINES.BO": {"recommendationTrend": {"trend": [{"period": "0m", "strongBuy": 0, "buy": 0, "hold": 0, "sell": 0, "strongSell": 0}, {"period": "-1m", "strongBuy": 0, "buy": 0, "hold": 0, "sell": 0, "strongSell": 0}, {"period": "-2m", "strongBuy": 0, "buy": 0, "hold": 0, "sell": 0, "strongSell": 0}, {"period": "-3m", "strongBuy": 0, "buy": 0, "hold": 0, "sell": 0, "strongSell": 0}], "maxAge": 86400}, "cashflowStatementHistory": {"cashflowStatements": [{"maxAge": 1, "endDate": "2020-03-31", "netIncome": 1047975269, "depreciation": 316229837, "changeToNetincome": -73265657, "changeToAccountReceivables": -571926674, "changeToLiabilities": 0, "changeToInventory": 527107008, "changeToOperatingActivities": -137709236, "totalCashFromOperatingActivities": 1240793592, "capitalExpenditures": -601357491, "investments": -483850142, "otherCashflowsFromInvestingActivities": -200492799, "totalCashflowsFromInvestingActivities": -1284832981, "dividendsPaid": -174965400, "netBorrowings": 383848332, "otherCashflowsFromFinancingActivities": -280720579, "totalCashFromFinancingActivities": -71837647, "changeInCash": -115877036}, {"maxAge": 1, "endDate": "2019-03-31", "netIncome": 1175330157, "depreciation": 195538589, "changeToNetincome": 66093583, "changeToAccountReceivables": 54594563, "changeToLiabilities": 0, "changeToInventory": -740550846, "changeToOperatingActivities": 182661617, "totalCashFromOperatingActivities": 942129863, "capitalExpenditures": -1697945236, "investments": -1839489, "otherCashflowsFromInvestingActivities": 510705157, "totalCashflowsFromInvestingActivities": -1186861689, "dividendsPaid": -84242600, "netBorrowings": 434846530, "otherCashflowsFromFinancingActivities": -143526763, "totalCashFromFinancingActivities": 207077167, "changeInCash": -37654659}, {"maxAge": 1, "endDate": "2018-03-31", "netIncome": 1131810040, "depreciation": 192879289, "changeToNetincome": 146238233, "changeToAccountReceivables": -483900620, "changeToLiabilities": 0, "changeToInventory": 98837603, "changeToOperatingActivities": 454316789, "totalCashFromOperatingActivities": 1399798100, "capitalExpenditures": -1107458577, "investments": -12772798, "otherCashflowsFromInvestingActivities": -436809708, "totalCashflowsFromInvestingActivities": -1348700915, "dividendsPaid": -71282200, "netBorrowings": 258834173, "otherCashflowsFromFinancingActivities": -31907867, "totalCashFromFinancingActivities": 155644106, "changeInCash": 206741291}, {"maxAge": 1, "endDate": "2017-03-31", "netIncome": 823517774, "depreciation": 197119172, "changeToNetincome": 248990102, "changeToAccountReceivables": 550318, "changeToLiabilities": 0, "changeToInventory": -209495313, "changeToOperatingActivities": -276087784, "totalCashFromOperatingActivities": 604567135, "capitalExpenditures": -136437396, "investments": -2199910, "otherCashflowsFromInvestingActivities": 30979952, "totalCashflowsFromInvestingActivities": -103211652, "dividendsPaid": -64802000, "netBorrowings": -292347171, "otherCashflowsFromFinancingActivities": -194987234, "totalCashFromFinancingActivities": -552136405, "changeInCash": -50780922}], "maxAge": 86400}, "institutionOwnership": {"maxAge": 1, "ownershipList": []}, "balanceSheetHistoryQuarterly": {"balanceSheetStatements": [{"maxAge": 1, "endDate": "2020-06-30", "totalStockholderEquity": 6581413476, "netTangibleAssets": 6581413476}, {"maxAge": 1, "endDate": "2020-03-31", "cash": 43077783, "shortTermInvestments": 475010000, "netReceivables": 2539329325, "inventory": 1104414720, "otherCurrentAssets": 460624782, "totalCurrentAssets": 4622456610, "propertyPlantEquipment": 6176322741, "otherAssets": 332253186, "totalAssets": 11131032537, "accountsPayable": 593621824, "shortLongTermDebt": 189219186, "otherCurrentLiab": 400000000, "longTermDebt": 1199084476, "otherLiab": 604865246, "deferredLongTermLiab": 4351378, "minorityInterest": 102280171, "totalCurrentLiabilities": 2643389168, "totalLiab": 4447338890, "commonStock": 64802000, "retainedEarnings": 6429239971, "treasuryStock": 30410505, "capitalSurplus": 56961000, "otherStockholderEquity": 30410505, "totalStockholderEquity": 6581413476, "netTangibleAssets": 6581413476}, {"maxAge": 1, "endDate": "2019-12-31", "totalStockholderEquity": 6140739000, "netTangibleAssets": 6140739000}, {"maxAge": 1, "endDate": "2019-09-30", "cash": 73636000, "netReceivables": 1771293000, "inventory": 1213312000, "otherCurrentAssets": 741296000, "totalCurrentAssets": 3799537000, "propertyPlantEquipment": 6056520000, "otherAssets": 103077000, "deferredLongTermAssetCharges": 20386000, "totalAssets": 9959134000, "accountsPayable": 258337000, "shortLongTermDebt": 186323000, "otherCurrentLiab": 174558000, "longTermDebt": 782416000, "otherLiab": 645452000, "minorityInterest": 142031000, "totalCurrentLiabilities": 2248496000, "totalLiab": 3676364000, "commonStock": 64802000, "treasuryStock": 6075937000, "otherStockholderEquity": 6075937000, "totalStockholderEquity": 6140739000, "netTangibleAssets": 6140739000}], "maxAge": 86400}, "earningsHistory": {"history": [{"maxAge": 1, "epsActual": {}, "epsEstimate": {}, "epsDifference": {}, "surprisePercent": {}, "quarter": {}, "period": "-4q"}, {"maxAge": 1, "epsActual": {}, "epsEstimate": {}, "epsDifference": {}, "surprisePercent": {}, "quarter": {}, "period": "-3q"}, {"maxAge": 1, "epsActual": {}, "epsEstimate": {}, "epsDifference": {}, "surprisePercent": {}, "quarter": {}, "period": "-2q"}, {"maxAge": 1, "epsActual": 8.33, "epsEstimate": 9.53, "epsDifference": -1.2, "surprisePercent": -0.126, "quarter": "2018-09-30", "period": "-1q"}], "maxAge": 86400}, "indexTrend": {"maxAge": 1, "symbol": "SP5", "peRatio": 19.7411, "pegRatio": 1.34172, "estimates": [{"period": "0q", "growth": 0.549}, {"period": "+1q", "growth": 0.431}, {"period": "0y", "growth": 0.305}, {"period": "+1y", "growth": 0.109}, {"period": "+5y", "growth": 0.120865}, {"period": "-5y"}]}, "industryTrend": {"maxAge": 1, "symbol": null, "estimates": []}, "insiderTransactions": {"transactions": [{"maxAge": 1, "shares": 9500, "filerUrl": "", "transactionText": "", "filerName": "Reddy (Srinivas A)", "filerRelation": "Wholetime Director", "moneyText": "", "startDate": "2020-03-31", "ownership": "D"}, {"maxAge": 1, "shares": 5800, "filerUrl": "", "transactionText": "", "filerName": "Reddy (Srinivas A)", "filerRelation": "Wholetime Director", "moneyText": "", "startDate": "2020-02-25", "ownership": "D"}, {"maxAge": 1, "shares": 710, "filerUrl": "", "transactionText": "", "filerName": "Reddy (Srinivas A)", "filerRelation": "Wholetime Director", "moneyText": "", "startDate": "2020-02-05", "ownership": "D"}, {"maxAge": 1, "shares": 2480, "filerUrl": "", "transactionText": "", "filerName": "Reddy (Srinivas A)", "filerRelation": "Wholetime Director", "moneyText": "", "startDate": "2020-02-04", "ownership": "D"}, {"maxAge": 1, "shares": 739, "filerUrl": "", "transactionText": "", "filerName": "Devi (Shakunthala A)", "filerRelation": "Promoter", "moneyText": "", "startDate": "2019-12-12", "ownership": "D"}, {"maxAge": 1, "shares": 3060, "filerUrl": "", "transactionText": "", "filerName": "Devi (Shakunthala A)", "filerRelation": "Promoter", "moneyText": "", "startDate": "2019-12-11", "ownership": "D"}, {"maxAge": 1, "shares": 1425, "filerUrl": "", "transactionText": "", "filerName": "Reddy (Srinivas A)", "filerRelation": "Director", "moneyText": "", "startDate": "2019-12-02", "ownership": "D"}, {"maxAge": 1, "shares": 2725, "filerUrl": "", "transactionText": "", "filerName": "Reddy (Srinivas A)", "filerRelation": "Director", "moneyText": "", "startDate": "2019-11-29", "ownership": "D"}, {"maxAge": 1, "shares": 2620, "filerUrl": "", "transactionText": "", "filerName": "Reddy (Srinivas A)", "filerRelation": "Wholetime Director", "moneyText": "", "startDate": "2019-11-27", "ownership": "D"}, {"maxAge": 1, "shares": 7100, "filerUrl": "", "transactionText": "", "filerName": "Reddy (Srinivas A)", "filerRelation": "Wholetime Director", "moneyText": "", "startDate": "2019-09-23", "ownership": "D"}, {"maxAge": 1, "shares": 663, "filerUrl": "", "transactionText": "", "filerName": "Reddy (Srinivas A)", "filerRelation": "Wholetime Director", "moneyText": "", "startDate": "2019-09-16", "ownership": "D"}, {"maxAge": 1, "shares": 965, "filerUrl": "", "transactionText": "", "filerName": "Reddy (Srinivas A)", "filerRelation": "Wholetime Director", "moneyText": "", "startDate": "2019-09-13", "ownership": "D"}, {"maxAge": 1, "shares": 1015, "filerUrl": "", "transactionText": "", "filerName": "Reddy (Srinivas A)", "filerRelation": "Wholetime Director", "moneyText": "", "startDate": "2019-09-12", "ownership": "D"}, {"maxAge": 1, "shares": 1070, "filerUrl": "", "transactionText": "", "filerName": "Reddy (Srinivas A)", "filerRelation": "Wholetime Director", "moneyText": "", "startDate": "2019-09-11", "ownership": "D"}, {"maxAge": 1, "shares": 4963, "filerUrl": "", "transactionText": "", "filerName": "Reddy (Srinivas A)", "filerRelation": "Wholetime Director", "moneyText": "", "startDate": "2019-09-09", "ownership": "D"}, {"maxAge": 1, "shares": 3700, "filerUrl": "", "transactionText": "", "filerName": "Reddy (Eeshan n)", "filerRelation": "Promoter", "moneyText": "", "startDate": "2019-08-21", "ownership": "D"}, {"maxAge": 1, "shares": 2000, "filerUrl": "", "transactionText": "", "filerName": "Reddy (Eeshan n)", "filerRelation": "Promoter", "moneyText": "", "startDate": "2019-08-19", "ownership": "D"}, {"maxAge": 1, "shares": 3696, "filerUrl": "", "transactionText": "", "filerName": "Reddy (Srinivas A)", "filerRelation": "Director", "moneyText": "", "startDate": "2019-08-13", "ownership": "D"}, {"maxAge": 1, "shares": 2250, "filerUrl": "", "transactionText": "", "filerName": "Dundurapu (Vanadana)", "filerRelation": "Promoter", "moneyText": "", "startDate": "2019-07-30", "ownership": "D"}, {"maxAge": 1, "shares": 12200, "filerUrl": "", "transactionText": "", "filerName": "Reddy (Eeshan n)", "filerRelation": "UNREPORTED", "moneyText": "", "startDate": "2019-07-30", "ownership": "D"}, {"maxAge": 1, "shares": 4750, "filerUrl": "", "transactionText": "", "filerName": "Mallareddy (Ram D)", "filerRelation": "Promoter", "moneyText": "", "startDate": "2019-06-12", "ownership": "D"}, {"maxAge": 1, "shares": 3000, "filerUrl": "", "transactionText": "", "filerName": "Mallareddy (Ram D)", "filerRelation": "Promoter", "moneyText": "", "startDate": "2019-06-11", "ownership": "D"}], "maxAge": 1}, "quoteType": {"exchange": "BSE", "quoteType": "EQUITY", "symbol": "BALAMINES.BO", "underlyingSymbol": "BALAMINES.BO", "shortName": "BALAJI AMINES LTD.", "longName": "Balaji Amines Limited", "firstTradeDateEpochUtc": "2002-04-11 09:15:00", "timeZoneFullName": "Asia/Kolkata", "timeZoneShortName": "IST", "uuid": "1b80b7ed-649b-3145-b5d6-32066cb9c9c4", "messageBoardId": null, "gmtOffSetMilliseconds": 19800000, "maxAge": 1}, "incomeStatementHistory": {"incomeStatementHistory": [{"maxAge": 1, "endDate": "2020-03-31", "totalRevenue": 9395250693, "costOfRevenue": 5217740484, "grossProfit": 4177510209, "researchDevelopment": {}, "sellingGeneralAdministrative": 387513430, "nonRecurring": {}, "otherOperatingExpenses": 1975071492, "totalOperatingExpenses": 7896555243, "operatingIncome": 1498695450, "totalOtherIncomeExpenseNet": -187659396, "ebit": 1498695450, "interestExpense": -203079671, "incomeBeforeTax": 1311036054, "incomeTaxExpense": 336333352, "minorityInterest": 102280171, "netIncomeFromContinuingOps": 974702702, "discontinuedOperations": {}, "extraordinaryItems": {}, "effectOfAccountingCharges": {}, "otherItems": {}, "netIncome": 1047975269, "netIncomeApplicableToCommonShares": 1047975269}, {"maxAge": 1, "endDate": "2019-03-31", "totalRevenue": 9468361062, "costOfRevenue": 5236699848, "grossProfit": 4231661214, "researchDevelopment": {}, "sellingGeneralAdministrative": 331560161, "nonRecurring": {}, "otherOperatingExpenses": 1946000426, "totalOperatingExpenses": 7709799024, "operatingIncome": 1758562038, "totalOtherIncomeExpenseNet": -108007983, "ebit": 1758562038, "interestExpense": -109253380, "incomeBeforeTax": 1650554055, "incomeTaxExpense": 479668782, "minorityInterest": 175555115, "netIncomeFromContinuingOps": 1170885273, "discontinuedOperations": {}, "extraordinaryItems": {}, "effectOfAccountingCharges": {}, "otherItems": {}, "netIncome": 1175330157, "netIncomeApplicableToCommonShares": 1175330157}, {"maxAge": 1, "endDate": "2018-03-31", "totalRevenue": 8644482058, "costOfRevenue": 4689065110, "grossProfit": 3955416948, "researchDevelopment": {}, "sellingGeneralAdministrative": 296359363, "nonRecurring": {}, "otherOperatingExpenses": 1801808872, "totalOperatingExpenses": 6980112634, "operatingIncome": 1664369424, "totalOtherIncomeExpenseNet": -5985334, "ebit": 1664369424, "interestExpense": -66644536, "incomeBeforeTax": 1658384090, "incomeTaxExpense": 526574050, "minorityInterest": 180000000, "netIncomeFromContinuingOps": 1131810040, "discontinuedOperations": {}, "extraordinaryItems": {}, "effectOfAccountingCharges": {}, "otherItems": {}, "netIncome": 1131810040, "netIncomeApplicableToCommonShares": 1131810040}, {"maxAge": 1, "endDate": "2017-03-31", "totalRevenue": 6729672328, "costOfRevenue": 3496730472, "grossProfit": 3232941856, "researchDevelopment": {}, "sellingGeneralAdministrative": 265792333, "nonRecurring": {}, "otherOperatingExpenses": 1449894934, "totalOperatingExpenses": 5409536911, "operatingIncome": 1320135417, "totalOtherIncomeExpenseNet": -63177135, "ebit": 1320135417, "interestExpense": -99971824, "incomeBeforeTax": 1256958282, "incomeTaxExpense": 433440508, "minorityInterest": 180000000, "netIncomeFromContinuingOps": 823517774, "discontinuedOperations": {}, "extraordinaryItems": {}, "effectOfAccountingCharges": {}, "otherItems": {}, "netIncome": 823517774, "netIncomeApplicableToCommonShares": 823517774}], "maxAge": 86400}, "fundOwnership": {"maxAge": 1, "ownershipList": [{"maxAge": 1, "reportDate": "2020-07-31", "organization": "DFA Emerging Markets Core Equity Portfolio", "pctHeld": 0.0032, "position": 104011, "value": 59145855}, {"maxAge": 1, "reportDate": "2020-07-31", "organization": "DFA Emerging Markets Small Cap Series", "pctHeld": 0.002, "position": 64754, "value": 36822362}, {"maxAge": 1, "reportDate": "2020-07-31", "organization": "DFA Investment Dimensions-Emerging Markets Social Core Equity", "pctHeld": 0.0002, "position": 6470, "value": 3679165}, {"maxAge": 1, "reportDate": "2020-07-31", "organization": "DFA Investment Dimensions-World Ex U.S. Core Equity Port", "pctHeld": 0.0001, "position": 4219, "value": 2399134}, {"maxAge": 1, "reportDate": "2020-07-31", "organization": "DFA T.A. World Ex U.S. Core Equity Portfolio", "pctHeld": 0.0001, "position": 3847, "value": 2187596}]}, "summaryDetail": {"maxAge": 1, "priceHint": 2, "previousClose": 2532.7, "open": 2525.0, "dayLow": 2462.7, "dayHigh": 2664.0, "regularMarketPreviousClose": 2532.7, "regularMarketOpen": 2525.0, "regularMarketDayLow": 2462.7, "regularMarketDayHigh": 2664.0, "trailingPE": 70.151596, "forwardPE": 58.575947, "volume": 35226, "regularMarketVolume": 35226, "averageVolume": 22969, "averageVolume10days": 16870, "averageDailyVolume10Day": 16870, "bid": 2589.85, "ask": 2610.0, "bidSize": 0, "askSize": 0, "marketCap": 83963944960, "fiftyTwoWeekLow": 204.1, "fiftyTwoWeekHigh": 2664.0, "fiftyDayAverage": 1271.3815, "twoHundredDayAverage": 971.6726, "trailingAnnualDividendRate": 3.2, "trailingAnnualDividendYield": 0.0012634738, "currency": "INR", "fromCurrency": null, "toCurrency": null, "lastMarket": null, "algorithm": null, "tradeable": false}, "sectorTrend": {"maxAge": 1, "symbol": null, "estimates": []}, "incomeStatementHistoryQuarterly": {"incomeStatementHistory": [{"maxAge": 1, "endDate": "2020-06-30", "totalRevenue": 2241858000, "costOfRevenue": 1183494000, "grossProfit": 1058364000, "researchDevelopment": {}, "sellingGeneralAdministrative": 112208000, "nonRecurring": {}, "otherOperatingExpenses": 401113000, "totalOperatingExpenses": 1776160000, "operatingIncome": 465698000, "totalOtherIncomeExpenseNet": -43162000, "ebit": 465698000, "interestExpense": -43161000, "incomeBeforeTax": 422536000, "incomeTaxExpense": 106728000, "minorityInterest": {}, "netIncomeFromContinuingOps": 315808000, "discontinuedOperations": {}, "extraordinaryItems": {}, "effectOfAccountingCharges": {}, "otherItems": {}, "netIncome": 329633000, "netIncomeApplicableToCommonShares": 329633000}, {"maxAge": 1, "endDate": "2020-03-31", "totalRevenue": 2583225693, "costOfRevenue": 1451795484, "grossProfit": 1131430209, "researchDevelopment": {}, "sellingGeneralAdministrative": 16517430, "nonRecurring": {}, "otherOperatingExpenses": 585711492, "totalOperatingExpenses": 2155251243, "operatingIncome": 427974450, "totalOtherIncomeExpenseNet": -20273396, "ebit": 427974450, "interestExpense": -35693671, "incomeBeforeTax": 407701054, "incomeTaxExpense": 112108352, "minorityInterest": 102280171, "netIncomeFromContinuingOps": 295592702, "discontinuedOperations": {}, "extraordinaryItems": {}, "effectOfAccountingCharges": {}, "otherItems": {}, "netIncome": 308152269, "netIncomeApplicableToCommonShares": 308152269}, {"maxAge": 1, "endDate": "2019-12-31", "totalRevenue": 2281039000, "costOfRevenue": 1218029000, "grossProfit": 1063010000, "researchDevelopment": {}, "sellingGeneralAdministrative": 144375000, "nonRecurring": {}, "otherOperatingExpenses": 484370000, "totalOperatingExpenses": 1926414000, "operatingIncome": 354625000, "totalOtherIncomeExpenseNet": -63132000, "ebit": 354625000, "interestExpense": -63132000, "incomeBeforeTax": 291493000, "incomeTaxExpense": 84595000, "minorityInterest": 102280171, "netIncomeFromContinuingOps": 206898000, "discontinuedOperations": {}, "extraordinaryItems": {}, "effectOfAccountingCharges": {}, "otherItems": {}, "netIncome": 234087000, "netIncomeApplicableToCommonShares": 234087000}, {"maxAge": 1, "endDate": "2019-09-30", "totalRevenue": 2287156000, "costOfRevenue": 1245682000, "grossProfit": 1041474000, "researchDevelopment": {}, "sellingGeneralAdministrative": 118809000, "nonRecurring": {}, "otherOperatingExpenses": 460377000, "totalOperatingExpenses": 1903109000, "operatingIncome": 384047000, "totalOtherIncomeExpenseNet": -71749000, "ebit": 384047000, "interestExpense": -71749000, "incomeBeforeTax": 312298000, "incomeTaxExpense": 24881000, "minorityInterest": 142031000, "netIncomeFromContinuingOps": 287417000, "discontinuedOperations": {}, "extraordinaryItems": {}, "effectOfAccountingCharges": {}, "otherItems": {}, "netIncome": 314271000, "netIncomeApplicableToCommonShares": 314271000}], "maxAge": 86400}, "cashflowStatementHistoryQuarterly": {"cashflowStatements": [{"maxAge": 1, "endDate": "2020-06-30", "netIncome": 329633000, "changeToLiabilities": 0}, {"maxAge": 1, "endDate": "2020-03-31", "netIncome": 308152269, "changeToLiabilities": 0}, {"maxAge": 1, "endDate": "2019-12-31", "netIncome": 234087000, "changeToLiabilities": 0}, {"maxAge": 1, "endDate": "2019-09-30", "netIncome": 314271000, "changeToLiabilities": 0}], "maxAge": 86400}, "insiderHolders": {"holders": [{"maxAge": 1, "name": "Devi (Shakunthala A)", "relation": "Promoter", "url": "", "transactionDescription": "Acquisition", "latestTransDate": "2019-12-12", "positionDirect": 1963049, "positionDirectDate": "2019-12-12"}, {"maxAge": 1, "name": "Dundurapu (Vanadana)", "relation": "Promoter", "url": "", "transactionDescription": "Purchase", "latestTransDate": "2019-07-30", "positionDirect": 230269, "positionDirectDate": "2019-07-30"}, {"maxAge": 1, "name": "Mallareddy (Ram D)", "relation": "Promoter", "url": "", "transactionDescription": "Sale", "latestTransDate": "2019-06-12", "positionDirect": 474655, "positionDirectDate": "2019-06-12"}, {"maxAge": 1, "name": "Reddy (Eeshan n)", "relation": "Promoter", "url": "", "transactionDescription": "Acquisition", "latestTransDate": "2019-08-21", "positionDirect": 117400, "positionDirectDate": "2019-08-21"}, {"maxAge": 1, "name": "Reddy (Srinivas A)", "relation": "Wholetime Director", "url": "", "transactionDescription": "Acquisition", "latestTransDate": "2020-03-31", "positionDirect": 1693647, "positionDirectDate": "2020-03-31"}], "maxAge": 1}, "earnings": {"maxAge": 86400, "earningsChart": {"quarterly": [{"date": "3Q2018", "actual": 8.33, "estimate": 9.53}], "currentQuarterEstimateDate": "4Q", "currentQuarterEstimateYear": 2018, "earningsDate": []}, "financialsChart": {"yearly": [{"date": 2017, "revenue": 6729672328, "earnings": 823517774}, {"date": 2018, "revenue": 8644482058, "earnings": 1131810040}, {"date": 2019, "revenue": 9468361062, "earnings": 1175330157}, {"date": 2020, "revenue": 9395250693, "earnings": 1047975269}], "quarterly": [{"date": "3Q2019", "revenue": 2287156000, "earnings": 314271000}, {"date": "4Q2019", "revenue": 2281039000, "earnings": 234087000}, {"date": "1Q2020", "revenue": 2583225693, "earnings": 308152269}, {"date": "2Q2020", "revenue": 2241858000, "earnings": 329633000}]}, "financialCurrency": "INR"}, "calendarEvents": {"maxAge": 1, "earnings": {"earningsDate": []}}, "price": {"maxAge": 1, "regularMarketChangePercent": 0.023176827, "regularMarketChange": 58.69995, "regularMarketTime": "2021-04-30 15:29:54", "priceHint": 2, "regularMarketPrice": 2591.4, "regularMarketDayHigh": 2664.0, "regularMarketDayLow": 2462.7, "regularMarketVolume": 35226, "averageDailyVolume10Day": 16870, "averageDailyVolume3Month": 22969, "regularMarketPreviousClose": 2532.7, "regularMarketSource": "FREE_REALTIME", "regularMarketOpen": 2525.0, "exchange": "BSE", "exchangeName": "BSE", "exchangeDataDelayedBy": 0, "marketState": "CLOSED", "quoteType": "EQUITY", "symbol": "BALAMINES.BO", "underlyingSymbol": null, "shortName": "BALAJI AMINES LTD.", "longName": "Balaji Amines Limited", "currency": "INR", "quoteSourceName": "Delayed Quote", "currencySymbol": "\u20b9", "fromCurrency": null, "toCurrency": null, "lastMarket": null, "marketCap": 83963944960}, "balanceSheetHistory": {"balanceSheetStatements": [{"maxAge": 1, "endDate": "2020-03-31", "cash": 43077783, "shortTermInvestments": 475010000, "netReceivables": 2539329325, "inventory": 1104414720, "otherCurrentAssets": 460624782, "totalCurrentAssets": 4622456610, "propertyPlantEquipment": 6176322741, "otherAssets": 332253186, "totalAssets": 11131032537, "accountsPayable": 593621824, "shortLongTermDebt": 189219186, "otherCurrentLiab": 400000000, "longTermDebt": 1199084476, "otherLiab": 604865246, "deferredLongTermLiab": 4351378, "minorityInterest": 102280171, "totalCurrentLiabilities": 2643389168, "totalLiab": 4447338890, "commonStock": 64802000, "retainedEarnings": 6429239971, "treasuryStock": 30410505, "capitalSurplus": 56961000, "otherStockholderEquity": 30410505, "totalStockholderEquity": 6581413476, "netTangibleAssets": 6581413476}, {"maxAge": 1, "endDate": "2019-03-31", "cash": 144833555, "shortTermInvestments": 5000, "netReceivables": 2253326399, "inventory": 1631521728, "otherCurrentAssets": 464360080, "totalCurrentAssets": 4494046762, "propertyPlantEquipment": 5892062539, "otherAssets": 72777859, "totalAssets": 10458887160, "accountsPayable": 850502616, "shortLongTermDebt": 371611959, "otherCurrentLiab": 560000000, "longTermDebt": 833320085, "otherLiab": 621187727, "deferredLongTermLiab": 5372022, "minorityInterest": 175555115, "totalCurrentLiabilities": 3084253142, "totalLiab": 4538760954, "commonStock": 64802000, "retainedEarnings": 5592397586, "treasuryStock": 30410505, "capitalSurplus": 56961000, "otherStockholderEquity": 30410505, "totalStockholderEquity": 5744571091, "netTangibleAssets": 5744571091}, {"maxAge": 1, "endDate": "2018-03-31", "cash": 22146025, "shortTermInvestments": 50000, "netReceivables": 2271566335, "inventory": 890970882, "otherCurrentAssets": 360355823, "totalCurrentAssets": 3547237185, "propertyPlantEquipment": 4391873770, "otherAssets": 539330151, "totalAssets": 8478441106, "accountsPayable": 706319406, "shortLongTermDebt": 99529339, "otherCurrentLiab": 532720000, "longTermDebt": 424884312, "otherLiab": 635625089, "deferredLongTermLiab": 5371422, "minorityInterest": 180000000, "totalCurrentLiabilities": 2567296372, "totalLiab": 3627805773, "commonStock": 64802000, "retainedEarnings": 4518461828, "treasuryStock": 30410505, "capitalSurplus": 56961000, "otherStockholderEquity": 30410505, "totalStockholderEquity": 4670635333, "netTangibleAssets": 4670635333}, {"maxAge": 1, "endDate": "2017-03-31", "cash": 14799627, "shortTermInvestments": 150000, "netReceivables": 1651043731, "inventory": 989808485, "otherCurrentAssets": 130182875, "totalCurrentAssets": 2795604769, "propertyPlantEquipment": 3505634649, "otherAssets": 48910978, "totalAssets": 6350150396, "accountsPayable": 475474786, "shortLongTermDebt": 221445352, "otherCurrentLiab": 430000000, "longTermDebt": 168149982, "otherLiab": 566445112, "totalCurrentLiabilities": 1990934709, "totalLiab": 2725529803, "commonStock": 64802000, "retainedEarnings": 3472447088, "treasuryStock": 30410505, "capitalSurplus": 56961000, "otherStockholderEquity": 30410505, "totalStockholderEquity": 3624620593, "netTangibleAssets": 3624620593}], "maxAge": 86400}, "earningsTrend": {"trend": [{"maxAge": 1, "period": "0q", "endDate": "2018-12-31", "growth": {}, "earningsEstimate": {"avg": 0.0, "low": 0.0, "high": 0.0, "yearAgoEps": {}, "numberOfAnalysts": 0, "growth": {}}, "revenueEstimate": {"avg": 0, "low": 0, "high": 0, "numberOfAnalysts": 0, "yearAgoRevenue": {}, "growth": {}}, "epsTrend": {"current": 0.0, "7daysAgo": 0.0, "30daysAgo": 0.0, "60daysAgo": 0.0, "90daysAgo": 0.0}, "epsRevisions": {"upLast7days": 0, "upLast30days": 0, "downLast30days": 0, "downLast90days": {}}}, {"maxAge": 1, "period": "+1q", "endDate": "2019-03-31", "growth": {}, "earningsEstimate": {"avg": 0.0, "low": 0.0, "high": 0.0, "yearAgoEps": {}, "numberOfAnalysts": 0, "growth": {}}, "revenueEstimate": {"avg": 0, "low": 0, "high": 0, "numberOfAnalysts": 0, "yearAgoRevenue": {}, "growth": {}}, "epsTrend": {"current": 0.0, "7daysAgo": 0.0, "30daysAgo": 0.0, "60daysAgo": 0.0, "90daysAgo": 0.0}, "epsRevisions": {"upLast7days": 0, "upLast30days": 0, "downLast30days": 0, "downLast90days": {}}}, {"maxAge": 1, "period": "0y", "endDate": "2019-03-31", "growth": {}, "earningsEstimate": {"avg": 0.0, "low": 0.0, "high": 0.0, "yearAgoEps": {}, "numberOfAnalysts": 0, "growth": {}}, "revenueEstimate": {"avg": 9927520000, "low": 9647040000, "high": 10208000000, "numberOfAnalysts": 2, "yearAgoRevenue": 8770040000, "growth": 0.132}, "epsTrend": {"current": 0.0, "7daysAgo": 39.27, "30daysAgo": 39.27, "60daysAgo": 39.27, "90daysAgo": 39.27}, "epsRevisions": {"upLast7days": 0, "upLast30days": 0, "downLast30days": 0, "downLast90days": {}}}, {"maxAge": 1, "period": "+1y", "endDate": "2020-03-31", "growth": {}, "earningsEstimate": {"avg": 0.0, "low": 0.0, "high": 0.0, "yearAgoEps": {}, "numberOfAnalysts": 0, "growth": {}}, "revenueEstimate": {"avg": 11287100000, "low": 10901200000, "high": 11673000000, "numberOfAnalysts": 2, "yearAgoRevenue": 9927520000, "growth": 0.137}, "epsTrend": {"current": 0.0, "7daysAgo": 44.24, "30daysAgo": 44.24, "60daysAgo": 44.24, "90daysAgo": 44.24}, "epsRevisions": {"upLast7days": 0, "upLast30days": 0, "downLast30days": 0, "downLast90days": {}}}, {"maxAge": 1, "period": "+5y", "endDate": null, "growth": {}, "earningsEstimate": {"avg": {}, "low": {}, "high": {}, "yearAgoEps": {}, "numberOfAnalysts": {}, "growth": {}}, "revenueEstimate": {"avg": {}, "low": {}, "high": {}, "numberOfAnalysts": {}, "yearAgoRevenue": {}, "growth": {}}, "epsTrend": {"current": {}, "7daysAgo": {}, "30daysAgo": {}, "60daysAgo": {}, "90daysAgo": {}}, "epsRevisions": {"upLast7days": {}, "upLast30days": {}, "downLast30days": {}, "downLast90days": {}}}, {"maxAge": 1, "period": "-5y", "endDate": null, "growth": {}, "earningsEstimate": {"avg": {}, "low": {}, "high": {}, "yearAgoEps": {}, "numberOfAnalysts": {}, "growth": {}}, "revenueEstimate": {"avg": {}, "low": {}, "high": {}, "numberOfAnalysts": {}, "yearAgoRevenue": {}, "growth": {}}, "epsTrend": {"current": {}, "7daysAgo": {}, "30daysAgo": {}, "60daysAgo": {}, "90daysAgo": {}}, "epsRevisions": {"upLast7days": {}, "upLast30days": {}, "downLast30days": {}, "downLast90days": {}}}], "maxAge": 1}, "financialData": {"maxAge": 86400, "currentPrice": 2591.4, "targetHighPrice": 763.0, "targetLowPrice": 763.0, "targetMeanPrice": 763.0, "targetMedianPrice": 763.0, "recommendationKey": "none", "numberOfAnalystOpinions": 1, "grossProfits": 4177510209, "financialCurrency": "INR"}}}