{"BALFC.BO": {"recommendationTrend": {"trend": [{"period": "0m", "strongBuy": 0, "buy": 0, "hold": 0, "sell": 0, "strongSell": 0}, {"period": "-1m", "strongBuy": 0, "buy": 0, "hold": 0, "sell": 0, "strongSell": 0}, {"period": "-2m", "strongBuy": 0, "buy": 0, "hold": 0, "sell": 0, "strongSell": 0}, {"period": "-3m", "strongBuy": 0, "buy": 0, "hold": 0, "sell": 0, "strongSell": 0}], "maxAge": 86400}, "cashflowStatementHistory": {"cashflowStatements": [{"maxAge": 1, "endDate": "2020-03-31", "netIncome": 76072671, "depreciation": 3644794, "changeToNetincome": 348946417, "changeToLiabilities": 14383536, "changeToInventory": 297551, "changeToOperatingActivities": -37592783, "totalCashFromOperatingActivities": 400353501, "investments": -23071061, "otherCashflowsFromInvestingActivities": -1, "totalCashflowsFromInvestingActivities": -23041627, "dividendsPaid": -12176087, "netBorrowings": -805813644, "otherCashflowsFromFinancingActivities": -286864967, "totalCashFromFinancingActivities": -382985712, "changeInCash": -5673837, "issuanceOfStock": 721868986}, {"maxAge": 1, "endDate": "2019-03-31", "netIncome": 97119832, "depreciation": 3837841, "changeToNetincome": 298820008, "changeToLiabilities": -8864549, "changeToInventory": 106971, "changeToOperatingActivities": -838216213, "totalCashFromOperatingActivities": -441746564, "capitalExpenditures": -1800365, "investments": -15588910, "otherCashflowsFromInvestingActivities": -1, "totalCashflowsFromInvestingActivities": -17467275, "dividendsPaid": -6088044, "netBorrowings": 744673265, "otherCashflowsFromFinancingActivities": -283919599, "totalCashFromFinancingActivities": 454665622, "changeInCash": -4548217, "issuanceOfStock": 721868986}, {"maxAge": 1, "endDate": "2018-03-31", "netIncome": 56738856, "depreciation": 2529563, "changeToNetincome": 185122985, "changeToLiabilities": 1329550, "changeToInventory": 330036947, "changeToOperatingActivities": -1022540502, "totalCashFromOperatingActivities": -446782604, "capitalExpenditures": -11278728, "investments": -40858788, "otherCashflowsFromInvestingActivities": -1, "totalCashflowsFromInvestingActivities": -52137516, "dividendsPaid": -12156126, "netBorrowings": 706780217, "otherCashflowsFromFinancingActivities": -180098033, "totalCashFromFinancingActivities": 514526058, "changeInCash": 15605936, "issuanceOfStock": 721868986}, {"maxAge": 1, "endDate": "2017-03-31", "netIncome": 39687000, "depreciation": 2529563, "changeToNetincome": 185122985, "changeToLiabilities": 0, "changeToInventory": 330036947, "changeToOperatingActivities": -1022540502, "totalCashFromOperatingActivities": -446782604, "capitalExpenditures": -11278728, "investments": -40858788, "otherCashflowsFromInvestingActivities": -1, "totalCashflowsFromInvestingActivities": -52137516, "dividendsPaid": -12156126, "netBorrowings": 706780217, "otherCashflowsFromFinancingActivities": -180098033, "totalCashFromFinancingActivities": 514526058, "changeInCash": 15605936, "issuanceOfStock": 721868986}], "maxAge": 86400}, "institutionOwnership": {"maxAge": 1, "ownershipList": []}, "balanceSheetHistoryQuarterly": {"balanceSheetStatements": [{"maxAge": 1, "endDate": "2020-06-30", "totalStockholderEquity": 1305517000, "netTangibleAssets": 1304528000}, {"maxAge": 1, "endDate": "2020-03-31", "cash": 22213055, "netReceivables": 3136057781, "otherCurrentAssets": 146378802, "totalCurrentAssets": 3306352958, "longTermInvestments": 33553829, "propertyPlantEquipment": 13142505, "intangibleAssets": 988930, "otherAssets": 51520306, "deferredLongTermAssetCharges": 361927, "totalAssets": 3405558528, "accountsPayable": 23238010, "otherCurrentLiab": 130880873, "longTermDebt": 1492667154, "otherLiab": 4357967, "deferredLongTermLiab": 42684200, "totalCurrentLiabilities": 608288958, "totalLiab": 2105314079, "commonStock": 120068300, "retainedEarnings": 345397953, "treasuryStock": 9372510, "capitalSurplus": 825405686, "otherStockholderEquity": 9372510, "totalStockholderEquity": 1300244449, "netTangibleAssets": 1299255519}, {"maxAge": 1, "endDate": "2019-12-31", "totalStockholderEquity": 1267180000, "netTangibleAssets": 1266276000}, {"maxAge": 1, "endDate": "2019-09-30", "cash": 22590000, "netReceivables": 3258423000, "inventory": 1040000, "otherCurrentAssets": 16144000, "totalCurrentAssets": 3298197000, "longTermInvestments": 295245000, "propertyPlantEquipment": 13076000, "intangibleAssets": 904000, "otherAssets": 186000, "totalAssets": 3607608000, "accountsPayable": 34960000, "otherCurrentLiab": 19510000, "longTermDebt": 2167061000, "otherLiab": 118897000, "totalCurrentLiabilities": 54470000, "totalLiab": 2340428000, "commonStock": 120068000, "treasuryStock": 1147112000, "otherStockholderEquity": 1147112000, "totalStockholderEquity": 1267180000, "netTangibleAssets": 1266276000}], "maxAge": 86400}, "earningsHistory": {"history": [{"maxAge": 1, "epsActual": {}, "epsEstimate": {}, "epsDifference": {}, "surprisePercent": {}, "quarter": {}, "period": "-4q"}, {"maxAge": 1, "epsActual": {}, "epsEstimate": {}, "epsDifference": {}, "surprisePercent": {}, "quarter": {}, "period": "-3q"}, {"maxAge": 1, "epsActual": {}, "epsEstimate": {}, "epsDifference": {}, "surprisePercent": {}, "quarter": {}, "period": "-2q"}, {"maxAge": 1, "epsActual": {}, "epsEstimate": {}, "epsDifference": {}, "surprisePercent": {}, "quarter": {}, "period": "-1q"}], "maxAge": 86400}, "indexTrend": {"maxAge": 1, "symbol": "SP5", "peRatio": 19.7411, "pegRatio": 1.34172, "estimates": [{"period": "0q", "growth": 0.549}, {"period": "+1q", "growth": 0.431}, {"period": "0y", "growth": 0.305}, {"period": "+1y", "growth": 0.109}, {"period": "+5y", "growth": 0.120859005}, {"period": "-5y"}]}, "industryTrend": {"maxAge": 1, "symbol": null, "estimates": []}, "insiderTransactions": {"transactions": [{"maxAge": 1, "shares": 40000, "filerUrl": "", "transactionText": "", "filerName": "Baid (Alpana)", "filerRelation": "Director", "moneyText": "", "startDate": "2019-03-26", "ownership": "D"}, {"maxAge": 1, "shares": 45000, "filerUrl": "", "transactionText": "", "filerName": "Baid (Aditya)", "filerRelation": "Promoter", "moneyText": "", "startDate": "2019-03-14", "ownership": "D"}, {"maxAge": 1, "shares": 50000, "filerUrl": "", "transactionText": "", "filerName": "Baid (Alpana)", "filerRelation": "Director", "moneyText": "", "startDate": "2019-03-11", "ownership": "D"}, {"maxAge": 1, "shares": 25000, "filerUrl": "", "transactionText": "", "filerName": "Baid (Alpana)", "filerRelation": "Director", "moneyText": "", "startDate": "2019-02-27", "ownership": "D"}, {"maxAge": 1, "shares": 25000, "filerUrl": "", "transactionText": "", "filerName": "Baid (Alpana)", "filerRelation": "Director", "moneyText": "", "startDate": "2019-02-12", "ownership": "D"}, {"maxAge": 1, "shares": 30000, "filerUrl": "", "transactionText": "", "filerName": "Baid (Alpana)", "filerRelation": "Director", "moneyText": "", "startDate": "2019-01-22", "ownership": "D"}, {"maxAge": 1, "shares": 30000, "filerUrl": "", "transactionText": "", "filerName": "Baid (Aditya)", "filerRelation": "Promoter", "moneyText": "", "startDate": "2019-01-15", "ownership": "D"}, {"maxAge": 1, "shares": 43950, "filerUrl": "", "transactionText": "", "filerName": "Baid (Alpana)", "filerRelation": "Director", "moneyText": "", "startDate": "2019-01-01", "ownership": "D"}, {"maxAge": 1, "shares": 50000, "filerUrl": "", "transactionText": "", "filerName": "Baid (Aditya)", "filerRelation": "Promoter", "moneyText": "", "startDate": "2018-12-31", "ownership": "D"}], "maxAge": 1}, "quoteType": {"exchange": "BSE", "quoteType": "EQUITY", "symbol": "BALFC.BO", "underlyingSymbol": "BALFC.BO", "shortName": "BAID LEASING AND FINANCE CO.LT", "longName": "Baid Leasing and Finance Co. Ltd.", "firstTradeDateEpochUtc": "2001-07-16 09:15:00", "timeZoneFullName": "Asia/Kolkata", "timeZoneShortName": "IST", "uuid": "2c048588-c06a-372a-b16c-94afe820114b", "messageBoardId": null, "gmtOffSetMilliseconds": 19800000, "maxAge": 1}, "incomeStatementHistory": {"incomeStatementHistory": [{"maxAge": 1, "endDate": "2020-03-31", "totalRevenue": 319229563, "costOfRevenue": 61789177, "grossProfit": 257440386, "researchDevelopment": {}, "sellingGeneralAdministrative": 65118694, "nonRecurring": {}, "otherOperatingExpenses": 56361550, "totalOperatingExpenses": 217627830, "operatingIncome": 101601733, "totalOtherIncomeExpenseNet": 1993640, "ebit": 0, "interestExpense": {}, "incomeBeforeTax": 103595373, "incomeTaxExpense": 27522702, "minorityInterest": {}, "netIncomeFromContinuingOps": 76072671, "discontinuedOperations": {}, "extraordinaryItems": {}, "effectOfAccountingCharges": {}, "otherItems": {}, "netIncome": 76072671, "netIncomeApplicableToCommonShares": 76072671}, {"maxAge": 1, "endDate": "2019-03-31", "totalRevenue": 302813480, "costOfRevenue": 56312220, "grossProfit": 246501260, "researchDevelopment": {}, "sellingGeneralAdministrative": 51309094, "nonRecurring": {}, "otherOperatingExpenses": 65596849, "totalOperatingExpenses": 178175854, "operatingIncome": 124637626, "totalOtherIncomeExpenseNet": 2504460, "ebit": 0, "interestExpense": {}, "incomeBeforeTax": 127142086, "incomeTaxExpense": 30022254, "minorityInterest": {}, "netIncomeFromContinuingOps": 97119832, "discontinuedOperations": {}, "extraordinaryItems": {}, "effectOfAccountingCharges": {}, "otherItems": {}, "netIncome": 97119832, "netIncomeApplicableToCommonShares": 97119832}, {"maxAge": 1, "endDate": "2018-03-31", "totalRevenue": 234689849, "costOfRevenue": 787535, "grossProfit": 233902314, "researchDevelopment": {}, "sellingGeneralAdministrative": 33321950, "nonRecurring": {}, "otherOperatingExpenses": 109496841, "totalOperatingExpenses": 152099819, "operatingIncome": 82590030, "totalOtherIncomeExpenseNet": 123488, "ebit": 0, "interestExpense": {}, "incomeBeforeTax": 82713518, "incomeTaxExpense": 25974662, "minorityInterest": {}, "netIncomeFromContinuingOps": 56738856, "discontinuedOperations": {}, "extraordinaryItems": {}, "effectOfAccountingCharges": {}, "otherItems": {}, "netIncome": 56738856, "netIncomeApplicableToCommonShares": 56738856}, {"maxAge": 1, "endDate": "2017-03-31", "totalRevenue": 174778000, "costOfRevenue": 36133000, "grossProfit": 138645000, "researchDevelopment": {}, "sellingGeneralAdministrative": 31345000, "nonRecurring": {}, "otherOperatingExpenses": 48328000, "totalOperatingExpenses": 117803000, "operatingIncome": 56975000, "totalOtherIncomeExpenseNet": 240000, "ebit": 0, "interestExpense": {}, "incomeBeforeTax": 57215000, "incomeTaxExpense": 17528000, "minorityInterest": {}, "netIncomeFromContinuingOps": 39687000, "discontinuedOperations": {}, "extraordinaryItems": {}, "effectOfAccountingCharges": {}, "otherItems": {}, "netIncome": 39687000, "netIncomeApplicableToCommonShares": 39687000}], "maxAge": 86400}, "fundOwnership": {"maxAge": 1, "ownershipList": []}, "summaryDetail": {"maxAge": 1, "priceHint": 2, "previousClose": 27.95, "open": 26.4, "dayLow": 26.4, "dayHigh": 29.05, "regularMarketPreviousClose": 27.95, "regularMarketOpen": 26.4, "regularMarketDayLow": 26.4, "regularMarketDayHigh": 29.05, "trailingPE": 4.7723675, "volume": 227, "regularMarketVolume": 227, "averageVolume": 1445, "averageVolume10days": 987, "averageDailyVolume10Day": 987, "bid": 27.2, "ask": 28.8, "bidSize": 0, "askSize": 0, "marketCap": 325984608, "fiftyTwoWeekLow": 21.2, "fiftyTwoWeekHigh": 70.55, "fiftyDayAverage": 32.55143, "twoHundredDayAverage": 29.148905, "trailingAnnualDividendRate": 1.0, "trailingAnnualDividendYield": 0.035778176, "currency": "INR", "fromCurrency": null, "toCurrency": null, "lastMarket": null, "algorithm": null, "tradeable": false}, "sectorTrend": {"maxAge": 1, "symbol": null, "estimates": []}, "incomeStatementHistoryQuarterly": {"incomeStatementHistory": [{"maxAge": 1, "endDate": "2020-06-30", "totalRevenue": 59084000, "costOfRevenue": 11657000, "grossProfit": 47427000, "researchDevelopment": {}, "sellingGeneralAdministrative": 12109000, "nonRecurring": {}, "otherOperatingExpenses": 17377000, "totalOperatingExpenses": 42043000, "operatingIncome": 17041000, "totalOtherIncomeExpenseNet": 4762000, "ebit": 0, "interestExpense": {}, "incomeBeforeTax": 21803000, "incomeTaxExpense": 5488000, "minorityInterest": {}, "netIncomeFromContinuingOps": 16315000, "discontinuedOperations": {}, "extraordinaryItems": {}, "effectOfAccountingCharges": {}, "otherItems": {}, "netIncome": 16315000, "netIncomeApplicableToCommonShares": 16315000}, {"maxAge": 1, "endDate": "2020-03-31", "totalRevenue": 73505563, "costOfRevenue": 23375177, "grossProfit": 50130386, "researchDevelopment": {}, "sellingGeneralAdministrative": 19549694, "nonRecurring": {}, "otherOperatingExpenses": -18867450, "totalOperatingExpenses": 55474830, "operatingIncome": 18030733, "totalOtherIncomeExpenseNet": 1095640, "ebit": 0, "interestExpense": {}, "incomeBeforeTax": 19126373, "incomeTaxExpense": 6261702, "minorityInterest": {}, "netIncomeFromContinuingOps": 12864671, "discontinuedOperations": {}, "extraordinaryItems": {}, "effectOfAccountingCharges": {}, "otherItems": {}, "netIncome": 12864671, "netIncomeApplicableToCommonShares": 12864671}, {"maxAge": 1, "endDate": "2019-12-31", "totalRevenue": 82896000, "costOfRevenue": 2681000, "grossProfit": 80215000, "researchDevelopment": {}, "sellingGeneralAdministrative": 14866000, "nonRecurring": {}, "otherOperatingExpenses": 42278000, "totalOperatingExpenses": 60775000, "operatingIncome": 22121000, "totalOtherIncomeExpenseNet": 368000, "ebit": 0, "interestExpense": {}, "incomeBeforeTax": 22489000, "incomeTaxExpense": 3212000, "minorityInterest": {}, "netIncomeFromContinuingOps": 19277000, "discontinuedOperations": {}, "extraordinaryItems": {}, "effectOfAccountingCharges": {}, "otherItems": {}, "netIncome": 19277000, "netIncomeApplicableToCommonShares": 19277000}, {"maxAge": 1, "endDate": "2019-09-30", "totalRevenue": 91000000, "costOfRevenue": 22809000, "grossProfit": 68191000, "researchDevelopment": {}, "sellingGeneralAdministrative": 16552000, "nonRecurring": {}, "otherOperatingExpenses": 18234000, "totalOperatingExpenses": 58636000, "operatingIncome": 32364000, "totalOtherIncomeExpenseNet": 300000, "ebit": 0, "interestExpense": {}, "incomeBeforeTax": 32664000, "incomeTaxExpense": 9511000, "minorityInterest": {}, "netIncomeFromContinuingOps": 23153000, "discontinuedOperations": {}, "extraordinaryItems": {}, "effectOfAccountingCharges": {}, "otherItems": {}, "netIncome": 23153000, "netIncomeApplicableToCommonShares": 23153000}], "maxAge": 86400}, "cashflowStatementHistoryQuarterly": {"cashflowStatements": [{"maxAge": 1, "endDate": "2020-06-30", "netIncome": 16315000, "changeToLiabilities": 0}, {"maxAge": 1, "endDate": "2020-03-31", "netIncome": 12864671, "changeToLiabilities": 0}, {"maxAge": 1, "endDate": "2019-12-31", "netIncome": 19277000, "changeToLiabilities": 0}, {"maxAge": 1, "endDate": "2019-09-30", "netIncome": 23153000, "changeToLiabilities": 0}], "maxAge": 86400}, "insiderHolders": {"holders": [{"maxAge": 1, "name": "Baid (Aditya)", "relation": "Promoter", "url": "", "transactionDescription": "Acquisition", "latestTransDate": "2019-03-14", "positionDirect": 277690, "positionDirectDate": "2019-03-14"}, {"maxAge": 1, "name": "Baid (Alpana)", "relation": "Director", "url": "", "transactionDescription": "Acquisition", "latestTransDate": "2019-03-26", "positionDirect": 262950, "positionDirectDate": "2019-03-26"}], "maxAge": 1}, "earnings": {"maxAge": 86400, "earningsChart": {"quarterly": [], "earningsDate": ["2020-08-29 05:30:S"]}, "financialsChart": {"yearly": [{"date": 2017, "revenue": 174778000, "earnings": 39687000}, {"date": 2018, "revenue": 234689849, "earnings": 56738856}, {"date": 2019, "revenue": 302813480, "earnings": 97119832}, {"date": 2020, "revenue": 319229563, "earnings": 76072671}], "quarterly": [{"date": "3Q2019", "revenue": 91000000, "earnings": 23153000}, {"date": "4Q2019", "revenue": 82896000, "earnings": 19277000}, {"date": "1Q2020", "revenue": 73505563, "earnings": 12864671}, {"date": "2Q2020", "revenue": 59084000, "earnings": 16315000}]}, "financialCurrency": "INR"}, "calendarEvents": {"maxAge": 1, "earnings": {"earningsDate": ["2020-08-29 05:30:S"]}}, "price": {"maxAge": 1, "regularMarketChangePercent": -0.028622579, "regularMarketChange": -0.80000114, "regularMarketTime": "2021-04-30 14:08:08", "priceHint": 2, "regularMarketPrice": 27.15, "regularMarketDayHigh": 29.05, "regularMarketDayLow": 26.4, "regularMarketVolume": 227, "averageDailyVolume10Day": 987, "averageDailyVolume3Month": 1445, "regularMarketPreviousClose": 27.95, "regularMarketSource": "FREE_REALTIME", "regularMarketOpen": 26.4, "exchange": "BSE", "exchangeName": "BSE", "exchangeDataDelayedBy": 0, "marketState": "CLOSED", "quoteType": "EQUITY", "symbol": "BALFC.BO", "underlyingSymbol": null, "shortName": "BAID LEASING AND FINANCE CO.LT", "longName": "Baid Leasing and Finance Co. Ltd.", "currency": "INR", "quoteSourceName": "Delayed Quote", "currencySymbol": "\u20b9", "fromCurrency": null, "toCurrency": null, "lastMarket": null, "marketCap": 325984608}, "balanceSheetHistory": {"balanceSheetStatements": [{"maxAge": 1, "endDate": "2020-03-31", "cash": 22213055, "netReceivables": 3136057781, "otherCurrentAssets": 146378802, "totalCurrentAssets": 3306352958, "longTermInvestments": 33553829, "propertyPlantEquipment": 13142505, "intangibleAssets": 988930, "otherAssets": 51520306, "deferredLongTermAssetCharges": 361927, "totalAssets": 3405558528, "accountsPayable": 23238010, "otherCurrentLiab": 130880873, "longTermDebt": 1492667154, "otherLiab": 4357967, "deferredLongTermLiab": 42684200, "totalCurrentLiabilities": 608288958, "totalLiab": 2105314079, "commonStock": 120068300, "retainedEarnings": 345397953, "treasuryStock": 9372510, "capitalSurplus": 825405686, "otherStockholderEquity": 9372510, "totalStockholderEquity": 1300244449, "netTangibleAssets": 1299255519}, {"maxAge": 1, "endDate": "2019-03-31", "cash": 27886892, "netReceivables": 3047361875, "otherCurrentAssets": 198205998, "totalCurrentAssets": 3274506238, "longTermInvestments": 2094296, "propertyPlantEquipment": 16167184, "intangibleAssets": 738480, "otherAssets": 40577963, "deferredLongTermAssetCharges": 362278, "totalAssets": 3334084161, "accountsPayable": 8854476, "otherCurrentLiab": 101368572, "longTermDebt": 2267161652, "otherLiab": 3602618, "deferredLongTermLiab": 33541598, "totalCurrentLiabilities": 572443368, "totalLiab": 2843207638, "commonStock": 101000000, "retainedEarnings": 267271523, "capitalSurplus": 122605000, "totalStockholderEquity": 490876523, "netTangibleAssets": 490138043}, {"maxAge": 1, "endDate": "2018-03-31", "cash": 32435108, "netReceivables": 2217668035, "otherCurrentAssets": 277628318, "totalCurrentAssets": 2528889905, "longTermInvestments": 899449, "propertyPlantEquipment": 18204659, "intangibleAssets": 660480, "otherAssets": 164733367, "deferredLongTermAssetCharges": 4968126, "totalAssets": 2713387860, "accountsPayable": 17719022, "shortLongTermDebt": 376153263, "otherCurrentLiab": 310618840, "longTermDebt": 1100524908, "otherLiab": 18410104, "totalCurrentLiabilities": 1189727468, "totalLiab": 2308662480, "commonStock": 101000000, "retainedEarnings": 181120381, "capitalSurplus": 122605000, "totalStockholderEquity": 404725381, "netTangibleAssets": 404064901}, {"maxAge": 1, "endDate": "2017-03-31", "cash": 16829000, "inventory": 331195000, "otherCurrentAssets": 162546000, "totalCurrentAssets": 510570000, "longTermInvestments": 54310000, "propertyPlantEquipment": 10116000, "otherAssets": 1017076000, "deferredLongTermAssetCharges": 2393000, "totalAssets": 1592072000, "accountsPayable": 16389000, "otherCurrentLiab": 334633000, "longTermDebt": 268191000, "otherLiab": 7509000, "totalCurrentLiabilities": 952929000, "totalLiab": 1228629000, "commonStock": 101000000, "retainedEarnings": 262443000, "totalStockholderEquity": 363443000, "netTangibleAssets": 363443000}], "maxAge": 86400}, "earningsTrend": {"trend": [{"maxAge": 1, "period": "0q", "endDate": null, "growth": {}, "earningsEstimate": {"avg": 0.0, "low": 0.0, "high": 0.0, "yearAgoEps": {}, "numberOfAnalysts": 0, "growth": {}}, "revenueEstimate": {"avg": 0, "low": 0, "high": 0, "numberOfAnalysts": 0, "yearAgoRevenue": {}, "growth": {}}, "epsTrend": {"current": 0.0, "7daysAgo": 0.0, "30daysAgo": 0.0, "60daysAgo": 0.0, "90daysAgo": 0.0}, "epsRevisions": {"upLast7days": 0, "upLast30days": 0, "downLast30days": 0, "downLast90days": {}}}, {"maxAge": 1, "period": "+1q", "endDate": null, "growth": {}, "earningsEstimate": {"avg": 0.0, "low": 0.0, "high": 0.0, "yearAgoEps": {}, "numberOfAnalysts": 0, "growth": {}}, "revenueEstimate": {"avg": 0, "low": 0, "high": 0, "numberOfAnalysts": 0, "yearAgoRevenue": {}, "growth": {}}, "epsTrend": {"current": 0.0, "7daysAgo": 0.0, "30daysAgo": 0.0, "60daysAgo": 0.0, "90daysAgo": 0.0}, "epsRevisions": {"upLast7days": 0, "upLast30days": 0, "downLast30days": 0, "downLast90days": {}}}, {"maxAge": 1, "period": "0y", "endDate": null, "growth": {}, "earningsEstimate": {"avg": 0.0, "low": 0.0, "high": 0.0, "yearAgoEps": {}, "numberOfAnalysts": 0, "growth": {}}, "revenueEstimate": {"avg": 0, "low": 0, "high": 0, "numberOfAnalysts": 0, "yearAgoRevenue": {}, "growth": {}}, "epsTrend": {"current": 0.0, "7daysAgo": 0.0, "30daysAgo": 0.0, "60daysAgo": 0.0, "90daysAgo": 0.0}, "epsRevisions": {"upLast7days": 0, "upLast30days": 0, "downLast30days": 0, "downLast90days": {}}}, {"maxAge": 1, "period": "+1y", "endDate": null, "growth": {}, "earningsEstimate": {"avg": 0.0, "low": 0.0, "high": 0.0, "yearAgoEps": {}, "numberOfAnalysts": 0, "growth": {}}, "revenueEstimate": {"avg": 0, "low": 0, "high": 0, "numberOfAnalysts": 0, "yearAgoRevenue": {}, "growth": {}}, "epsTrend": {"current": 0.0, "7daysAgo": 0.0, "30daysAgo": 0.0, "60daysAgo": 0.0, "90daysAgo": 0.0}, "epsRevisions": {"upLast7days": 0, "upLast30days": 0, "downLast30days": 0, "downLast90days": {}}}, {"maxAge": 1, "period": "+5y", "endDate": null, "growth": {}, "earningsEstimate": {"avg": {}, "low": {}, "high": {}, "yearAgoEps": {}, "numberOfAnalysts": {}, "growth": {}}, "revenueEstimate": {"avg": {}, "low": {}, "high": {}, "numberOfAnalysts": {}, "yearAgoRevenue": {}, "growth": {}}, "epsTrend": {"current": {}, "7daysAgo": {}, "30daysAgo": {}, "60daysAgo": {}, "90daysAgo": {}}, "epsRevisions": {"upLast7days": {}, "upLast30days": {}, "downLast30days": {}, "downLast90days": {}}}, {"maxAge": 1, "period": "-5y", "endDate": null, "growth": {}, "earningsEstimate": {"avg": {}, "low": {}, "high": {}, "yearAgoEps": {}, "numberOfAnalysts": {}, "growth": {}}, "revenueEstimate": {"avg": {}, "low": {}, "high": {}, "numberOfAnalysts": {}, "yearAgoRevenue": {}, "growth": {}}, "epsTrend": {"current": {}, "7daysAgo": {}, "30daysAgo": {}, "60daysAgo": {}, "90daysAgo": {}}, "epsRevisions": {"upLast7days": {}, "upLast30days": {}, "downLast30days": {}, "downLast90days": {}}}], "maxAge": 1}, "financialData": {"maxAge": 86400, "currentPrice": 27.15, "recommendationKey": "none", "grossProfits": 257440386, "financialCurrency": "INR"}}}