{"BALKRISIND.BO": {"recommendationTrend": {"trend": [{"period": "0m", "strongBuy": 0, "buy": 0, "hold": 0, "sell": 0, "strongSell": 0}, {"period": "-1m", "strongBuy": 0, "buy": 0, "hold": 0, "sell": 0, "strongSell": 0}, {"period": "-2m", "strongBuy": 0, "buy": 0, "hold": 0, "sell": 0, "strongSell": 0}, {"period": "-3m", "strongBuy": 0, "buy": 0, "hold": 0, "sell": 0, "strongSell": 0}], "maxAge": 86400}, "cashflowStatementHistory": {"cashflowStatements": [{"maxAge": 1, "endDate": "2020-03-31", "netIncome": 9596500000, "depreciation": 3725900000, "changeToNetincome": -2145000000, "changeToAccountReceivables": 677300000, "changeToLiabilities": -1536100000, "changeToInventory": 1430700000, "changeToOperatingActivities": -28100000, "totalCashFromOperatingActivities": 11731400000, "capitalExpenditures": -7840900000, "investments": 855800000, "otherCashflowsFromInvestingActivities": 197000000, "totalCashflowsFromInvestingActivities": -6777600000, "dividendsPaid": -5125500000, "netBorrowings": 266200000, "otherCashflowsFromFinancingActivities": -87600000, "totalCashFromFinancingActivities": -4946900000, "effectOfExchangeRate": -400000, "changeInCash": 6500000}, {"maxAge": 1, "endDate": "2019-03-31", "netIncome": 7736500000, "depreciation": 3314700000, "changeToNetincome": -924900000, "changeToAccountReceivables": -49700000, "changeToLiabilities": -360600000, "changeToInventory": -1398400000, "changeToOperatingActivities": -124900000, "totalCashFromOperatingActivities": 8204100000, "capitalExpenditures": -7397200000, "investments": 876800000, "otherCashflowsFromInvestingActivities": 107600000, "totalCashflowsFromInvestingActivities": -6359900000, "dividendsPaid": -1744900000, "netBorrowings": 212600000, "otherCashflowsFromFinancingActivities": -114500000, "totalCashFromFinancingActivities": -1646800000, "effectOfExchangeRate": 100000, "changeInCash": 197100000}, {"maxAge": 1, "endDate": "2018-03-31", "netIncome": 7357900000, "depreciation": 3103000000, "changeToNetincome": -818400000, "changeToAccountReceivables": -1418600000, "changeToLiabilities": 739600000, "changeToInventory": -1427500000, "changeToOperatingActivities": -47600000, "totalCashFromOperatingActivities": 7499400000, "capitalExpenditures": -4202800000, "investments": 3049200000, "otherCashflowsFromInvestingActivities": 141200000, "totalCashflowsFromInvestingActivities": -922900000, "dividendsPaid": -1212400000, "netBorrowings": -5185400000, "otherCashflowsFromFinancingActivities": -140200000, "totalCashFromFinancingActivities": -6538000000, "effectOfExchangeRate": 100000, "changeInCash": 38600000}, {"maxAge": 1, "endDate": "2017-03-31", "netIncome": 7168500000, "depreciation": 3030400000, "changeToNetincome": -628700000, "changeToAccountReceivables": -792900000, "changeToLiabilities": 465900000, "changeToInventory": -778800000, "changeToOperatingActivities": -5500000, "totalCashFromOperatingActivities": 8468500000, "capitalExpenditures": -1849000000, "investments": -4142600000, "otherCashflowsFromInvestingActivities": 320900000, "totalCashflowsFromInvestingActivities": -5630500000, "dividendsPaid": -644400000, "netBorrowings": -5020600000, "otherCashflowsFromFinancingActivities": -228400000, "totalCashFromFinancingActivities": -5893400000, "effectOfExchangeRate": -1600000, "changeInCash": -3057000000}], "maxAge": 86400}, "institutionOwnership": {"maxAge": 1, "ownershipList": []}, "balanceSheetHistoryQuarterly": {"balanceSheetStatements": [{"maxAge": 1, "endDate": "2020-06-30", "totalStockholderEquity": 50082800000, "netTangibleAssets": 50069900000}, {"maxAge": 1, "endDate": "2020-03-31", "cash": 468200000, "shortTermInvestments": 80100000, "netReceivables": 7057800000, "inventory": 6156400000, "otherCurrentAssets": 1996800000, "totalCurrentAssets": 19214500000, "longTermInvestments": 7113800000, "propertyPlantEquipment": 38071000000, "intangibleAssets": 12900000, "otherAssets": 3651300000, "totalAssets": 68063500000, "accountsPayable": 3837000000, "shortLongTermDebt": 4400000, "otherCurrentLiab": 2141300000, "longTermDebt": 17900000, "otherLiab": 2382200000, "totalCurrentLiabilities": 15578500000, "totalLiab": 17980700000, "commonStock": 386600000, "retainedEarnings": 50422800000, "treasuryStock": -726600000, "otherStockholderEquity": -726600000, "totalStockholderEquity": 50082800000, "netTangibleAssets": 50069900000}, {"maxAge": 1, "endDate": "2019-12-31", "totalStockholderEquity": 49947100000, "netTangibleAssets": 49918500000}, {"maxAge": 1, "endDate": "2019-09-30", "cash": 671100000, "shortTermInvestments": 6880700000, "netReceivables": 4562900000, "inventory": 6731000000, "otherCurrentAssets": 2097700000, "totalCurrentAssets": 20943400000, "longTermInvestments": 4940300000, "propertyPlantEquipment": 35127200000, "intangibleAssets": 28600000, "otherAssets": 4424000000, "totalAssets": 65463500000, "accountsPayable": 3528400000, "otherCurrentLiab": 1947600000, "longTermDebt": 17900000, "otherLiab": 2777900000, "totalCurrentLiabilities": 12720600000, "totalLiab": 15516400000, "commonStock": 386600000, "treasuryStock": 49560500000, "otherStockholderEquity": 49560500000, "totalStockholderEquity": 49947100000, "netTangibleAssets": 49918500000}], "maxAge": 86400}, "earningsHistory": {"history": [{"maxAge": 1, "epsActual": 9.8, "epsEstimate": 12.81, "epsDifference": -3.01, "surprisePercent": -0.235, "quarter": "2017-12-31", "period": "-4q"}, {"maxAge": 1, "epsActual": 10.02, "epsEstimate": 11.29, "epsDifference": -1.27, "surprisePercent": -0.111999996, "quarter": "2018-03-31", "period": "-3q"}, {"maxAge": 1, "epsActual": 11.91, "epsEstimate": 11.37, "epsDifference": 0.54, "surprisePercent": 0.047, "quarter": "2018-06-30", "period": "-2q"}, {"maxAge": 1, "epsActual": 11.5, "epsEstimate": 12.34, "epsDifference": -0.84, "surprisePercent": -0.068, "quarter": "2018-09-30", "period": "-1q"}], "maxAge": 86400}, "indexTrend": {"maxAge": 1, "symbol": "SP5", "peRatio": 19.7411, "pegRatio": 1.34172, "estimates": [{"period": "0q", "growth": 0.549}, {"period": "+1q", "growth": 0.431}, {"period": "0y", "growth": 0.305}, {"period": "+1y", "growth": 0.109}, {"period": "+5y", "growth": 0.120865}, {"period": "-5y"}]}, "industryTrend": {"maxAge": 1, "symbol": null, "estimates": []}, "insiderTransactions": {"transactions": [{"maxAge": 1, "shares": 1790180, "filerUrl": "", "transactionText": "", "filerName": "Poddar (Rishabh S)", "filerRelation": "Promoter", "moneyText": "", "startDate": "2020-09-24", "ownership": "D"}, {"maxAge": 1, "shares": 395090, "filerUrl": "", "transactionText": "", "filerName": "Poddar (Rishabh Sureshkumar)", "filerRelation": "Promoter", "moneyText": "", "startDate": "2020-09-24", "ownership": "D"}, {"maxAge": 1, "shares": 1790680, "filerUrl": "", "transactionText": "", "filerName": "Poddar (Shyamlata Sureshkumar)", "filerRelation": "Promoter", "moneyText": "", "startDate": "2020-09-24", "ownership": "D"}], "maxAge": 1}, "quoteType": {"exchange": "BSE", "quoteType": "EQUITY", "symbol": "BALKRISIND.BO", "underlyingSymbol": "BALKRISIND.BO", "shortName": "BALKRISHNA INDUSTRIES LTD.", "longName": "Balkrishna Industries Limited", "firstTradeDateEpochUtc": "2002-01-03 09:15:00", "timeZoneFullName": "Asia/Kolkata", "timeZoneShortName": "IST", "uuid": "dd17ab3f-f303-3b80-a52c-a972c1784281", "messageBoardId": null, "gmtOffSetMilliseconds": 19800000, "maxAge": 1}, "incomeStatementHistory": {"incomeStatementHistory": [{"maxAge": 1, "endDate": "2020-03-31", "totalRevenue": 48112400000, "costOfRevenue": 21832000000, "grossProfit": 26280400000, "researchDevelopment": {}, "sellingGeneralAdministrative": 5428000000, "nonRecurring": {}, "otherOperatingExpenses": 8113000000, "totalOperatingExpenses": 39109100000, "operatingIncome": 9003300000, "totalOtherIncomeExpenseNet": 2391900000, "ebit": 9003300000, "interestExpense": -96900000, "incomeBeforeTax": 11395200000, "incomeTaxExpense": 1798700000, "minorityInterest": {}, "netIncomeFromContinuingOps": 9596500000, "discontinuedOperations": {}, "extraordinaryItems": {}, "effectOfAccountingCharges": {}, "otherItems": {}, "netIncome": 9596500000, "netIncomeApplicableToCommonShares": 9596500000}, {"maxAge": 1, "endDate": "2019-03-31", "totalRevenue": 52099900000, "costOfRevenue": 25141700000, "grossProfit": 26958200000, "researchDevelopment": {}, "sellingGeneralAdministrative": 5220500000, "nonRecurring": {}, "otherOperatingExpenses": 8675400000, "totalOperatingExpenses": 42363700000, "operatingIncome": 9736200000, "totalOtherIncomeExpenseNet": 2029400000, "ebit": 9736200000, "interestExpense": -112400000, "incomeBeforeTax": 11765600000, "incomeTaxExpense": 4029100000, "minorityInterest": {}, "netIncomeFromContinuingOps": 7736500000, "discontinuedOperations": {}, "extraordinaryItems": {}, "effectOfAccountingCharges": {}, "otherItems": {}, "netIncome": 7736500000, "netIncomeApplicableToCommonShares": 7736500000}, {"maxAge": 1, "endDate": "2018-03-31", "totalRevenue": 44437900000, "costOfRevenue": 22149400000, "grossProfit": 22288500000, "researchDevelopment": {}, "sellingGeneralAdministrative": 3550300000, "nonRecurring": {}, "otherOperatingExpenses": 7712600000, "totalOperatingExpenses": 36526300000, "operatingIncome": 7911600000, "totalOtherIncomeExpenseNet": 3248800000, "ebit": 7911600000, "interestExpense": -130800000, "incomeBeforeTax": 11160400000, "incomeTaxExpense": 3802500000, "minorityInterest": {}, "netIncomeFromContinuingOps": 7357900000, "discontinuedOperations": {}, "extraordinaryItems": {}, "effectOfAccountingCharges": {}, "otherItems": {}, "netIncome": 7357900000, "netIncomeApplicableToCommonShares": 7357900000}, {"maxAge": 1, "endDate": "2017-03-31", "totalRevenue": 37233000000, "costOfRevenue": 15719000000, "grossProfit": 21514000000, "researchDevelopment": {}, "sellingGeneralAdministrative": 3588500000, "nonRecurring": {}, "otherOperatingExpenses": 6615792493, "totalOperatingExpenses": 28963292493, "operatingIncome": 8269707507, "totalOtherIncomeExpenseNet": 2316292493, "ebit": 8269707507, "interestExpense": -184800000, "incomeBeforeTax": 10586000000, "incomeTaxExpense": 3417500000, "minorityInterest": {}, "netIncomeFromContinuingOps": 7168500000, "discontinuedOperations": {}, "extraordinaryItems": {}, "effectOfAccountingCharges": {}, "otherItems": {}, "netIncome": 7168500000, "netIncomeApplicableToCommonShares": 7168500000}], "maxAge": 86400}, "fundOwnership": {"maxAge": 1, "ownershipList": [{"maxAge": 1, "reportDate": "2020-07-31", "organization": "Vanguard International Stock Index-Emerging Markets Stk", "pctHeld": 0.0056, "position": 1082043, "value": 1430514948}, {"maxAge": 1, "reportDate": "2020-07-31", "organization": "Vanguard International Stock Index-Total Intl Stock Indx", "pctHeld": 0.0045, "position": 860650, "value": 1137822332}, {"maxAge": 1, "reportDate": "2020-07-31", "organization": "DFA Emerging Markets Core Equity Portfolio", "pctHeld": 0.0037, "position": 709229, "value": 937636199}, {"maxAge": 1, "reportDate": "2020-07-31", "organization": "iShares Core MSCI Emerging Markets ETF", "pctHeld": 0.0034, "position": 650894, "value": 860514412}, {"maxAge": 1, "reportDate": "2020-05-31", "organization": "Columbia Fds Ser Tr I-Columbia Emerging Markets Fd", "pctHeld": 0.0032, "position": 619122, "value": 667568296}, {"maxAge": 1, "reportDate": "2020-07-31", "organization": "DFA Emerging Markets Small Cap Series", "pctHeld": 0.0028, "position": 532474, "value": 703957251}, {"maxAge": 1, "reportDate": "2020-06-30", "organization": "Morgan Stanley India Investment Fund", "pctHeld": 0.002, "position": 380935, "value": 480282848}, {"maxAge": 1, "reportDate": "2020-07-31", "organization": "Vanguard Intl Equity Index Fds-FTSE All World ex U.S.Small Cap Index", "pctHeld": 0.0011999999, "position": 225008, "value": 297471826}, {"maxAge": 1, "reportDate": "2020-06-30", "organization": "Columbia Fds Var Ser Tr II-Columbia Var Port-Emerging Markets Fd", "pctHeld": 0.0011, "position": 212707, "value": 268180985}, {"maxAge": 1, "reportDate": "2020-08-31", "organization": "iShares MSCI India Small Cap ETF", "pctHeld": 0.001, "position": 192528, "value": 254676038}]}, "summaryDetail": {"maxAge": 1, "priceHint": 2, "previousClose": 1768.55, "open": 1758.0, "dayLow": 1744.2, "dayHigh": 1806.0, "regularMarketPreviousClose": 1768.55, "regularMarketOpen": 1758.0, "regularMarketDayLow": 1744.2, "regularMarketDayHigh": 1806.0, "trailingPE": 37.39324, "forwardPE": 31.262812, "volume": 28147, "regularMarketVolume": 28147, "averageVolume": 47452, "averageVolume10days": 73873, "averageDailyVolume10Day": 73873, "bid": 1756.0, "ask": 1772.35, "bidSize": 0, "askSize": 0, "marketCap": 341961146368, "fiftyTwoWeekLow": 677.6, "fiftyTwoWeekHigh": 1885.0, "fiftyDayAverage": 1670.6743, "twoHundredDayAverage": 1510.3701, "trailingAnnualDividendRate": 21.0, "trailingAnnualDividendYield": 0.011874134, "currency": "INR", "fromCurrency": null, "toCurrency": null, "lastMarket": null, "algorithm": null, "tradeable": false}, "sectorTrend": {"maxAge": 1, "symbol": null, "estimates": []}, "incomeStatementHistoryQuarterly": {"incomeStatementHistory": [{"maxAge": 1, "endDate": "2020-06-30", "totalRevenue": 9426100000, "costOfRevenue": 3726200000, "grossProfit": 5699900000, "researchDevelopment": {}, "sellingGeneralAdministrative": 803300000, "nonRecurring": {}, "otherOperatingExpenses": 2492300000, "totalOperatingExpenses": 8037400000, "operatingIncome": 1388700000, "totalOtherIncomeExpenseNet": 334000000, "ebit": 1388700000, "interestExpense": -26900000, "incomeBeforeTax": 1722700000, "incomeTaxExpense": 407100000, "minorityInterest": {}, "netIncomeFromContinuingOps": 1315600000, "discontinuedOperations": {}, "extraordinaryItems": {}, "effectOfAccountingCharges": {}, "otherItems": {}, "netIncome": 1315600000, "netIncomeApplicableToCommonShares": 1315600000}, {"maxAge": 1, "endDate": "2020-03-31", "totalRevenue": 13722700000, "costOfRevenue": 6548200000, "grossProfit": 7174500000, "researchDevelopment": {}, "sellingGeneralAdministrative": 3024100000, "nonRecurring": {}, "otherOperatingExpenses": 283100000, "totalOperatingExpenses": 10863500000, "operatingIncome": 2859200000, "totalOtherIncomeExpenseNet": 603900000, "ebit": 2859200000, "interestExpense": -32000000, "incomeBeforeTax": 3463100000, "incomeTaxExpense": 816100000, "minorityInterest": {}, "netIncomeFromContinuingOps": 2647000000, "discontinuedOperations": {}, "extraordinaryItems": {}, "effectOfAccountingCharges": {}, "otherItems": {}, "netIncome": 2647000000, "netIncomeApplicableToCommonShares": 2647000000}, {"maxAge": 1, "endDate": "2019-12-31", "totalRevenue": 11557600000, "costOfRevenue": 4707200000, "grossProfit": 6850400000, "researchDevelopment": {}, "sellingGeneralAdministrative": 819900000, "nonRecurring": {}, "otherOperatingExpenses": 2569200000, "totalOperatingExpenses": 9057600000, "operatingIncome": 2500000000, "totalOtherIncomeExpenseNet": 282700000, "ebit": 2500000000, "interestExpense": -23800000, "incomeBeforeTax": 2782700000, "incomeTaxExpense": 544700000, "minorityInterest": {}, "netIncomeFromContinuingOps": 2238000000, "discontinuedOperations": {}, "extraordinaryItems": {}, "effectOfAccountingCharges": {}, "otherItems": {}, "netIncome": 2238000000, "netIncomeApplicableToCommonShares": 2238000000}, {"maxAge": 1, "endDate": "2019-09-30", "totalRevenue": 10842800000, "costOfRevenue": 4787300000, "grossProfit": 6055500000, "researchDevelopment": {}, "sellingGeneralAdministrative": 798300000, "nonRecurring": {}, "otherOperatingExpenses": 2526800000, "totalOperatingExpenses": 9031700000, "operatingIncome": 1811100000, "totalOtherIncomeExpenseNet": 786800000, "ebit": 1811100000, "interestExpense": -20600000, "incomeBeforeTax": 2597900000, "incomeTaxExpense": -345200000, "minorityInterest": {}, "netIncomeFromContinuingOps": 2943100000, "discontinuedOperations": {}, "extraordinaryItems": {}, "effectOfAccountingCharges": {}, "otherItems": {}, "netIncome": 2943100000, "netIncomeApplicableToCommonShares": 2943100000}], "maxAge": 86400}, "cashflowStatementHistoryQuarterly": {"cashflowStatements": [{"maxAge": 1, "endDate": "2020-06-30", "netIncome": 1315600000, "changeToLiabilities": 0}, {"maxAge": 1, "endDate": "2020-03-31", "netIncome": 2647000000, "changeToLiabilities": 0}, {"maxAge": 1, "endDate": "2019-12-31", "netIncome": 2238000000, "changeToLiabilities": 0}, {"maxAge": 1, "endDate": "2019-09-30", "netIncome": 2943100000, "changeToLiabilities": 0}], "maxAge": 86400}, "insiderHolders": {"holders": [{"maxAge": 1, "name": "Poddar (Rishabh S)", "relation": "Promoter", "url": "", "transactionDescription": "Gift", "latestTransDate": "2020-09-24", "positionDirect": 1000000, "positionDirectDate": "2020-09-24"}, {"maxAge": 1, "name": "Poddar (Rishabh Sureshkumar)", "relation": "Promoter", "url": "", "transactionDescription": "Other", "latestTransDate": "2020-09-24", "positionDirect": 1000000, "positionDirectDate": "2020-09-24"}, {"maxAge": 1, "name": "Poddar (Shyamlata Sureshkumar)", "relation": "Promoter", "url": "", "transactionDescription": "Other", "latestTransDate": "2020-09-24", "positionDirect": 1791180, "positionDirectDate": "2020-09-24"}], "maxAge": 1}, "earnings": {"maxAge": 86400, "earningsChart": {"quarterly": [{"date": "4Q2017", "actual": 9.8, "estimate": 12.81}, {"date": "1Q2018", "actual": 10.02, "estimate": 11.29}, {"date": "2Q2018", "actual": 11.91, "estimate": 11.37}, {"date": "3Q2018", "actual": 11.5, "estimate": 12.34}], "currentQuarterEstimateDate": "4Q", "currentQuarterEstimateYear": 2018, "earningsDate": []}, "financialsChart": {"yearly": [{"date": 2017, "revenue": 37233000000, "earnings": 7168500000}, {"date": 2018, "revenue": 44437900000, "earnings": 7357900000}, {"date": 2019, "revenue": 52099900000, "earnings": 7736500000}, {"date": 2020, "revenue": 48112400000, "earnings": 9596500000}], "quarterly": [{"date": "3Q2019", "revenue": 10842800000, "earnings": 2943100000}, {"date": "4Q2019", "revenue": 11557600000, "earnings": 2238000000}, {"date": "1Q2020", "revenue": 13722700000, "earnings": 2647000000}, {"date": "2Q2020", "revenue": 9426100000, "earnings": 1315600000}]}, "financialCurrency": "INR"}, "calendarEvents": {"maxAge": 1, "earnings": {"earningsDate": [], "revenueAverage": 13139500000, "revenueLow": 12592100000, "revenueHigh": 13687000000}}, "price": {"maxAge": 1, "regularMarketChangePercent": 0.00016958907, "regularMarketChange": 0.29992676, "regularMarketTime": "2021-04-30 15:59:46", "priceHint": 2, "regularMarketPrice": 1768.85, "regularMarketDayHigh": 1806.0, "regularMarketDayLow": 1744.2, "regularMarketVolume": 28147, "averageDailyVolume10Day": 73873, "averageDailyVolume3Month": 47452, "regularMarketPreviousClose": 1768.55, "regularMarketSource": "FREE_REALTIME", "regularMarketOpen": 1758.0, "exchange": "BSE", "exchangeName": "BSE", "exchangeDataDelayedBy": 0, "marketState": "CLOSED", "quoteType": "EQUITY", "symbol": "BALKRISIND.BO", "underlyingSymbol": null, "shortName": "BALKRISHNA INDUSTRIES LTD.", "longName": "Balkrishna Industries Limited", "currency": "INR", "quoteSourceName": "Delayed Quote", "currencySymbol": "\u20b9", "fromCurrency": null, "toCurrency": null, "lastMarket": null, "marketCap": 341961146368}, "balanceSheetHistory": {"balanceSheetStatements": [{"maxAge": 1, "endDate": "2020-03-31", "cash": 468200000, "shortTermInvestments": 80100000, "netReceivables": 7057800000, "inventory": 6156400000, "otherCurrentAssets": 1996800000, "totalCurrentAssets": 19214500000, "longTermInvestments": 7113800000, "propertyPlantEquipment": 38071000000, "intangibleAssets": 12900000, "otherAssets": 3651300000, "totalAssets": 68063500000, "accountsPayable": 3837000000, "shortLongTermDebt": 4400000, "otherCurrentLiab": 2141300000, "longTermDebt": 17900000, "otherLiab": 2382200000, "totalCurrentLiabilities": 15578500000, "totalLiab": 17980700000, "commonStock": 386600000, "retainedEarnings": 50422800000, "treasuryStock": -726600000, "otherStockholderEquity": -726600000, "totalStockholderEquity": 50082800000, "netTangibleAssets": 50069900000}, {"maxAge": 1, "endDate": "2019-03-31", "cash": 461700000, "netReceivables": 7367700000, "inventory": 7587100000, "otherCurrentAssets": 1636700000, "totalCurrentAssets": 24705800000, "longTermInvestments": 3190900000, "propertyPlantEquipment": 33072200000, "intangibleAssets": 22900000, "otherAssets": 3798300000, "totalAssets": 64790100000, "accountsPayable": 3861400000, "shortLongTermDebt": 2700000, "otherCurrentLiab": 970400000, "longTermDebt": 22300000, "otherLiab": 3682500000, "totalCurrentLiabilities": 14548700000, "totalLiab": 18253500000, "commonStock": 386600000, "retainedEarnings": 45953400000, "treasuryStock": 196600000, "otherStockholderEquity": 196600000, "totalStockholderEquity": 46536600000, "netTangibleAssets": 46513700000}, {"maxAge": 1, "endDate": "2018-03-31", "cash": 264600000, "netReceivables": 6501500000, "inventory": 6188700000, "otherCurrentAssets": 2322100000, "totalCurrentAssets": 20166100000, "longTermInvestments": 6194900000, "propertyPlantEquipment": 28861600000, "intangibleAssets": 34400000, "otherAssets": 3525100000, "totalAssets": 58782100000, "accountsPayable": 4092500000, "shortLongTermDebt": 2168800000, "otherCurrentLiab": 873400000, "longTermDebt": 25000000, "otherLiab": 3585200000, "totalCurrentLiabilities": 14338000000, "totalLiab": 17948200000, "commonStock": 386600000, "retainedEarnings": 39964800000, "treasuryStock": 482500000, "otherStockholderEquity": 482500000, "totalStockholderEquity": 40833900000, "netTangibleAssets": 40799500000}, {"maxAge": 1, "endDate": "2017-03-31", "cash": 226000000, "netReceivables": 5473100000, "inventory": 4761200000, "otherCurrentAssets": 2380600000, "totalCurrentAssets": 17458900000, "longTermInvestments": 8873900000, "propertyPlantEquipment": 29026200000, "intangibleAssets": 39900000, "otherAssets": 2491900000, "totalAssets": 57890800000, "accountsPayable": 3744100000, "shortLongTermDebt": 5938500000, "otherCurrentLiab": 943200000, "longTermDebt": 2188400000, "otherLiab": 3805300000, "totalCurrentLiabilities": 16468500000, "totalLiab": 22462200000, "commonStock": 193300000, "retainedEarnings": 33974000000, "treasuryStock": 1136000000, "capitalSurplus": 125300000, "otherStockholderEquity": 1136000000, "totalStockholderEquity": 35428600000, "netTangibleAssets": 35388700000}], "maxAge": 86400}, "earningsTrend": {"trend": [{"maxAge": 1, "period": "0q", "endDate": "2018-12-31", "growth": {}, "earningsEstimate": {"avg": 0.0, "low": 0.0, "high": 0.0, "yearAgoEps": 9.8, "numberOfAnalysts": 0, "growth": {}}, "revenueEstimate": {"avg": 13139500000, "low": 12592100000, "high": 13687000000, "numberOfAnalysts": 2, "yearAgoRevenue": 11063100000, "growth": 0.188}, "epsTrend": {"current": 0.0, "7daysAgo": 10.84, "30daysAgo": 10.84, "60daysAgo": 10.84, "90daysAgo": 10.84}, "epsRevisions": {"upLast7days": 0, "upLast30days": 0, "downLast30days": 0, "downLast90days": {}}}, {"maxAge": 1, "period": "+1q", "endDate": "2019-03-31", "growth": {}, "earningsEstimate": {"avg": 0.0, "low": 0.0, "high": 0.0, "yearAgoEps": 10.02, "numberOfAnalysts": 0, "growth": {}}, "revenueEstimate": {"avg": 15128000000, "low": 15128000000, "high": 15128000000, "numberOfAnalysts": 1, "yearAgoRevenue": 12317600000, "growth": 0.22799999}, "epsTrend": {"current": 0.0, "7daysAgo": 12.59, "30daysAgo": 12.59, "60daysAgo": 12.59, "90daysAgo": 12.59}, "epsRevisions": {"upLast7days": 0, "upLast30days": 0, "downLast30days": 0, "downLast90days": {}}}, {"maxAge": 1, "period": "0y", "endDate": "2019-03-31", "growth": {}, "earningsEstimate": {"avg": 0.0, "low": 0.0, "high": 0.0, "yearAgoEps": {}, "numberOfAnalysts": 0, "growth": {}}, "revenueEstimate": {"avg": 55336300000, "low": 51787700000, "high": 57300000000, "numberOfAnalysts": 15, "yearAgoRevenue": 44644600000, "growth": 0.239}, "epsTrend": {"current": 0.0, "7daysAgo": 47.61, "30daysAgo": 47.61, "60daysAgo": 47.61, "90daysAgo": 47.61}, "epsRevisions": {"upLast7days": 0, "upLast30days": 0, "downLast30days": 0, "downLast90days": {}}}, {"maxAge": 1, "period": "+1y", "endDate": "2020-03-31", "growth": {}, "earningsEstimate": {"avg": 0.0, "low": 0.0, "high": 0.0, "yearAgoEps": {}, "numberOfAnalysts": 0, "growth": {}}, "revenueEstimate": {"avg": 63795500000, "low": 59038000000, "high": 66635000000, "numberOfAnalysts": 15, "yearAgoRevenue": 55336300000, "growth": 0.153}, "epsTrend": {"current": 0.0, "7daysAgo": 56.58, "30daysAgo": 56.58, "60daysAgo": 56.58, "90daysAgo": 56.58}, "epsRevisions": {"upLast7days": 0, "upLast30days": 0, "downLast30days": 0, "downLast90days": {}}}, {"maxAge": 1, "period": "+5y", "endDate": null, "growth": -0.001, "earningsEstimate": {"avg": {}, "low": {}, "high": {}, "yearAgoEps": {}, "numberOfAnalysts": {}, "growth": {}}, "revenueEstimate": {"avg": {}, "low": {}, "high": {}, "numberOfAnalysts": {}, "yearAgoRevenue": {}, "growth": {}}, "epsTrend": {"current": {}, "7daysAgo": {}, "30daysAgo": {}, "60daysAgo": {}, "90daysAgo": {}}, "epsRevisions": {"upLast7days": {}, "upLast30days": {}, "downLast30days": {}, "downLast90days": {}}}, {"maxAge": 1, "period": "-5y", "endDate": null, "growth": {}, "earningsEstimate": {"avg": {}, "low": {}, "high": {}, "yearAgoEps": {}, "numberOfAnalysts": {}, "growth": {}}, "revenueEstimate": {"avg": {}, "low": {}, "high": {}, "numberOfAnalysts": {}, "yearAgoRevenue": {}, "growth": {}}, "epsTrend": {"current": {}, "7daysAgo": {}, "30daysAgo": {}, "60daysAgo": {}, "90daysAgo": {}}, "epsRevisions": {"upLast7days": {}, "upLast30days": {}, "downLast30days": {}, "downLast90days": {}}}], "maxAge": 1}, "financialData": {"maxAge": 86400, "currentPrice": 1768.85, "targetHighPrice": 1388.0, "targetLowPrice": 901.0, "targetMeanPrice": 1092.16, "targetMedianPrice": 1042.0, "recommendationKey": "none", "numberOfAnalystOpinions": 19, "grossProfits": 26280400000, "financialCurrency": "INR"}}}