{"BALLARPUR.NS": {"assetProfile": {"address1": "First India Place, Tower-C", "address2": "Block-A Sushant Lok I Mehrauli Gurgaon Road", "city": "Gurugram", "zip": "122002", "country": "India", "phone": "91 12 4280 4242", "fax": "91 12 4238 9495", "website": "http://www.bilt.com", "industry": "Paper & Paper Products", "sector": "Basic Materials", "longBusinessSummary": "Ballarpur Industries Limited, together with its subsidiaries, manufactures, sells, and exports writing and printing paper, and pulp products in India and internationally. It provides writing and printing papers comprising coated and uncoated wood-free papers, copier papers, and creamwove papers; tissue papers; rayon grade pulp; and specialty papers, such as water marked bond, ledger, cartridge, envelope, super printing, and matrix multipurpose papers, as well as food packaging products. The company offers uncoated wood-free products under the Magna and Wisdom Print brands, offset printing paper under the Sunshine Super Printing Paper brand, and commercial printing under the T.A.NSD brand; and copier paper products under the Copy Power, Image Copier, Ten on Ten, and BILT Matrix brands. Ballarpur Industries Limited was incorporated in 1945 and is headquartered in Gurugram, India.", "fullTimeEmployees": 1072, "companyOfficers": [{"maxAge": 1, "name": "Mr. Neehar  Aggarwal", "title": "Chief Exec. Officer", "fiscalYear": 2019, "totalPay": 0, "exercisedValue": 0, "unexercisedValue": 0}, {"maxAge": 1, "name": "Mr. Akhil  Mahajan", "age": 55, "title": "Company Sec., Chief GM & Compliance Officer", "yearBorn": 1965, "fiscalYear": 2019, "totalPay": 5287684, "exercisedValue": 0, "unexercisedValue": 0}, {"maxAge": 1, "name": "Mr. M. S. Vishwanathan", "age": 55, "title": "Head of Insurance", "yearBorn": 1965, "fiscalYear": 2019, "totalPay": 0, "exercisedValue": 0, "unexercisedValue": 0}, {"maxAge": 1, "name": "Mr. R.  Hariharan", "age": 58, "title": "Chief Gen. Mang.", "yearBorn": 1962, "fiscalYear": 2019, "totalPay": 0, "exercisedValue": 0, "unexercisedValue": 0}, {"maxAge": 1, "name": "R.  Rajagopal", "title": "Deputy Chief Financial Officer", "exercisedValue": 0, "unexercisedValue": 0}, {"maxAge": 1, "name": "Mr. Anil Mohan Sinha", "age": 59, "title": "Deputy Gen. Mang. of Accounts", "yearBorn": 1961, "exercisedValue": 0, "unexercisedValue": 0}, {"maxAge": 1, "name": "Mr. R.  Varadhan", "title": "Head of Research & Competency Division - Pulp & Paper (RCDP)", "exercisedValue": 0, "unexercisedValue": 0}, {"maxAge": 1, "name": "Narendra  Rawal", "age": 52, "title": "Chief Gen. Mang. of Corp. Affairs", "yearBorn": 1968, "exercisedValue": 0, "unexercisedValue": 0}], "compensationAsOfEpochDate": "2019-12-31 05:30:00", "maxAge": 86400}, "cashflowStatementHistory": {"cashflowStatements": [{"maxAge": 1, "endDate": "2019-03-31", "netIncome": -9309500000, "depreciation": 2462800000, "changeToNetincome": 14940100000, "changeToAccountReceivables": -757300000, "changeToLiabilities": 0, "changeToInventory": -1228700000, "changeToOperatingActivities": 2244400000, "totalCashFromOperatingActivities": 8544500000, "capitalExpenditures": -314300000, "investments": -771500000, "otherCashflowsFromInvestingActivities": 134800000, "totalCashflowsFromInvestingActivities": -796000000, "dividendsPaid": -1100000, "netBorrowings": -2775600000, "otherCashflowsFromFinancingActivities": -3581500000, "totalCashFromFinancingActivities": -6358200000, "effectOfExchangeRate": -38700000, "changeInCash": 1351600000}, {"maxAge": 1, "endDate": "2018-03-31", "netIncome": -13949500000, "depreciation": 2766700000, "changeToNetincome": 14077500000, "changeToAccountReceivables": -272700000, "changeToLiabilities": 0, "changeToInventory": -948800000, "changeToOperatingActivities": 2498800000, "totalCashFromOperatingActivities": 4172000000, "capitalExpenditures": -278900000, "investments": 5000000, "otherCashflowsFromInvestingActivities": -150100000, "totalCashflowsFromInvestingActivities": -420000000, "dividendsPaid": -1100000, "netBorrowings": -3049200000, "otherCashflowsFromFinancingActivities": -1346200000, "totalCashFromFinancingActivities": -4396500000, "effectOfExchangeRate": 931400000, "changeInCash": 286900000}, {"maxAge": 1, "endDate": "2017-03-31", "netIncome": -15710900000, "depreciation": 2644700000, "changeToNetincome": 10968600000, "changeToAccountReceivables": 2659200000, "changeToLiabilities": 0, "changeToInventory": 7509000000, "changeToOperatingActivities": -16128500000, "totalCashFromOperatingActivities": -8057900000, "capitalExpenditures": -4273600000, "investments": 65500000, "otherCashflowsFromInvestingActivities": 2905800000, "totalCashflowsFromInvestingActivities": -1073800000, "dividendsPaid": -1300000, "netBorrowings": 13241800000, "otherCashflowsFromFinancingActivities": -6283700000, "totalCashFromFinancingActivities": 6956800000, "effectOfExchangeRate": 852100000, "changeInCash": -1322800000}, {"maxAge": 1, "endDate": "2016-03-31", "netIncome": -2100100000, "depreciation": 2536000000, "changeToNetincome": 6054100000, "changeToAccountReceivables": -9300000, "changeToLiabilities": 0, "changeToInventory": -1074600000, "changeToOperatingActivities": -3215200000, "totalCashFromOperatingActivities": 2302800000, "capitalExpenditures": -5943100000, "investments": -96000000, "otherCashflowsFromInvestingActivities": 2082300000, "totalCashflowsFromInvestingActivities": -3708200000, "dividendsPaid": -807100000, "netBorrowings": 11964600000, "otherCashflowsFromFinancingActivities": -6841200000, "totalCashFromFinancingActivities": 4316300000, "effectOfExchangeRate": -763200000, "changeInCash": 2147700000}], "maxAge": 86400}, "institutionOwnership": {"maxAge": 1, "ownershipList": []}, "majorHoldersBreakdown": {"maxAge": 1, "insidersPercentHeld": 0.40956002, "institutionsPercentHeld": 0.111590005, "institutionsFloatPercentHeld": 0.18899, "institutionsCount": 3}, "balanceSheetHistoryQuarterly": {"balanceSheetStatements": [{"maxAge": 1, "endDate": "2019-12-31", "totalStockholderEquity": -9635600000, "netTangibleAssets": -9752500000}, {"maxAge": 1, "endDate": "2019-09-30", "cash": 3005500000, "netReceivables": 5166700000, "inventory": 4665900000, "otherCurrentAssets": 31321300000, "totalCurrentAssets": 44159400000, "longTermInvestments": 391600000, "propertyPlantEquipment": 64566600000, "intangibleAssets": 116900000, "otherAssets": 3057900000, "deferredLongTermAssetCharges": 1538500000, "totalAssets": 112292400000, "accountsPayable": 9986800000, "otherCurrentLiab": 54192000000, "longTermDebt": 41190500000, "otherLiab": 1361100000, "minorityInterest": -4255600000, "totalCurrentLiabilities": 83632000000, "totalLiab": 126183600000, "commonStock": 2587100000, "treasuryStock": -12222700000, "otherStockholderEquity": -12222700000, "totalStockholderEquity": -9635600000, "netTangibleAssets": -9752500000}, {"maxAge": 1, "endDate": "2019-06-30", "totalStockholderEquity": -7377400000, "netTangibleAssets": -7566000000}, {"maxAge": 1, "endDate": "2019-03-31", "cash": 2698400000, "shortTermInvestments": 164600000, "netReceivables": 2087300000, "inventory": 4468700000, "otherCurrentAssets": 31148200000, "totalCurrentAssets": 40612700000, "longTermInvestments": 892100000, "propertyPlantEquipment": 65186600000, "intangibleAssets": 65800000, "otherAssets": 3307200000, "deferredLongTermAssetCharges": 1681400000, "totalAssets": 110064400000, "accountsPayable": 9580600000, "shortLongTermDebt": 27846300000, "otherCurrentLiab": 10274900000, "longTermDebt": 42713300000, "otherLiab": 1315700000, "deferredLongTermLiab": 122800000, "minorityInterest": -3791900000, "totalCurrentLiabilities": 77204700000, "totalLiab": 121233700000, "commonStock": 2586900000, "retainedEarnings": -41468500000, "treasuryStock": 15951100000, "capitalSurplus": 11502400000, "otherStockholderEquity": 15951100000, "totalStockholderEquity": -11428100000, "netTangibleAssets": -11493900000}], "maxAge": 86400}, "indexTrend": {"maxAge": 1, "symbol": "SP5", "peRatio": 19.7411, "pegRatio": 1.34172, "estimates": [{"period": "0q", "growth": 0.549}, {"period": "+1q", "growth": 0.431}, {"period": "0y", "growth": 0.305}, {"period": "+1y", "growth": 0.109}, {"period": "+5y", "growth": 0.120865}, {"period": "-5y"}]}, "defaultKeyStatistics": {"maxAge": 1, "priceHint": 4, "enterpriseValue": 54869901312, "profitMargins": -0.38356, "floatShares": 1184125814, "sharesOutstanding": 1293459968, "heldPercentInsiders": 0.40956002, "heldPercentInstitutions": 0.111590005, "beta": 1.998172, "category": null, "bookValue": -7.379, "fundFamily": null, "legalType": null, "lastFiscalYearEnd": "2019-03-31 05:30:00", "nextFiscalYearEnd": "2021-03-31 05:30:00", "mostRecentQuarter": "2019-12-31 05:30:00", "netIncomeToCommon": -9621999616, "trailingEps": -10.212, "lastSplitFactor": null, "enterpriseToRevenue": 1.594, "enterpriseToEbitda": 9.611, "52WeekChange": 1.2, "SandP52WeekChange": 0.48148263, "lastDividendValue": 0.2, "lastDividendDate": 1442880000}, "summaryProfile": {"address1": "First India Place, Tower-C", "address2": "Block-A Sushant Lok I Mehrauli Gurgaon Road", "city": "Gurugram", "zip": "122002", "country": "India", "phone": "91 12 4280 4242", "fax": "91 12 4238 9495", "website": "http://www.bilt.com", "industry": "Paper & Paper Products", "sector": "Basic Materials", "longBusinessSummary": "Ballarpur Industries Limited, together with its subsidiaries, manufactures, sells, and exports writing and printing paper, and pulp products in India and internationally. It provides writing and printing papers comprising coated and uncoated wood-free papers, copier papers, and creamwove papers; tissue papers; rayon grade pulp; and specialty papers, such as water marked bond, ledger, cartridge, envelope, super printing, and matrix multipurpose papers, as well as food packaging products. The company offers uncoated wood-free products under the Magna and Wisdom Print brands, offset printing paper under the Sunshine Super Printing Paper brand, and commercial printing under the T.A.NSD brand; and copier paper products under the Copy Power, Image Copier, Ten on Ten, and BILT Matrix brands. Ballarpur Industries Limited was incorporated in 1945 and is headquartered in Gurugram, India.", "fullTimeEmployees": 1072, "companyOfficers": [], "maxAge": 86400}, "netSharePurchaseActivity": {"maxAge": 1, "period": "6m", "buyInfoCount": 0, "buyInfoShares": 0, "sellInfoCount": 0, "netInfoCount": 0, "netInfoShares": 0, "netPercentInsiderShares": 0.0, "totalInsiderShares": 529686752}, "insiderTransactions": {"transactions": [{"maxAge": 1, "shares": 26249521, "value": 721861, "filerUrl": "", "transactionText": "Sale at price 0.03 per share.", "filerName": "ICICI Bank Ltd", "filerRelation": "Promoter", "moneyText": "", "startDate": "2020-11-25", "ownership": "D"}, {"maxAge": 1, "shares": 128052000, "filerUrl": "", "transactionText": "", "filerName": "L&T Finance Ltd", "filerRelation": "Promoter", "moneyText": "", "startDate": "2020-07-15", "ownership": "D"}, {"maxAge": 1, "shares": 295331, "filerUrl": "", "transactionText": "", "filerName": "Samena Special Situations Mauritius", "filerRelation": "Investment Advisor", "moneyText": "", "startDate": "2011-10-10", "ownership": "D"}, {"maxAge": 1, "shares": 26661, "filerUrl": "", "transactionText": "", "filerName": "Samena Special Situations Mauritius", "filerRelation": "Investment Advisor", "moneyText": "", "startDate": "2011-10-10", "ownership": "D"}, {"maxAge": 1, "shares": 1000000, "filerUrl": "", "transactionText": "", "filerName": "HDFC Trustee Company Ltd HDFC MF Monthly Income Plan Long Te", "filerRelation": "Investment Advisor", "moneyText": "", "startDate": "2010-10-20", "ownership": "D"}, {"maxAge": 1, "shares": 55000000, "filerUrl": "", "transactionText": "", "filerName": "Bilt Paper Holdings Ltd", "filerRelation": "Institution- Corporation", "moneyText": "", "startDate": "2010-06-11", "ownership": "D"}], "maxAge": 1}, "quoteType": {"exchange": "NSI", "quoteType": "EQUITY", "symbol": "BALLARPUR.NS", "underlyingSymbol": "BALLARPUR.NS", "shortName": "BALLARPUR INDS", "longName": "Ballarpur Industries Limited", "firstTradeDateEpochUtc": "2008-01-01 09:15:00", "timeZoneFullName": "Asia/Kolkata", "timeZoneShortName": "IST", "uuid": "4daa0921-4376-3550-9e1a-f65f0f259397", "messageBoardId": "finmb_2481330", "gmtOffSetMilliseconds": 19800000, "maxAge": 1}, "incomeStatementHistory": {"incomeStatementHistory": [{"maxAge": 1, "endDate": "2019-03-31", "totalRevenue": 36430600000, "costOfRevenue": 19462800000, "grossProfit": 16967800000, "researchDevelopment": {}, "sellingGeneralAdministrative": 2858500000, "nonRecurring": {}, "otherOperatingExpenses": 7852900000, "totalOperatingExpenses": 32781200000, "operatingIncome": 3649400000, "totalOtherIncomeExpenseNet": -11667700000, "ebit": 3649400000, "interestExpense": -8295200000, "incomeBeforeTax": -8018300000, "incomeTaxExpense": 335200000, "minorityInterest": -3791900000, "netIncomeFromContinuingOps": -8353500000, "discontinuedOperations": -2363500000, "extraordinaryItems": {}, "effectOfAccountingCharges": {}, "otherItems": {}, "netIncome": -9309500000, "netIncomeApplicableToCommonShares": -9309500000}, {"maxAge": 1, "endDate": "2018-03-31", "totalRevenue": 25187000000, "costOfRevenue": 13415700000, "grossProfit": 11771300000, "researchDevelopment": {}, "sellingGeneralAdministrative": 2378100000, "nonRecurring": {}, "otherOperatingExpenses": 6112200000, "totalOperatingExpenses": 24672700000, "operatingIncome": 514300000, "totalOtherIncomeExpenseNet": -10819700000, "ebit": 514300000, "interestExpense": -8023900000, "incomeBeforeTax": -10305400000, "incomeTaxExpense": -1664300000, "minorityInterest": -1365200000, "netIncomeFromContinuingOps": -8641100000, "discontinuedOperations": -11714900000, "extraordinaryItems": {}, "effectOfAccountingCharges": {}, "otherItems": {}, "netIncome": -13949500000, "netIncomeApplicableToCommonShares": -13949500000}, {"maxAge": 1, "endDate": "2017-03-31", "totalRevenue": 20586600000, "costOfRevenue": 13719400000, "grossProfit": 6867200000, "researchDevelopment": {}, "sellingGeneralAdministrative": 2921600000, "nonRecurring": {}, "otherOperatingExpenses": 7056000000, "totalOperatingExpenses": 26341700000, "operatingIncome": -5755100000, "totalOtherIncomeExpenseNet": -11412800000, "ebit": -5755100000, "interestExpense": -7790100000, "incomeBeforeTax": -17167900000, "incomeTaxExpense": -1354100000, "minorityInterest": 4826200000, "netIncomeFromContinuingOps": -15813800000, "discontinuedOperations": -4897400000, "extraordinaryItems": {}, "effectOfAccountingCharges": {}, "otherItems": {}, "netIncome": -15710900000, "netIncomeApplicableToCommonShares": -15710900000}, {"maxAge": 1, "endDate": "2016-03-31", "totalRevenue": 42345500000, "costOfRevenue": 25174800000, "grossProfit": 17170700000, "researchDevelopment": {}, "sellingGeneralAdministrative": 3220300000, "nonRecurring": {}, "otherOperatingExpenses": 6706200000, "totalOperatingExpenses": 37749300000, "operatingIncome": 4596200000, "totalOtherIncomeExpenseNet": -4154500000, "ebit": 4596200000, "interestExpense": -5508300000, "incomeBeforeTax": 441700000, "incomeTaxExpense": -68200000, "minorityInterest": 9825600000, "netIncomeFromContinuingOps": 509900000, "discontinuedOperations": -3302600000, "extraordinaryItems": {}, "effectOfAccountingCharges": {}, "otherItems": {}, "netIncome": -2100100000, "netIncomeApplicableToCommonShares": -2100100000}], "maxAge": 86400}, "fundOwnership": {"maxAge": 1, "ownershipList": []}, "summaryDetail": {"maxAge": 1, "priceHint": 4, "previousClose": 1.15, "open": 1.15, "dayLow": 1.1, "dayHigh": 1.15, "regularMarketPreviousClose": 1.15, "regularMarketOpen": 1.15, "regularMarketDayLow": 1.1, "regularMarketDayHigh": 1.15, "exDividendDate": "2015-09-22 05:30:00", "payoutRatio": 0.0, "beta": 1.998172, "volume": 788851, "regularMarketVolume": 788851, "averageVolume": 1680103, "averageVolume10days": 710822, "averageDailyVolume10Day": 710822, "bid": 0.0, "ask": 0.0, "bidSize": 0, "askSize": 0, "marketCap": 1348567040, "fiftyTwoWeekLow": 0.4, "fiftyTwoWeekHigh": 2.9, "priceToSalesTrailing12Months": 0.039175656, "fiftyDayAverage": 1.1378788, "twoHundredDayAverage": 1.248227, "trailingAnnualDividendRate": 0.267, "trailingAnnualDividendYield": 0.2321739, "currency": "INR", "fromCurrency": null, "toCurrency": null, "lastMarket": null, "algorithm": null, "tradeable": false}, "incomeStatementHistoryQuarterly": {"incomeStatementHistory": [{"maxAge": 1, "endDate": "2019-12-31", "totalRevenue": 8168100000, "costOfRevenue": 5593800000, "grossProfit": 2574300000, "researchDevelopment": {}, "sellingGeneralAdministrative": 700600000, "nonRecurring": {}, "otherOperatingExpenses": 621500000, "totalOperatingExpenses": 7546400000, "operatingIncome": 621700000, "totalOtherIncomeExpenseNet": -6176100000, "ebit": 621700000, "interestExpense": -1974000000, "incomeBeforeTax": -5554400000, "incomeTaxExpense": 600000, "minorityInterest": {}, "netIncomeFromContinuingOps": -5555000000, "discontinuedOperations": -2106200000, "extraordinaryItems": {}, "effectOfAccountingCharges": {}, "otherItems": {}, "netIncome": -6492400000, "netIncomeApplicableToCommonShares": -6492400000}, {"maxAge": 1, "endDate": "2019-09-30", "totalRevenue": 8263900000, "costOfRevenue": 5606100000, "grossProfit": 2657800000, "researchDevelopment": {}, "sellingGeneralAdministrative": 608800000, "nonRecurring": {}, "otherOperatingExpenses": 776900000, "totalOperatingExpenses": 7619900000, "operatingIncome": 644000000, "totalOtherIncomeExpenseNet": -880800000, "ebit": 644000000, "interestExpense": -2103800000, "incomeBeforeTax": -236800000, "incomeTaxExpense": 0, "minorityInterest": -4255600000, "netIncomeFromContinuingOps": -236800000, "discontinuedOperations": -518000000, "extraordinaryItems": {}, "effectOfAccountingCharges": {}, "otherItems": {}, "netIncome": -874900000, "netIncomeApplicableToCommonShares": -874900000}, {"maxAge": 1, "endDate": "2019-06-30", "totalRevenue": 8723900000, "costOfRevenue": 6037800000, "grossProfit": 2686100000, "researchDevelopment": {}, "sellingGeneralAdministrative": 623700000, "nonRecurring": {}, "otherOperatingExpenses": 637700000, "totalOperatingExpenses": 7920000000, "operatingIncome": 803900000, "totalOtherIncomeExpenseNet": -1224800000, "ebit": 803900000, "interestExpense": -1992600000, "incomeBeforeTax": -420900000, "incomeTaxExpense": 146700000, "minorityInterest": -4255600000, "netIncomeFromContinuingOps": -567600000, "discontinuedOperations": -463000000, "extraordinaryItems": {}, "effectOfAccountingCharges": {}, "otherItems": {}, "netIncome": -978800000, "netIncomeApplicableToCommonShares": -978800000}, {"maxAge": 1, "endDate": "2019-03-31", "totalRevenue": 9267700000, "costOfRevenue": 986100000, "grossProfit": 8281600000, "researchDevelopment": {}, "sellingGeneralAdministrative": 736100000, "nonRecurring": {}, "otherOperatingExpenses": 5550700000, "totalOperatingExpenses": 7863100000, "operatingIncome": 1404600000, "totalOtherIncomeExpenseNet": -6119900000, "ebit": 1404600000, "interestExpense": -2267900000, "incomeBeforeTax": -4715300000, "incomeTaxExpense": 3200000, "minorityInterest": -3791900000, "netIncomeFromContinuingOps": -4718500000, "discontinuedOperations": -494500000, "extraordinaryItems": {}, "effectOfAccountingCharges": {}, "otherItems": {}, "netIncome": -4857600000, "netIncomeApplicableToCommonShares": -4857600000}], "maxAge": 86400}, "cashflowStatementHistoryQuarterly": {"cashflowStatements": [{"maxAge": 1, "endDate": "2019-12-31", "netIncome": -6492400000, "changeToLiabilities": 0}, {"maxAge": 1, "endDate": "2019-09-30", "netIncome": -874900000, "changeToLiabilities": 0}, {"maxAge": 1, "endDate": "2019-06-30", "netIncome": -978800000, "changeToLiabilities": 0}, {"maxAge": 1, "endDate": "2019-03-31", "netIncome": -4857600000, "changeToLiabilities": 0}], "maxAge": 86400}, "insiderHolders": {"holders": [{"maxAge": 1, "name": "Bilt Paper Holdings Ltd", "relation": "Institution- Corporation", "url": "", "transactionDescription": "Acquisition", "latestTransDate": "2010-06-11", "positionDirect": 309330131, "positionDirectDate": "2010-06-11"}, {"maxAge": 1, "name": "HDFC Trustee Company Ltd HDFC MF Monthly Income Plan Long Te", "relation": "Investment Advisor", "url": "", "transactionDescription": "Acquisition", "latestTransDate": "2010-10-20", "positionDirect": 33163287, "positionDirectDate": "2010-10-20"}, {"maxAge": 1, "name": "ICICI Bank Ltd", "relation": "Promoter", "url": "", "transactionDescription": "Sale", "latestTransDate": "2020-11-25", "positionDirect": 129216230, "positionDirectDate": "2020-11-25"}, {"maxAge": 1, "name": "L&T Finance Ltd", "relation": "Promoter", "url": "", "transactionDescription": "Other", "latestTransDate": "2020-07-15", "positionDirect": 128052000, "positionDirectDate": "2020-07-15"}, {"maxAge": 1, "name": "Samena Special Situations Mauritius", "relation": "Investment Advisor", "url": "", "transactionDescription": "Acquisition", "latestTransDate": "2011-10-10", "positionDirect": 32961582, "positionDirectDate": "2011-10-10"}], "maxAge": 1}, "calendarEvents": {"maxAge": 1, "earnings": {"earningsDate": []}, "exDividendDate": "2015-09-22 05:30:00"}, "price": {"maxAge": 1, "regularMarketChangePercent": -0.04347822, "regularMarketChange": -0.049999952, "regularMarketTime": "2021-04-30 15:27:11", "priceHint": 4, "regularMarketPrice": 1.1, "regularMarketDayHigh": 1.15, "regularMarketDayLow": 1.1, "regularMarketVolume": 788851, "averageDailyVolume10Day": 710822, "averageDailyVolume3Month": 1680103, "regularMarketPreviousClose": 1.15, "regularMarketSource": "FREE_REALTIME", "regularMarketOpen": 1.15, "exchange": "NSI", "exchangeName": "NSE", "exchangeDataDelayedBy": 15, "marketState": "CLOSED", "quoteType": "EQUITY", "symbol": "BALLARPUR.NS", "underlyingSymbol": null, "shortName": "BALLARPUR INDS", "longName": "Ballarpur Industries Limited", "currency": "INR", "quoteSourceName": "Delayed Quote", "currencySymbol": "\u20b9", "fromCurrency": null, "toCurrency": null, "lastMarket": null, "marketCap": 1348567040}, "balanceSheetHistory": {"balanceSheetStatements": [{"maxAge": 1, "endDate": "2019-03-31", "cash": 2698400000, "shortTermInvestments": 164600000, "netReceivables": 2087300000, "inventory": 4468700000, "otherCurrentAssets": 31148200000, "totalCurrentAssets": 40612700000, "longTermInvestments": 892100000, "propertyPlantEquipment": 65186600000, "intangibleAssets": 65800000, "otherAssets": 3307200000, "deferredLongTermAssetCharges": 1681400000, "totalAssets": 110064400000, "accountsPayable": 9580600000, "shortLongTermDebt": 27846300000, "otherCurrentLiab": 10274900000, "longTermDebt": 42713300000, "otherLiab": 1315700000, "deferredLongTermLiab": 122800000, "minorityInterest": -3791900000, "totalCurrentLiabilities": 77204700000, "totalLiab": 121233700000, "commonStock": 2586900000, "retainedEarnings": -41468500000, "treasuryStock": 15951100000, "capitalSurplus": 11502400000, "otherStockholderEquity": 15951100000, "totalStockholderEquity": -11428100000, "netTangibleAssets": -11493900000}, {"maxAge": 1, "endDate": "2018-03-31", "cash": 1297000000, "shortTermInvestments": 112700000, "netReceivables": 2030000000, "inventory": 3505200000, "otherCurrentAssets": 28981800000, "totalCurrentAssets": 36025800000, "longTermInvestments": 1000000, "propertyPlantEquipment": 75125600000, "intangibleAssets": 119900000, "otherAssets": 3899300000, "deferredLongTermAssetCharges": 2186100000, "totalAssets": 115171600000, "accountsPayable": 10609600000, "shortLongTermDebt": 23649500000, "otherCurrentLiab": 6728100000, "longTermDebt": 47953900000, "otherLiab": 1240700000, "deferredLongTermLiab": 315500000, "minorityInterest": -1365200000, "totalCurrentLiabilities": 64197500000, "totalLiab": 113392100000, "commonStock": 2586900000, "retainedEarnings": -31262800000, "treasuryStock": 15795500000, "capitalSurplus": 11502400000, "otherStockholderEquity": 15795500000, "totalStockholderEquity": -1378000000, "netTangibleAssets": -1497900000}, {"maxAge": 1, "endDate": "2017-03-31", "cash": 1091700000, "shortTermInvestments": 103800000, "netReceivables": 8220500000, "inventory": 5491000000, "otherCurrentAssets": 31614900000, "totalCurrentAssets": 46681200000, "longTermInvestments": 407500000, "propertyPlantEquipment": 81497700000, "intangibleAssets": 453000000, "otherAssets": 3149200000, "deferredLongTermAssetCharges": 523500000, "totalAssets": 132188600000, "accountsPayable": 7900500000, "shortLongTermDebt": 15251600000, "otherCurrentLiab": 10533400000, "longTermDebt": 35107600000, "otherLiab": 1340400000, "deferredLongTermLiab": 522700000, "minorityInterest": 4826200000, "totalCurrentLiabilities": 91663400000, "totalLiab": 128111400000, "commonStock": 1311000000, "retainedEarnings": -16236900000, "treasuryStock": 11497100000, "capitalSurplus": 2679800000, "otherStockholderEquity": 11497100000, "totalStockholderEquity": -749000000, "netTangibleAssets": -1202000000}, {"maxAge": 1, "endDate": "2016-03-31", "cash": 2424800000, "shortTermInvestments": 71200000, "netReceivables": 8031400000, "inventory": 15395200000, "otherCurrentAssets": 4290600000, "totalCurrentAssets": 30517700000, "longTermInvestments": 503400000, "propertyPlantEquipment": 106152500000, "intangibleAssets": 663200000, "otherAssets": 13043000000, "totalAssets": 150879800000, "accountsPayable": 25227900000, "shortLongTermDebt": 8859100000, "otherCurrentLiab": 1040600000, "longTermDebt": 41372400000, "otherLiab": 2222400000, "deferredLongTermLiab": 565000000, "minorityInterest": 9825600000, "totalCurrentLiabilities": 68940900000, "totalLiab": 112535700000, "commonStock": 1311000000, "retainedEarnings": 11300300000, "treasuryStock": 13227400000, "capitalSurplus": 2679800000, "otherStockholderEquity": 13227400000, "totalStockholderEquity": 28518500000, "netTangibleAssets": 27855300000}], "maxAge": 86400}, "financialData": {"maxAge": 86400, "currentPrice": 1.1, "recommendationKey": "none", "totalCash": 3005499904, "totalCashPerShare": 2.324, "ebitda": 5709074944, "totalDebt": 60643700736, "totalRevenue": 34423599104, "revenuePerShare": 26.617, "grossProfits": 16967800000, "revenueGrowth": -0.145, "grossMargins": 0.4706, "ebitdaMargins": 0.16584998, "operatingMargins": 0.10092, "profitMargins": -0.38356, "financialCurrency": "INR"}}}