{"BALMLAWRIE.NS": {"assetProfile": {"address1": "Balmer Lawrie House", "address2": "21 Netaji Subhas Road", "city": "Kolkata", "zip": "700001", "country": "India", "phone": "91 33 2222 5218", "fax": "91 33 2222 5292", "website": "http://www.balmerlawrie.com", "industry": "Conglomerates", "sector": "Industrials", "longBusinessSummary": "Balmer Lawrie & Co. Ltd. engages in industrial packaging, greases and lubricants, leather chemicals, logistic services, refinery and oil field, and travel and vacation services businesses in India and internationally. The company offers industrial packaging products, including plain steel, lacquer lined, composite, galvanized, conical, internally painted, necked in, and tall drums for packaging lubricants, chemicals and agrochemicals, food and fruits, transformer oil, additives, bitumen and bitumen emulsion; industrial and automotive lubricants, such as gear, engine, turbine, transmission, transformer, spindle, rolling, quenching, mould, marine engine, hydraulic, compressor, and cylinder oil; and thread compounds, rust preventives, metal working fluids, greases, and other specialties. It also provides leather chemicals comprising fatliquors, and syntans and fillers; and refinery and oil field services, which include tank bottom oily sludge processing, lagoon oily sludge processing, and composite repair. In addition, the company offers end-to-end domestic and international travel services, such as ticketing, tourism, and MICE related services; and freight forwarding, project logistics, and third party logistics services. Further, the company offers logistics infrastructure services comprising transportation of containers to/from ports; full container load delivery; de-stuffing, storage, and delivery; handling and monitoring containers; consolidation and de-consolidation of less container load; handling and storing of break bulk cargo; covered warehousing facility for storage of EXIM cargo; general and bonded warehousing; and tracking of containers. The company was founded in 1867 and is based in Kolkata, India. Balmer Lawrie & Co. Ltd. is a subsidiary of Balmer Lawrie Investments Limited.", "fullTimeEmployees": 1076, "companyOfficers": [{"maxAge": 1, "name": "Mr. Adika Ratna Sekhar B.A., M.S.W.", "age": 56, "title": "Chairman, MD and Director of Human Resource, Corp. Affairs & Manufacturing Bus.es", "yearBorn": 1964, "fiscalYear": 2020, "totalPay": 4780648, "exercisedValue": 0, "unexercisedValue": 0}, {"maxAge": 1, "name": "Mr. Adhip Nath Palchaudhuri", "age": 51, "title": "Director of Service Bus.es & Additional Whole-Time Director", "yearBorn": 1969, "fiscalYear": 2020, "totalPay": 370935, "exercisedValue": 0, "unexercisedValue": 0}, {"maxAge": 1, "name": "Ms. Kavita  Bhavsar B.Com., L.L.B., FCS", "age": 52, "title": "Company Sec.", "yearBorn": 1968, "fiscalYear": 2020, "totalPay": 4622673, "exercisedValue": 0, "unexercisedValue": 0}, {"maxAge": 1, "name": "Mr. Sandip  Das A.C.A., B.Com.", "age": 58, "title": "CFO, Director of Fin. & Additional Whole-Time Director", "yearBorn": 1962, "exercisedValue": 0, "unexercisedValue": 0}, {"maxAge": 1, "name": "Mr. Kaustav  Sen ACS", "title": "Compliance Officer", "exercisedValue": 0, "unexercisedValue": 0}, {"maxAge": 1, "name": "Abhijit  Ghosh", "title": "Sr. VP of Human Resource", "exercisedValue": 0, "unexercisedValue": 0}, {"maxAge": 1, "name": "Mr. Manas Kumar Ganguly B.Com., C.M.A.", "age": 52, "title": "Chief Operating Officer of Logistics", "yearBorn": 1968, "exercisedValue": 0, "unexercisedValue": 0}, {"maxAge": 1, "name": "Mr. Sreejit  Banerjee B.Sc., B.Tech.", "age": 53, "title": "Chief Operating Officer of Greases & Lubricants", "yearBorn": 1967, "exercisedValue": 0, "unexercisedValue": 0}, {"maxAge": 1, "name": "Mr. Romon Sebastian Louis B.Com.", "age": 48, "title": "Chief Operating Officer of Logistics Infrastructure", "yearBorn": 1972, "exercisedValue": 0, "unexercisedValue": 0}, {"maxAge": 1, "name": "Mr. Raj Kumar Maity B.E.", "age": 46, "title": "VP & Bus. Head of Vacations", "yearBorn": 1974, "exercisedValue": 0, "unexercisedValue": 0}], "compensationAsOfEpochDate": "2020-12-31 05:30:00", "maxAge": 86400}, "recommendationTrend": {"trend": [{"period": "0m", "strongBuy": 0, "buy": 0, "hold": 0, "sell": 0, "strongSell": 0}, {"period": "-1m", "strongBuy": 0, "buy": 0, "hold": 0, "sell": 0, "strongSell": 0}, {"period": "-2m", "strongBuy": 0, "buy": 0, "hold": 0, "sell": 0, "strongSell": 0}, {"period": "-3m", "strongBuy": 0, "buy": 0, "hold": 0, "sell": 0, "strongSell": 0}], "maxAge": 86400}, "cashflowStatementHistory": {"cashflowStatements": [{"maxAge": 1, "endDate": "2020-03-31", "netIncome": 1612283000, "depreciation": 508766000, "changeToNetincome": -462648000, "changeToAccountReceivables": -67422000, "changeToLiabilities": -712940000, "changeToInventory": -21186000, "changeToOperatingActivities": 1021932000, "totalCashFromOperatingActivities": 1887332000, "capitalExpenditures": -481915000, "investments": -382762000, "otherCashflowsFromInvestingActivities": 261129000, "totalCashflowsFromInvestingActivities": -603548000, "dividendsPaid": -1502230000, "netBorrowings": 43912000, "otherCashflowsFromFinancingActivities": -148699000, "totalCashFromFinancingActivities": -1607017000, "changeInCash": -323234000}, {"maxAge": 1, "endDate": "2019-03-31", "netIncome": 1991751000, "depreciation": 291410000, "changeToNetincome": -623166000, "changeToAccountReceivables": -54782000, "changeToLiabilities": -241700000, "changeToInventory": -67579000, "changeToOperatingActivities": 632968000, "totalCashFromOperatingActivities": 1940617000, "capitalExpenditures": -2009327000, "investments": 353746000, "otherCashflowsFromInvestingActivities": 286806000, "totalCashflowsFromInvestingActivities": -1368775000, "dividendsPaid": -1368517000, "netBorrowings": 658618000, "otherCashflowsFromFinancingActivities": -71237000, "totalCashFromFinancingActivities": -781136000, "changeInCash": -209294000}, {"maxAge": 1, "endDate": "2018-03-31", "netIncome": 1652217000, "depreciation": 252672000, "changeToNetincome": -252817000, "changeToAccountReceivables": 409100000, "changeToLiabilities": 115400000, "changeToInventory": 154200000, "changeToOperatingActivities": -1059900000, "totalCashFromOperatingActivities": 1287200000, "capitalExpenditures": -1026500000, "investments": 475400000, "otherCashflowsFromInvestingActivities": 356200000, "totalCashflowsFromInvestingActivities": -192600000, "dividendsPaid": -964700000, "netBorrowings": 149000000, "otherCashflowsFromFinancingActivities": -42300000, "totalCashFromFinancingActivities": -858000000, "changeInCash": 236700000}, {"maxAge": 1, "endDate": "2017-03-31", "netIncome": 1548098000, "depreciation": 243595000, "changeToNetincome": -223198000, "changeToAccountReceivables": -613000000, "changeToLiabilities": 828200000, "changeToInventory": -322300000, "changeToOperatingActivities": 338200000, "totalCashFromOperatingActivities": 1814700000, "capitalExpenditures": -789300000, "investments": -737700000, "otherCashflowsFromInvestingActivities": 349700000, "totalCashflowsFromInvestingActivities": -1174800000, "dividendsPaid": -687000000, "netBorrowings": 149000000, "otherCashflowsFromFinancingActivities": -45400000, "totalCashFromFinancingActivities": -732400000, "changeInCash": -92500000}], "maxAge": 86400}, "indexTrend": {"maxAge": 1, "symbol": "SP5", "peRatio": 19.7411, "pegRatio": 1.34172, "estimates": [{"period": "0q", "growth": 0.549}, {"period": "+1q", "growth": 0.431}, {"period": "0y", "growth": 0.305}, {"period": "+1y", "growth": 0.109}, {"period": "+5y", "growth": 0.120865}, {"period": "-5y"}]}, "defaultKeyStatistics": {"maxAge": 1, "priceHint": 2, "enterpriseValue": 17093458944, "profitMargins": 0.06703, "floatShares": 62057280, "sharesOutstanding": 171004000, "heldPercentInsiders": 0.63346, "heldPercentInstitutions": 0.05903, "beta": 0.482868, "category": null, "bookValue": 84.5, "priceToBook": 1.5153847, "fundFamily": null, "legalType": null, "lastFiscalYearEnd": "2020-03-31 05:30:00", "nextFiscalYearEnd": "2022-03-31 05:30:00", "mostRecentQuarter": "2020-12-31 05:30:00", "earningsQuarterlyGrowth": -0.55, "netIncomeToCommon": 922054976, "trailingEps": 5.4, "lastSplitFactor": "3:2", "lastSplitDate": "2019-12-26 05:30:00", "enterpriseToRevenue": 1.243, "enterpriseToEbitda": 18.416, "52WeekChange": 0.30264497, "SandP52WeekChange": 0.48148263, "lastDividendValue": 7.5, "lastDividendDate": 1600300800}, "industryTrend": {"maxAge": 1, "symbol": null, "estimates": []}, "quoteType": {"exchange": "NSI", "quoteType": "EQUITY", "symbol": "BALMLAWRIE.NS", "underlyingSymbol": "BALMLAWRIE.NS", "shortName": "BALMER LAWRIE", "longName": "Balmer Lawrie & Co. Ltd.", "firstTradeDateEpochUtc": "2002-07-01 09:15:00", "timeZoneFullName": "Asia/Kolkata", "timeZoneShortName": "IST", "uuid": "c5eb90d3-0f6e-3d1c-9b25-b1e0caae20de", "messageBoardId": "finmb_882598", "gmtOffSetMilliseconds": 19800000, "maxAge": 1}, "incomeStatementHistory": {"incomeStatementHistory": [{"maxAge": 1, "endDate": "2020-03-31", "totalRevenue": 15344368000, "costOfRevenue": 9378252000, "grossProfit": 5966116000, "researchDevelopment": {}, "sellingGeneralAdministrative": 2226394000, "nonRecurring": {}, "otherOperatingExpenses": 1844352000, "totalOperatingExpenses": 13966311000, "operatingIncome": 1378057000, "totalOtherIncomeExpenseNet": 722778000, "ebit": 1378057000, "interestExpense": -134281000, "incomeBeforeTax": 2100835000, "incomeTaxExpense": 552743000, "minorityInterest": 441667000, "netIncomeFromContinuingOps": 1548092000, "discontinuedOperations": {}, "extraordinaryItems": {}, "effectOfAccountingCharges": {}, "otherItems": {}, "netIncome": 1612283000, "netIncomeApplicableToCommonShares": 1612283000}, {"maxAge": 1, "endDate": "2019-03-31", "totalRevenue": 17752081000, "costOfRevenue": 11245663000, "grossProfit": 6506418000, "researchDevelopment": {}, "sellingGeneralAdministrative": 2264270000, "nonRecurring": {}, "otherOperatingExpenses": 1906572000, "totalOperatingExpenses": 15719630000, "operatingIncome": 2032451000, "totalOtherIncomeExpenseNet": 791707000, "ebit": 2032451000, "interestExpense": -55810000, "incomeBeforeTax": 2824158000, "incomeTaxExpense": 854671000, "minorityInterest": 505858000, "netIncomeFromContinuingOps": 1969487000, "discontinuedOperations": {}, "extraordinaryItems": {}, "effectOfAccountingCharges": {}, "otherItems": {}, "netIncome": 1991751000, "netIncomeApplicableToCommonShares": 1991751000}, {"maxAge": 1, "endDate": "2018-03-31", "totalRevenue": 17234986000, "costOfRevenue": 10921230000, "grossProfit": 6313756000, "researchDevelopment": {}, "sellingGeneralAdministrative": 2086622000, "nonRecurring": {}, "otherOperatingExpenses": 1929652000, "totalOperatingExpenses": 15206459000, "operatingIncome": 2028527000, "totalOtherIncomeExpenseNet": 354470000, "ebit": 2028527000, "interestExpense": -28861000, "incomeBeforeTax": 2382997000, "incomeTaxExpense": 734859000, "minorityInterest": 528122000, "netIncomeFromContinuingOps": 1648138000, "discontinuedOperations": {}, "extraordinaryItems": {}, "effectOfAccountingCharges": {}, "otherItems": {}, "netIncome": 1652217000, "netIncomeApplicableToCommonShares": 1652217000}, {"maxAge": 1, "endDate": "2017-03-31", "totalRevenue": 17063641000, "costOfRevenue": 10960176000, "grossProfit": 6103465000, "researchDevelopment": {}, "sellingGeneralAdministrative": 2103637000, "nonRecurring": {}, "otherOperatingExpenses": 1891489000, "totalOperatingExpenses": 15214009000, "operatingIncome": 1849632000, "totalOtherIncomeExpenseNet": 510742000, "ebit": 1849632000, "interestExpense": -32244000, "incomeBeforeTax": 2360374000, "incomeTaxExpense": 812276000, "minorityInterest": 528122000, "netIncomeFromContinuingOps": 1548098000, "discontinuedOperations": {}, "extraordinaryItems": {}, "effectOfAccountingCharges": {}, "otherItems": {}, "netIncome": 1548098000, "netIncomeApplicableToCommonShares": 1548098000}], "maxAge": 86400}, "fundOwnership": {"maxAge": 1, "ownershipList": [{"maxAge": 1, "reportDate": "2021-02-28", "organization": "WisdomTree Tr-WisdomTree Emerging Markets Small Cap Dividend Fund", "pctHeld": 0.0041, "position": 700471, "value": 86263003}, {"maxAge": 1, "reportDate": "2021-01-31", "organization": "DFA Emerging Markets Core Equity Portfolio", "pctHeld": 0.0034999999, "position": 591053, "value": 70246649}, {"maxAge": 1, "reportDate": "2021-01-31", "organization": "DFA Investment Dimensions-DFA Emerging Mkts Value", "pctHeld": 0.0034, "position": 576198, "value": 68481132}, {"maxAge": 1, "reportDate": "2021-01-31", "organization": "DFA Emerging Markets Small Cap Series", "pctHeld": 0.002, "position": 335716, "value": 39899846}, {"maxAge": 1, "reportDate": "2021-02-28", "organization": "WisdomTree Tr-WisdomTree India Earnings Fd", "pctHeld": 0.0011999999, "position": 203872, "value": 25106836}, {"maxAge": 1, "reportDate": "2021-01-31", "organization": "DFA Investment Dimensions-World Ex U.S. Core Equity Port", "pctHeld": 0.0002, "position": 31203, "value": 3708476}, {"maxAge": 1, "reportDate": "2021-01-31", "organization": "DFA Investment Dimensions-Emerging Markets Social Core Equity", "pctHeld": 0.0002, "position": 30656, "value": 3643465}, {"maxAge": 1, "reportDate": "2021-01-31", "organization": "DFA T.A. World Ex U.S. Core Equity Portfolio", "pctHeld": 0.0002, "position": 27609, "value": 3281329}, {"maxAge": 1, "reportDate": "2020-12-31", "organization": "Segall Bryant & Hamill Emerging Markets Fd", "pctHeld": 0.0001, "position": 18468, "value": 2365750}, {"maxAge": 1, "reportDate": "2021-01-31", "organization": "DFA Investment Dimensions-DFA World Ex U.S. Targeted Value Port", "pctHeld": 0.0001, "position": 13193, "value": 1567988}]}, "summaryDetail": {"maxAge": 1, "priceHint": 2, "previousClose": 125.7, "open": 124.65, "dayLow": 124.1, "dayHigh": 132.0, "regularMarketPreviousClose": 125.7, "regularMarketOpen": 124.65, "regularMarketDayLow": 124.1, "regularMarketDayHigh": 132.0, "dividendRate": 7.5, "dividendYield": 0.059699997, "exDividendDate": "2020-09-17 05:30:00", "payoutRatio": 1.3889, "fiveYearAvgDividendYield": 4.49, "beta": 0.482868, "trailingPE": 23.712963, "volume": 1312185, "regularMarketVolume": 1312185, "averageVolume": 1284666, "averageVolume10days": 489081, "averageDailyVolume10Day": 489081, "bid": 0.0, "ask": 0.0, "bidSize": 0, "askSize": 0, "marketCap": 21905770496, "fiftyTwoWeekLow": 91.6, "fiftyTwoWeekHigh": 169.75, "priceToSalesTrailing12Months": 1.5924298, "fiftyDayAverage": 128.78857, "twoHundredDayAverage": 118.78299, "trailingAnnualDividendRate": 7.5, "trailingAnnualDividendYield": 0.059665874, "currency": "INR", "fromCurrency": null, "toCurrency": null, "lastMarket": null, "algorithm": null, "tradeable": false}, "insiderHolders": {"holders": [], "maxAge": 1}, "calendarEvents": {"maxAge": 1, "earnings": {"earningsDate": []}, "exDividendDate": "2020-09-17 05:30:00"}, "price": {"maxAge": 1, "regularMarketChangePercent": 0.018695354, "regularMarketChange": 2.350006, "regularMarketTime": "2021-04-30 15:29:56", "priceHint": 2, "regularMarketPrice": 128.05, "regularMarketDayHigh": 132.0, "regularMarketDayLow": 124.1, "regularMarketVolume": 1312185, "averageDailyVolume10Day": 489081, "averageDailyVolume3Month": 1284666, "regularMarketPreviousClose": 125.7, "regularMarketSource": "FREE_REALTIME", "regularMarketOpen": 124.65, "exchange": "NSI", "exchangeName": "NSE", "exchangeDataDelayedBy": 15, "marketState": "CLOSED", "quoteType": "EQUITY", "symbol": "BALMLAWRIE.NS", "underlyingSymbol": null, "shortName": "BALMER LAWRIE", "longName": "Balmer Lawrie & Co. Ltd.", "currency": "INR", "quoteSourceName": "Delayed Quote", "currencySymbol": "\u20b9", "fromCurrency": null, "toCurrency": null, "lastMarket": null, "marketCap": 21905770496}, "balanceSheetHistory": {"balanceSheetStatements": [{"maxAge": 1, "endDate": "2020-03-31", "cash": 226625000, "shortTermInvestments": 4245109000, "netReceivables": 4763284000, "inventory": 1450570000, "otherCurrentAssets": 780471000, "totalCurrentAssets": 11521932000, "longTermInvestments": 3747044000, "propertyPlantEquipment": 7900353000, "intangibleAssets": 28237000, "otherAssets": 155996000, "totalAssets": 23353562000, "accountsPayable": 2216115000, "shortLongTermDebt": 26422000, "otherCurrentLiab": 2374757000, "longTermDebt": 940785000, "otherLiab": 1361225000, "minorityInterest": 441667000, "totalCurrentLiabilities": 4936590000, "totalLiab": 7373570000, "commonStock": 1710038000, "retainedEarnings": 13573608000, "treasuryStock": -107998000, "capitalSurplus": 362677000, "otherStockholderEquity": -107998000, "totalStockholderEquity": 15538325000, "netTangibleAssets": 15510088000}, {"maxAge": 1, "endDate": "2019-03-31", "cash": 549859000, "shortTermInvestments": 3863013000, "netReceivables": 5269608000, "inventory": 1429331000, "otherCurrentAssets": 569752000, "totalCurrentAssets": 11766374000, "longTermInvestments": 3250653000, "propertyPlantEquipment": 6803668000, "intangibleAssets": 39108000, "otherAssets": 961694000, "totalAssets": 22821497000, "accountsPayable": 2929908000, "shortLongTermDebt": 30639000, "otherCurrentLiab": 2109234000, "longTermDebt": 760824000, "otherLiab": 1179467000, "minorityInterest": 505858000, "totalCurrentLiabilities": 5180039000, "totalLiab": 7120330000, "commonStock": 1140025000, "retainedEarnings": 13643962000, "treasuryStock": 48645000, "capitalSurplus": 362677000, "otherStockholderEquity": 48645000, "totalStockholderEquity": 15195309000, "netTangibleAssets": 15156201000}, {"maxAge": 1, "endDate": "2018-03-31", "cash": 759153000, "shortTermInvestments": 4270313000, "netReceivables": 5360181000, "inventory": 1366332000, "otherCurrentAssets": 731389000, "totalCurrentAssets": 12583729000, "longTermInvestments": 2926038000, "propertyPlantEquipment": 5418166000, "intangibleAssets": 52727000, "otherAssets": 928491000, "totalAssets": 21909151000, "accountsPayable": 3183756000, "shortLongTermDebt": 37435000, "otherCurrentLiab": 2363779000, "longTermDebt": 111599000, "otherLiab": 1014912000, "minorityInterest": 528122000, "totalCurrentLiabilities": 5685107000, "totalLiab": 6811618000, "commonStock": 1140025000, "treasuryStock": 13429386000, "otherStockholderEquity": 13429386000, "totalStockholderEquity": 14569411000, "netTangibleAssets": 14516684000}, {"maxAge": 1, "endDate": "2017-03-31", "cash": 5298365000, "netReceivables": 4849193000, "inventory": 1516964000, "otherCurrentAssets": 791822000, "totalCurrentAssets": 12521652000, "longTermInvestments": 2713419000, "propertyPlantEquipment": 4455877000, "goodWill": 68932000, "intangibleAssets": 62960000, "otherAssets": 476341000, "totalAssets": 20299181000, "accountsPayable": 3071173000, "otherCurrentLiab": 2515826000, "otherLiab": 880748000, "totalCurrentLiabilities": 5804819000, "totalLiab": 6685567000, "commonStock": 1140025000, "retainedEarnings": 12002862000, "treasuryStock": 108050000, "capitalSurplus": 362677000, "otherStockholderEquity": 108050000, "totalStockholderEquity": 13613614000, "netTangibleAssets": 13481722000}], "maxAge": 86400}, "earningsTrend": {"trend": [{"maxAge": 1, "period": "0q", "endDate": "2018-06-30", "growth": {}, "earningsEstimate": {"avg": 0.0, "low": 0.0, "high": 0.0, "yearAgoEps": {}, "numberOfAnalysts": 0, "growth": {}}, "revenueEstimate": {"avg": 0, "low": 0, "high": 0, "numberOfAnalysts": 0, "yearAgoRevenue": {}, "growth": {}}, "epsTrend": {"current": 0.0, "7daysAgo": 0.0, "30daysAgo": 0.0, "60daysAgo": 0.0, "90daysAgo": 0.0}, "epsRevisions": {"upLast7days": 0, "upLast30days": 0, "downLast30days": 0, "downLast90days": {}}}, {"maxAge": 1, "period": "+1q", "endDate": "2018-09-30", "growth": {}, "earningsEstimate": {"avg": 0.0, "low": 0.0, "high": 0.0, "yearAgoEps": {}, "numberOfAnalysts": 0, "growth": {}}, "revenueEstimate": {"avg": 0, "low": 0, "high": 0, "numberOfAnalysts": 0, "yearAgoRevenue": {}, "growth": {}}, "epsTrend": {"current": 0.0, "7daysAgo": 0.0, "30daysAgo": 0.0, "60daysAgo": 0.0, "90daysAgo": 0.0}, "epsRevisions": {"upLast7days": 0, "upLast30days": 0, "downLast30days": 0, "downLast90days": {}}}, {"maxAge": 1, "period": "0y", "endDate": "2019-03-31", "growth": -0.106000006, "earningsEstimate": {"avg": 14.49, "low": 14.49, "high": 14.49, "yearAgoEps": 16.21, "numberOfAnalysts": 1, "growth": -0.106000006}, "revenueEstimate": {"avg": 18904900000, "low": 18904900000, "high": 18904900000, "numberOfAnalysts": 1, "yearAgoRevenue": 17261700000, "growth": 0.095}, "epsTrend": {"current": 14.49, "7daysAgo": 14.49, "30daysAgo": 14.49, "60daysAgo": 14.49, "90daysAgo": 0.0}, "epsRevisions": {"upLast7days": 0, "upLast30days": 0, "downLast30days": 0, "downLast90days": {}}}, {"maxAge": 1, "period": "+1y", "endDate": "2020-03-31", "growth": {}, "earningsEstimate": {"avg": 0.0, "low": 0.0, "high": 0.0, "yearAgoEps": 14.49, "numberOfAnalysts": 0, "growth": {}}, "revenueEstimate": {"avg": 0, "low": 0, "high": 0, "numberOfAnalysts": 0, "yearAgoRevenue": 18904900000, "growth": {}}, "epsTrend": {"current": 0.0, "7daysAgo": 0.0, "30daysAgo": 0.0, "60daysAgo": 0.0, "90daysAgo": 0.0}, "epsRevisions": {"upLast7days": 0, "upLast30days": 0, "downLast30days": 0, "downLast90days": {}}}, {"maxAge": 1, "period": "+5y", "endDate": null, "growth": {}, "earningsEstimate": {"avg": {}, "low": {}, "high": {}, "yearAgoEps": {}, "numberOfAnalysts": {}, "growth": {}}, "revenueEstimate": {"avg": {}, "low": {}, "high": {}, "numberOfAnalysts": {}, "yearAgoRevenue": {}, "growth": {}}, "epsTrend": {"current": {}, "7daysAgo": {}, "30daysAgo": {}, "60daysAgo": {}, "90daysAgo": {}}, "epsRevisions": {"upLast7days": {}, "upLast30days": {}, "downLast30days": {}, "downLast90days": {}}}, {"maxAge": 1, "period": "-5y", "endDate": null, "growth": 0.19065, "earningsEstimate": {"avg": {}, "low": {}, "high": {}, "yearAgoEps": {}, "numberOfAnalysts": {}, "growth": {}}, "revenueEstimate": {"avg": {}, "low": {}, "high": {}, "numberOfAnalysts": {}, "yearAgoRevenue": {}, "growth": {}}, "epsTrend": {"current": {}, "7daysAgo": {}, "30daysAgo": {}, "60daysAgo": {}, "90daysAgo": {}}, "epsRevisions": {"upLast7days": {}, "upLast30days": {}, "downLast30days": {}, "downLast90days": {}}}], "maxAge": 1}, "institutionOwnership": {"maxAge": 1, "ownershipList": []}, "majorHoldersBreakdown": {"maxAge": 1, "insidersPercentHeld": 0.63346, "institutionsPercentHeld": 0.05903, "institutionsFloatPercentHeld": 0.16103001, "institutionsCount": 12}, "balanceSheetHistoryQuarterly": {"balanceSheetStatements": [{"maxAge": 1, "endDate": "2020-12-31", "totalStockholderEquity": 14476061000, "netTangibleAssets": 14452576000}, {"maxAge": 1, "endDate": "2020-09-30", "cash": 4724844000, "shortTermInvestments": 1340087000, "netReceivables": 2662297000, "inventory": 1188535000, "otherCurrentAssets": 803345000, "totalCurrentAssets": 10719108000, "longTermInvestments": 3845154000, "propertyPlantEquipment": 7757600000, "intangibleAssets": 23485000, "otherAssets": 180437000, "totalAssets": 22525784000, "accountsPayable": 2314356000, "otherCurrentLiab": 2752266000, "longTermDebt": 975016000, "otherLiab": 1397167000, "minorityInterest": 417569000, "totalCurrentLiabilities": 5173266000, "totalLiab": 7632154000, "commonStock": 1710038000, "treasuryStock": 12766023000, "otherStockholderEquity": 12766023000, "totalStockholderEquity": 14476061000, "netTangibleAssets": 14452576000}, {"maxAge": 1, "endDate": "2020-06-30", "totalStockholderEquity": 15538325000, "netTangibleAssets": 15510088000}, {"maxAge": 1, "endDate": "2020-03-31", "cash": 226625000, "shortTermInvestments": 4245109000, "netReceivables": 4763284000, "inventory": 1450570000, "otherCurrentAssets": 780471000, "totalCurrentAssets": 11521932000, "longTermInvestments": 3747044000, "propertyPlantEquipment": 7900353000, "intangibleAssets": 28237000, "otherAssets": 155996000, "totalAssets": 23353562000, "accountsPayable": 2216115000, "shortLongTermDebt": 26422000, "otherCurrentLiab": 2374757000, "longTermDebt": 940785000, "otherLiab": 1361225000, "minorityInterest": 441667000, "totalCurrentLiabilities": 4936590000, "totalLiab": 7373570000, "commonStock": 1710038000, "retainedEarnings": 13573608000, "treasuryStock": -107998000, "capitalSurplus": 362677000, "otherStockholderEquity": -107998000, "totalStockholderEquity": 15538325000, "netTangibleAssets": 15510088000}], "maxAge": 86400}, "earningsHistory": {"history": [{"maxAge": 1, "epsActual": {}, "epsEstimate": {}, "epsDifference": {}, "surprisePercent": {}, "quarter": {}, "period": "-4q"}, {"maxAge": 1, "epsActual": {}, "epsEstimate": {}, "epsDifference": {}, "surprisePercent": {}, "quarter": {}, "period": "-3q"}, {"maxAge": 1, "epsActual": {}, "epsEstimate": {}, "epsDifference": {}, "surprisePercent": {}, "quarter": {}, "period": "-2q"}, {"maxAge": 1, "epsActual": 7.71, "epsEstimate": 4.98, "epsDifference": 2.73, "surprisePercent": 0.548, "quarter": "2018-03-31", "period": "-1q"}], "maxAge": 86400}, "summaryProfile": {"address1": "Balmer Lawrie House", "address2": "21 Netaji Subhas Road", "city": "Kolkata", "zip": "700001", "country": "India", "phone": "91 33 2222 5218", "fax": "91 33 2222 5292", "website": "http://www.balmerlawrie.com", "industry": "Conglomerates", "sector": "Industrials", "longBusinessSummary": "Balmer Lawrie & Co. Ltd. engages in industrial packaging, greases and lubricants, leather chemicals, logistic services, refinery and oil field, and travel and vacation services businesses in India and internationally. The company offers industrial packaging products, including plain steel, lacquer lined, composite, galvanized, conical, internally painted, necked in, and tall drums for packaging lubricants, chemicals and agrochemicals, food and fruits, transformer oil, additives, bitumen and bitumen emulsion; industrial and automotive lubricants, such as gear, engine, turbine, transmission, transformer, spindle, rolling, quenching, mould, marine engine, hydraulic, compressor, and cylinder oil; and thread compounds, rust preventives, metal working fluids, greases, and other specialties. It also provides leather chemicals comprising fatliquors, and syntans and fillers; and refinery and oil field services, which include tank bottom oily sludge processing, lagoon oily sludge processing, and composite repair. In addition, the company offers end-to-end domestic and international travel services, such as ticketing, tourism, and MICE related services; and freight forwarding, project logistics, and third party logistics services. Further, the company offers logistics infrastructure services comprising transportation of containers to/from ports; full container load delivery; de-stuffing, storage, and delivery; handling and monitoring containers; consolidation and de-consolidation of less container load; handling and storing of break bulk cargo; covered warehousing facility for storage of EXIM cargo; general and bonded warehousing; and tracking of containers. The company was founded in 1867 and is based in Kolkata, India. Balmer Lawrie & Co. Ltd. is a subsidiary of Balmer Lawrie Investments Limited.", "fullTimeEmployees": 1076, "companyOfficers": [], "maxAge": 86400}, "netSharePurchaseActivity": {"maxAge": 1, "period": "6m", "buyInfoCount": 0, "buyInfoShares": 0, "sellInfoCount": 0, "netInfoCount": 0, "netInfoShares": 0, "netPercentInsiderShares": 0.0, "totalInsiderShares": 108713512}, "sectorTrend": {"maxAge": 1, "symbol": null, "estimates": []}, "incomeStatementHistoryQuarterly": {"incomeStatementHistory": [{"maxAge": 1, "endDate": "2020-12-31", "totalRevenue": 3879228000, "costOfRevenue": 2512531000, "grossProfit": 1366697000, "researchDevelopment": {}, "sellingGeneralAdministrative": 608649000, "nonRecurring": {}, "otherOperatingExpenses": 519550000, "totalOperatingExpenses": 3779235000, "operatingIncome": 99993000, "totalOtherIncomeExpenseNet": 174937000, "ebit": 99993000, "interestExpense": -23214000, "incomeBeforeTax": 274930000, "incomeTaxExpense": 96301000, "minorityInterest": {}, "netIncomeFromContinuingOps": 178629000, "discontinuedOperations": {}, "extraordinaryItems": {}, "effectOfAccountingCharges": {}, "otherItems": {}, "netIncome": 193929000, "netIncomeApplicableToCommonShares": 193929000}, {"maxAge": 1, "endDate": "2020-09-30", "totalRevenue": 3654141000, "costOfRevenue": 2287956000, "grossProfit": 1366185000, "researchDevelopment": {}, "sellingGeneralAdministrative": 564997000, "nonRecurring": {}, "otherOperatingExpenses": 514162000, "totalOperatingExpenses": 3499503000, "operatingIncome": 154638000, "totalOtherIncomeExpenseNet": 207993000, "ebit": 154638000, "interestExpense": -29863000, "incomeBeforeTax": 362631000, "incomeTaxExpense": 77704000, "minorityInterest": 417569000, "netIncomeFromContinuingOps": 284927000, "discontinuedOperations": {}, "extraordinaryItems": {}, "effectOfAccountingCharges": {}, "otherItems": {}, "netIncome": 296375000, "netIncomeApplicableToCommonShares": 296375000}, {"maxAge": 1, "endDate": "2020-06-30", "totalRevenue": 2768689000, "costOfRevenue": 1798514000, "grossProfit": 970175000, "researchDevelopment": {}, "sellingGeneralAdministrative": 607910000, "nonRecurring": {}, "otherOperatingExpenses": 383760000, "totalOperatingExpenses": 2924574000, "operatingIncome": -155885000, "totalOtherIncomeExpenseNet": 91144000, "ebit": -155885000, "interestExpense": -36448000, "incomeBeforeTax": -64741000, "incomeTaxExpense": -12466000, "minorityInterest": 417569000, "netIncomeFromContinuingOps": -52275000, "discontinuedOperations": {}, "extraordinaryItems": {}, "effectOfAccountingCharges": {}, "otherItems": {}, "netIncome": -39625000, "netIncomeApplicableToCommonShares": -39625000}, {"maxAge": 1, "endDate": "2020-03-31", "totalRevenue": 3454135000, "costOfRevenue": 2036614000, "grossProfit": 1417521000, "researchDevelopment": {}, "sellingGeneralAdministrative": 454518000, "nonRecurring": {}, "otherOperatingExpenses": 318415000, "totalOperatingExpenses": 3004142000, "operatingIncome": 449993000, "totalOtherIncomeExpenseNet": 228561000, "ebit": 449993000, "interestExpense": -31454000, "incomeBeforeTax": 678554000, "incomeTaxExpense": 222752000, "minorityInterest": 441667000, "netIncomeFromContinuingOps": 455802000, "discontinuedOperations": {}, "extraordinaryItems": {}, "effectOfAccountingCharges": {}, "otherItems": {}, "netIncome": 471376000, "netIncomeApplicableToCommonShares": 471376000}], "maxAge": 86400}, "cashflowStatementHistoryQuarterly": {"cashflowStatements": [{"maxAge": 1, "endDate": "2020-12-31", "netIncome": 193929000, "changeToLiabilities": 0}, {"maxAge": 1, "endDate": "2020-09-30", "netIncome": 296375000, "changeToLiabilities": 0}, {"maxAge": 1, "endDate": "2020-06-30", "netIncome": -39625000, "changeToLiabilities": 0}, {"maxAge": 1, "endDate": "2020-03-31", "netIncome": 471376000, "changeToLiabilities": 0}], "maxAge": 86400}, "earnings": {"maxAge": 86400, "earningsChart": {"quarterly": [{"date": "1Q2018", "actual": 7.71, "estimate": 4.98}], "currentQuarterEstimateDate": "2Q", "currentQuarterEstimateYear": 2018, "earningsDate": []}, "financialsChart": {"yearly": [{"date": 2017, "revenue": 17063641000, "earnings": 1548098000}, {"date": 2018, "revenue": 17234986000, "earnings": 1652217000}, {"date": 2019, "revenue": 17752081000, "earnings": 1991751000}, {"date": 2020, "revenue": 15344368000, "earnings": 1612283000}], "quarterly": [{"date": "1Q2020", "revenue": 3454135000, "earnings": 471376000}, {"date": "2Q2020", "revenue": 2768689000, "earnings": -39625000}, {"date": "3Q2020", "revenue": 3654141000, "earnings": 296375000}, {"date": "4Q2020", "revenue": 3879228000, "earnings": 193929000}]}, "financialCurrency": "INR"}, "financialData": {"maxAge": 86400, "currentPrice": 128.05, "targetHighPrice": 245.0, "targetLowPrice": 245.0, "targetMeanPrice": 245.0, "targetMedianPrice": 245.0, "recommendationMean": 2.0, "recommendationKey": "buy", "numberOfAnalystOpinions": 1, "totalCash": 6064930816, "totalCashPerShare": 35.34, "ebitda": 928197504, "totalDebt": 1168365056, "totalRevenue": 13756192768, "debtToEquity": 7.845, "revenuePerShare": 80.563, "grossProfits": 5966116000, "earningsGrowth": -0.535, "revenueGrowth": 0.036, "grossMargins": 0.37223998, "ebitdaMargins": 0.06747, "operatingMargins": 0.03925, "profitMargins": 0.06703, "financialCurrency": "INR"}}}