{"BALMLAWRIE.BO": {"recommendationTrend": {"trend": [{"period": "0m", "strongBuy": 0, "buy": 0, "hold": 0, "sell": 0, "strongSell": 0}, {"period": "-1m", "strongBuy": 0, "buy": 0, "hold": 0, "sell": 0, "strongSell": 0}, {"period": "-2m", "strongBuy": 0, "buy": 0, "hold": 0, "sell": 0, "strongSell": 0}, {"period": "-3m", "strongBuy": 0, "buy": 0, "hold": 0, "sell": 0, "strongSell": 0}], "maxAge": 86400}, "cashflowStatementHistory": {"cashflowStatements": [{"maxAge": 1, "endDate": "2020-03-31", "netIncome": 1612283000, "depreciation": 508766000, "changeToNetincome": -462648000, "changeToAccountReceivables": -67422000, "changeToLiabilities": -712940000, "changeToInventory": -21186000, "changeToOperatingActivities": 1021932000, "totalCashFromOperatingActivities": 1887332000, "capitalExpenditures": -481915000, "investments": -382762000, "otherCashflowsFromInvestingActivities": 261129000, "totalCashflowsFromInvestingActivities": -603548000, "dividendsPaid": -1502230000, "netBorrowings": 43912000, "otherCashflowsFromFinancingActivities": -148699000, "totalCashFromFinancingActivities": -1607017000, "changeInCash": -323234000}, {"maxAge": 1, "endDate": "2019-03-31", "netIncome": 1991751000, "depreciation": 291410000, "changeToNetincome": -623166000, "changeToAccountReceivables": -54782000, "changeToLiabilities": -241700000, "changeToInventory": -67579000, "changeToOperatingActivities": 632968000, "totalCashFromOperatingActivities": 1940617000, "capitalExpenditures": -2009327000, "investments": 353746000, "otherCashflowsFromInvestingActivities": 286806000, "totalCashflowsFromInvestingActivities": -1368775000, "dividendsPaid": -1368517000, "netBorrowings": 658618000, "otherCashflowsFromFinancingActivities": -71237000, "totalCashFromFinancingActivities": -781136000, "changeInCash": -209294000}, {"maxAge": 1, "endDate": "2018-03-31", "netIncome": 1652217000, "depreciation": 252672000, "changeToNetincome": -252817000, "changeToAccountReceivables": 409100000, "changeToLiabilities": 115400000, "changeToInventory": 154200000, "changeToOperatingActivities": -1059900000, "totalCashFromOperatingActivities": 1287200000, "capitalExpenditures": -1026500000, "investments": 475400000, "otherCashflowsFromInvestingActivities": 356200000, "totalCashflowsFromInvestingActivities": -192600000, "dividendsPaid": -964700000, "netBorrowings": 149000000, "otherCashflowsFromFinancingActivities": -42300000, "totalCashFromFinancingActivities": -858000000, "changeInCash": 236700000}, {"maxAge": 1, "endDate": "2017-03-31", "netIncome": 1548098000, "depreciation": 243595000, "changeToNetincome": -223198000, "changeToAccountReceivables": -613000000, "changeToLiabilities": 828200000, "changeToInventory": -322300000, "changeToOperatingActivities": 338200000, "totalCashFromOperatingActivities": 1814700000, "capitalExpenditures": -789300000, "investments": -737700000, "otherCashflowsFromInvestingActivities": 349700000, "totalCashflowsFromInvestingActivities": -1174800000, "dividendsPaid": -687000000, "netBorrowings": 149000000, "otherCashflowsFromFinancingActivities": -45400000, "totalCashFromFinancingActivities": -732400000, "changeInCash": -92500000}], "maxAge": 86400}, "institutionOwnership": {"maxAge": 1, "ownershipList": []}, "balanceSheetHistoryQuarterly": {"balanceSheetStatements": [{"maxAge": 1, "endDate": "2020-06-30", "totalStockholderEquity": 15538325000, "netTangibleAssets": 15510088000}, {"maxAge": 1, "endDate": "2020-03-31", "cash": 226625000, "shortTermInvestments": 4245109000, "netReceivables": 4763284000, "inventory": 1450570000, "otherCurrentAssets": 780471000, "totalCurrentAssets": 11521932000, "longTermInvestments": 3747044000, "propertyPlantEquipment": 7900353000, "intangibleAssets": 28237000, "otherAssets": 155996000, "totalAssets": 23353562000, "accountsPayable": 2216115000, "shortLongTermDebt": 26422000, "otherCurrentLiab": 2374757000, "longTermDebt": 940785000, "otherLiab": 1361225000, "minorityInterest": 441667000, "totalCurrentLiabilities": 4936590000, "totalLiab": 7373570000, "commonStock": 1710038000, "retainedEarnings": 13573608000, "treasuryStock": -107998000, "capitalSurplus": 362677000, "otherStockholderEquity": -107998000, "totalStockholderEquity": 15538325000, "netTangibleAssets": 15510088000}, {"maxAge": 1, "endDate": "2019-12-31", "totalStockholderEquity": 14107522000, "netTangibleAssets": 14073918000}, {"maxAge": 1, "endDate": "2019-09-30", "cash": 4032029000, "shortTermInvestments": 2138156000, "netReceivables": 3254256000, "inventory": 1521162000, "otherCurrentAssets": 1067150000, "totalCurrentAssets": 12012753000, "longTermInvestments": 3613841000, "propertyPlantEquipment": 7217513000, "intangibleAssets": 33604000, "otherAssets": 569019000, "totalAssets": 23446730000, "accountsPayable": 2861816000, "shortLongTermDebt": 379724000, "otherCurrentLiab": 2868997000, "longTermDebt": 947073000, "otherLiab": 1607300000, "minorityInterest": 471822000, "totalCurrentLiabilities": 6205446000, "totalLiab": 8867386000, "commonStock": 1140025000, "treasuryStock": 12967497000, "otherStockholderEquity": 12967497000, "totalStockholderEquity": 14107522000, "netTangibleAssets": 14073918000}], "maxAge": 86400}, "earningsHistory": {"history": [{"maxAge": 1, "epsActual": {}, "epsEstimate": {}, "epsDifference": {}, "surprisePercent": {}, "quarter": {}, "period": "-4q"}, {"maxAge": 1, "epsActual": {}, "epsEstimate": {}, "epsDifference": {}, "surprisePercent": {}, "quarter": {}, "period": "-3q"}, {"maxAge": 1, "epsActual": 7.71, "epsEstimate": 4.98, "epsDifference": 2.73, "surprisePercent": 0.548, "quarter": "2018-03-31", "period": "-2q"}, {"maxAge": 1, "epsActual": 3.41, "epsEstimate": 3.78, "epsDifference": -0.37, "surprisePercent": -0.098000005, "quarter": "2018-06-30", "period": "-1q"}], "maxAge": 86400}, "indexTrend": {"maxAge": 1, "symbol": "SP5", "peRatio": 19.7411, "pegRatio": 1.34172, "estimates": [{"period": "0q", "growth": 0.549}, {"period": "+1q", "growth": 0.431}, {"period": "0y", "growth": 0.305}, {"period": "+1y", "growth": 0.109}, {"period": "+5y", "growth": 0.120865}, {"period": "-5y"}]}, "industryTrend": {"maxAge": 1, "symbol": null, "estimates": []}, "quoteType": {"exchange": "BSE", "quoteType": "EQUITY", "symbol": "BALMLAWRIE.BO", "underlyingSymbol": "BALMLAWRIE.BO", "shortName": "BALMER LAWRIE & CO.LTD.", "longName": "Balmer Lawrie & Co. Ltd.", "firstTradeDateEpochUtc": "2000-01-03 09:15:00", "timeZoneFullName": "Asia/Kolkata", "timeZoneShortName": "IST", "uuid": "eb8a8e01-a9b5-3f0b-9924-196b5dab10f1", "messageBoardId": null, "gmtOffSetMilliseconds": 19800000, "maxAge": 1}, "incomeStatementHistory": {"incomeStatementHistory": [{"maxAge": 1, "endDate": "2020-03-31", "totalRevenue": 15344368000, "costOfRevenue": 9378252000, "grossProfit": 5966116000, "researchDevelopment": {}, "sellingGeneralAdministrative": 2226394000, "nonRecurring": {}, "otherOperatingExpenses": 1844352000, "totalOperatingExpenses": 13966311000, "operatingIncome": 1378057000, "totalOtherIncomeExpenseNet": 722778000, "ebit": 1378057000, "interestExpense": -134281000, "incomeBeforeTax": 2100835000, "incomeTaxExpense": 552743000, "minorityInterest": 441667000, "netIncomeFromContinuingOps": 1548092000, "discontinuedOperations": {}, "extraordinaryItems": {}, "effectOfAccountingCharges": {}, "otherItems": {}, "netIncome": 1612283000, "netIncomeApplicableToCommonShares": 1612283000}, {"maxAge": 1, "endDate": "2019-03-31", "totalRevenue": 17752081000, "costOfRevenue": 11245663000, "grossProfit": 6506418000, "researchDevelopment": {}, "sellingGeneralAdministrative": 2264270000, "nonRecurring": {}, "otherOperatingExpenses": 1906572000, "totalOperatingExpenses": 15719630000, "operatingIncome": 2032451000, "totalOtherIncomeExpenseNet": 791707000, "ebit": 2032451000, "interestExpense": -55810000, "incomeBeforeTax": 2824158000, "incomeTaxExpense": 854671000, "minorityInterest": 505858000, "netIncomeFromContinuingOps": 1969487000, "discontinuedOperations": {}, "extraordinaryItems": {}, "effectOfAccountingCharges": {}, "otherItems": {}, "netIncome": 1991751000, "netIncomeApplicableToCommonShares": 1991751000}, {"maxAge": 1, "endDate": "2018-03-31", "totalRevenue": 17234986000, "costOfRevenue": 10921230000, "grossProfit": 6313756000, "researchDevelopment": {}, "sellingGeneralAdministrative": 2086622000, "nonRecurring": {}, "otherOperatingExpenses": 1929652000, "totalOperatingExpenses": 15206459000, "operatingIncome": 2028527000, "totalOtherIncomeExpenseNet": 354470000, "ebit": 2028527000, "interestExpense": -28861000, "incomeBeforeTax": 2382997000, "incomeTaxExpense": 734859000, "minorityInterest": 528122000, "netIncomeFromContinuingOps": 1648138000, "discontinuedOperations": {}, "extraordinaryItems": {}, "effectOfAccountingCharges": {}, "otherItems": {}, "netIncome": 1652217000, "netIncomeApplicableToCommonShares": 1652217000}, {"maxAge": 1, "endDate": "2017-03-31", "totalRevenue": 17063641000, "costOfRevenue": 10960176000, "grossProfit": 6103465000, "researchDevelopment": {}, "sellingGeneralAdministrative": 2103637000, "nonRecurring": {}, "otherOperatingExpenses": 1891489000, "totalOperatingExpenses": 15214009000, "operatingIncome": 1849632000, "totalOtherIncomeExpenseNet": 510742000, "ebit": 1849632000, "interestExpense": -32244000, "incomeBeforeTax": 2360374000, "incomeTaxExpense": 812276000, "minorityInterest": 528122000, "netIncomeFromContinuingOps": 1548098000, "discontinuedOperations": {}, "extraordinaryItems": {}, "effectOfAccountingCharges": {}, "otherItems": {}, "netIncome": 1548098000, "netIncomeApplicableToCommonShares": 1548098000}], "maxAge": 86400}, "fundOwnership": {"maxAge": 1, "ownershipList": [{"maxAge": 1, "reportDate": "2020-07-31", "organization": "DFA Investment Dimensions-DFA Emerging Mkts Value", "pctHeld": 0.0042, "position": 713598, "value": 78674179}, {"maxAge": 1, "reportDate": "2020-07-31", "organization": "DFA Emerging Markets Core Equity Portfolio", "pctHeld": 0.0038, "position": 649719, "value": 71631519}, {"maxAge": 1, "reportDate": "2020-07-31", "organization": "DFA Emerging Markets Small Cap Series", "pctHeld": 0.0026, "position": 444557, "value": 49012409}, {"maxAge": 1, "reportDate": "2020-07-31", "organization": "DFA Investment Dimensions-World Ex U.S. Core Equity Port", "pctHeld": 0.0002, "position": 37109, "value": 4091267}, {"maxAge": 1, "reportDate": "2020-07-31", "organization": "DFA Investment Dimensions-Emerging Markets Social Core Equity", "pctHeld": 0.0002, "position": 30656, "value": 3379824}, {"maxAge": 1, "reportDate": "2020-07-31", "organization": "DFA T.A. World Ex U.S. Core Equity Portfolio", "pctHeld": 0.0002, "position": 27609, "value": 3043892}, {"maxAge": 1, "reportDate": "2020-07-31", "organization": "DFA Investment Dimensions-DFA World Ex U.S. Targeted Value Port", "pctHeld": 0.0001, "position": 13193, "value": 1454528}, {"maxAge": 1, "reportDate": "2020-07-31", "organization": "DFA Emerging Markets Sustainability Core 1 Portfolio", "pctHeld": 0.0001, "position": 12266, "value": 1352326}, {"maxAge": 1, "reportDate": "2020-07-31", "organization": "John Hancock Var Ins Tr-Emerging Markets Value Tr", "pctHeld": 0.0001, "position": 11041, "value": 1217270}, {"maxAge": 1, "reportDate": "2020-07-31", "organization": "DFA Investment Dimensions-DFA Emerging Markets Targeted Value Port", "pctHeld": 0.0001, "position": 10274, "value": 1132708}]}, "summaryDetail": {"maxAge": 1, "priceHint": 2, "previousClose": 125.75, "open": 124.8, "dayLow": 124.2, "dayHigh": 131.8, "regularMarketPreviousClose": 125.75, "regularMarketOpen": 124.8, "regularMarketDayLow": 124.2, "regularMarketDayHigh": 131.8, "trailingPE": 17.496239, "forwardPE": 6.5147657, "volume": 136668, "regularMarketVolume": 136668, "averageVolume": 108727, "averageVolume10days": 72315, "averageDailyVolume10Day": 72315, "bid": 128.05, "ask": 128.95, "bidSize": 0, "askSize": 0, "marketCap": 21879961600, "fiftyTwoWeekLow": 69.85, "fiftyTwoWeekHigh": 146.5, "fiftyDayAverage": 119.91, "twoHundredDayAverage": 112.822266, "trailingAnnualDividendRate": 7.5, "trailingAnnualDividendYield": 0.059642147, "currency": "INR", "fromCurrency": null, "toCurrency": null, "lastMarket": null, "algorithm": null, "tradeable": false}, "sectorTrend": {"maxAge": 1, "symbol": null, "estimates": []}, "incomeStatementHistoryQuarterly": {"incomeStatementHistory": [{"maxAge": 1, "endDate": "2020-06-30", "totalRevenue": 2768689000, "costOfRevenue": 1798514000, "grossProfit": 970175000, "researchDevelopment": {}, "sellingGeneralAdministrative": 607910000, "nonRecurring": {}, "otherOperatingExpenses": 383760000, "totalOperatingExpenses": 2924574000, "operatingIncome": -155885000, "totalOtherIncomeExpenseNet": 91144000, "ebit": -155885000, "interestExpense": -36448000, "incomeBeforeTax": -64741000, "incomeTaxExpense": -12466000, "minorityInterest": {}, "netIncomeFromContinuingOps": -52275000, "discontinuedOperations": {}, "extraordinaryItems": {}, "effectOfAccountingCharges": {}, "otherItems": {}, "netIncome": -39625000, "netIncomeApplicableToCommonShares": -39625000}, {"maxAge": 1, "endDate": "2020-03-31", "totalRevenue": 3454135000, "costOfRevenue": 2036614000, "grossProfit": 1417521000, "researchDevelopment": {}, "sellingGeneralAdministrative": 454518000, "nonRecurring": {}, "otherOperatingExpenses": 318415000, "totalOperatingExpenses": 3004142000, "operatingIncome": 449993000, "totalOtherIncomeExpenseNet": 228561000, "ebit": 449993000, "interestExpense": -31454000, "incomeBeforeTax": 678554000, "incomeTaxExpense": 222752000, "minorityInterest": 441667000, "netIncomeFromContinuingOps": 455802000, "discontinuedOperations": {}, "extraordinaryItems": {}, "effectOfAccountingCharges": {}, "otherItems": {}, "netIncome": 471376000, "netIncomeApplicableToCommonShares": 471376000}, {"maxAge": 1, "endDate": "2019-12-31", "totalRevenue": 3744037000, "costOfRevenue": 2234921000, "grossProfit": 1509116000, "researchDevelopment": {}, "sellingGeneralAdministrative": 574668000, "nonRecurring": {}, "otherOperatingExpenses": 460184000, "totalOperatingExpenses": 3381192000, "operatingIncome": 362845000, "totalOtherIncomeExpenseNet": 145389000, "ebit": 362845000, "interestExpense": -37976000, "incomeBeforeTax": 508234000, "incomeTaxExpense": 92130000, "minorityInterest": 441667000, "netIncomeFromContinuingOps": 416104000, "discontinuedOperations": {}, "extraordinaryItems": {}, "effectOfAccountingCharges": {}, "otherItems": {}, "netIncome": 430685000, "netIncomeApplicableToCommonShares": 430685000}, {"maxAge": 1, "endDate": "2019-09-30", "totalRevenue": 3831940000, "costOfRevenue": 2378944000, "grossProfit": 1452996000, "researchDevelopment": {}, "sellingGeneralAdministrative": 610773000, "nonRecurring": {}, "otherOperatingExpenses": 505067000, "totalOperatingExpenses": 3597890000, "operatingIncome": 234050000, "totalOtherIncomeExpenseNet": 103516000, "ebit": 234050000, "interestExpense": -31201000, "incomeBeforeTax": 337566000, "incomeTaxExpense": 67648000, "minorityInterest": 471822000, "netIncomeFromContinuingOps": 269918000, "discontinuedOperations": {}, "extraordinaryItems": {}, "effectOfAccountingCharges": {}, "otherItems": {}, "netIncome": 287402000, "netIncomeApplicableToCommonShares": 287402000}], "maxAge": 86400}, "cashflowStatementHistoryQuarterly": {"cashflowStatements": [{"maxAge": 1, "endDate": "2020-06-30", "netIncome": -39625000, "changeToLiabilities": 0}, {"maxAge": 1, "endDate": "2020-03-31", "netIncome": 471376000, "changeToLiabilities": 0}, {"maxAge": 1, "endDate": "2019-12-31", "netIncome": 430685000, "changeToLiabilities": 0}, {"maxAge": 1, "endDate": "2019-09-30", "netIncome": 287402000, "changeToLiabilities": 0}], "maxAge": 86400}, "insiderHolders": {"holders": [], "maxAge": 1}, "earnings": {"maxAge": 86400, "earningsChart": {"quarterly": [{"date": "1Q2018", "actual": 7.71, "estimate": 4.98}, {"date": "2Q2018", "actual": 3.41, "estimate": 3.78}], "currentQuarterEstimateDate": "3Q", "currentQuarterEstimateYear": 2018, "earningsDate": []}, "financialsChart": {"yearly": [{"date": 2017, "revenue": 17063641000, "earnings": 1548098000}, {"date": 2018, "revenue": 17234986000, "earnings": 1652217000}, {"date": 2019, "revenue": 17752081000, "earnings": 1991751000}, {"date": 2020, "revenue": 15344368000, "earnings": 1612283000}], "quarterly": [{"date": "3Q2019", "revenue": 3831940000, "earnings": 287402000}, {"date": "4Q2019", "revenue": 3744037000, "earnings": 430685000}, {"date": "1Q2020", "revenue": 3454135000, "earnings": 471376000}, {"date": "2Q2020", "revenue": 2768689000, "earnings": -39625000}]}, "financialCurrency": "INR"}, "calendarEvents": {"maxAge": 1, "earnings": {"earningsDate": [], "revenueAverage": 4349800000}}, "price": {"maxAge": 1, "regularMarketChangePercent": 0.017495006, "regularMarketChange": 2.199997, "regularMarketTime": "2021-04-30 15:45:59", "priceHint": 2, "regularMarketPrice": 127.95, "regularMarketDayHigh": 131.8, "regularMarketDayLow": 124.2, "regularMarketVolume": 136668, "averageDailyVolume10Day": 72315, "averageDailyVolume3Month": 108727, "regularMarketPreviousClose": 125.75, "regularMarketSource": "FREE_REALTIME", "regularMarketOpen": 124.8, "exchange": "BSE", "exchangeName": "BSE", "exchangeDataDelayedBy": 0, "marketState": "CLOSED", "quoteType": "EQUITY", "symbol": "BALMLAWRIE.BO", "underlyingSymbol": null, "shortName": "BALMER LAWRIE & CO.LTD.", "longName": "Balmer Lawrie & Co. Ltd.", "currency": "INR", "quoteSourceName": "Delayed Quote", "currencySymbol": "\u20b9", "fromCurrency": null, "toCurrency": null, "lastMarket": null, "marketCap": 21879961600}, "balanceSheetHistory": {"balanceSheetStatements": [{"maxAge": 1, "endDate": "2020-03-31", "cash": 226625000, "shortTermInvestments": 4245109000, "netReceivables": 4763284000, "inventory": 1450570000, "otherCurrentAssets": 780471000, "totalCurrentAssets": 11521932000, "longTermInvestments": 3747044000, "propertyPlantEquipment": 7900353000, "intangibleAssets": 28237000, "otherAssets": 155996000, "totalAssets": 23353562000, "accountsPayable": 2216115000, "shortLongTermDebt": 26422000, "otherCurrentLiab": 2374757000, "longTermDebt": 940785000, "otherLiab": 1361225000, "minorityInterest": 441667000, "totalCurrentLiabilities": 4936590000, "totalLiab": 7373570000, "commonStock": 1710038000, "retainedEarnings": 13573608000, "treasuryStock": -107998000, "capitalSurplus": 362677000, "otherStockholderEquity": -107998000, "totalStockholderEquity": 15538325000, "netTangibleAssets": 15510088000}, {"maxAge": 1, "endDate": "2019-03-31", "cash": 549859000, "shortTermInvestments": 3863013000, "netReceivables": 5269608000, "inventory": 1429331000, "otherCurrentAssets": 569752000, "totalCurrentAssets": 11766374000, "longTermInvestments": 3250653000, "propertyPlantEquipment": 6803668000, "intangibleAssets": 39108000, "otherAssets": 961694000, "totalAssets": 22821497000, "accountsPayable": 2929908000, "shortLongTermDebt": 30639000, "otherCurrentLiab": 2109234000, "longTermDebt": 760824000, "otherLiab": 1179467000, "minorityInterest": 505858000, "totalCurrentLiabilities": 5180039000, "totalLiab": 7120330000, "commonStock": 1140025000, "retainedEarnings": 13643962000, "treasuryStock": 48645000, "capitalSurplus": 362677000, "otherStockholderEquity": 48645000, "totalStockholderEquity": 15195309000, "netTangibleAssets": 15156201000}, {"maxAge": 1, "endDate": "2018-03-31", "cash": 759153000, "shortTermInvestments": 4270313000, "netReceivables": 5360181000, "inventory": 1366332000, "otherCurrentAssets": 731389000, "totalCurrentAssets": 12583729000, "longTermInvestments": 2926038000, "propertyPlantEquipment": 5418166000, "intangibleAssets": 52727000, "otherAssets": 928491000, "totalAssets": 21909151000, "accountsPayable": 3183756000, "shortLongTermDebt": 37435000, "otherCurrentLiab": 2363779000, "longTermDebt": 111599000, "otherLiab": 1014912000, "minorityInterest": 528122000, "totalCurrentLiabilities": 5685107000, "totalLiab": 6811618000, "commonStock": 1140025000, "treasuryStock": 13429386000, "otherStockholderEquity": 13429386000, "totalStockholderEquity": 14569411000, "netTangibleAssets": 14516684000}, {"maxAge": 1, "endDate": "2017-03-31", "cash": 5298365000, "netReceivables": 4849193000, "inventory": 1516964000, "otherCurrentAssets": 791822000, "totalCurrentAssets": 12521652000, "longTermInvestments": 2713419000, "propertyPlantEquipment": 4455877000, "goodWill": 68932000, "intangibleAssets": 62960000, "otherAssets": 476341000, "totalAssets": 20299181000, "accountsPayable": 3071173000, "otherCurrentLiab": 2515826000, "otherLiab": 880748000, "totalCurrentLiabilities": 5804819000, "totalLiab": 6685567000, "commonStock": 1140025000, "retainedEarnings": 12002862000, "treasuryStock": 108050000, "capitalSurplus": 362677000, "otherStockholderEquity": 108050000, "totalStockholderEquity": 13613614000, "netTangibleAssets": 13481722000}], "maxAge": 86400}, "earningsTrend": {"trend": [{"maxAge": 1, "period": "0q", "endDate": "2018-09-30", "growth": {}, "earningsEstimate": {"avg": 0.0, "low": 0.0, "high": 0.0, "yearAgoEps": {}, "numberOfAnalysts": 0, "growth": {}}, "revenueEstimate": {"avg": 4349800000, "low": 0, "high": 0, "numberOfAnalysts": 0, "yearAgoRevenue": {}, "growth": {}}, "epsTrend": {"current": 0.0, "7daysAgo": 0.0, "30daysAgo": 0.0, "60daysAgo": 0.0, "90daysAgo": 0.0}, "epsRevisions": {"upLast7days": 0, "upLast30days": 0, "downLast30days": 0, "downLast90days": {}}}, {"maxAge": 1, "period": "+1q", "endDate": "2018-12-31", "growth": {}, "earningsEstimate": {"avg": 0.0, "low": 0.0, "high": 0.0, "yearAgoEps": {}, "numberOfAnalysts": 0, "growth": {}}, "revenueEstimate": {"avg": 0, "low": 0, "high": 0, "numberOfAnalysts": 0, "yearAgoRevenue": {}, "growth": {}}, "epsTrend": {"current": 0.0, "7daysAgo": 0.0, "30daysAgo": 0.0, "60daysAgo": 0.0, "90daysAgo": 0.0}, "epsRevisions": {"upLast7days": 0, "upLast30days": 0, "downLast30days": 0, "downLast90days": {}}}, {"maxAge": 1, "period": "0y", "endDate": "2019-03-31", "growth": {}, "earningsEstimate": {"avg": 0.0, "low": 0.0, "high": 0.0, "yearAgoEps": {}, "numberOfAnalysts": 0, "growth": {}}, "revenueEstimate": {"avg": 18823600000, "low": 18823600000, "high": 18823600000, "numberOfAnalysts": 1, "yearAgoRevenue": 17261700000, "growth": 0.09}, "epsTrend": {"current": 0.0, "7daysAgo": 18.13, "30daysAgo": 18.13, "60daysAgo": 18.13, "90daysAgo": 18.13}, "epsRevisions": {"upLast7days": 0, "upLast30days": 0, "downLast30days": 0, "downLast90days": {}}}, {"maxAge": 1, "period": "+1y", "endDate": "2020-03-31", "growth": {}, "earningsEstimate": {"avg": 0.0, "low": 0.0, "high": 0.0, "yearAgoEps": {}, "numberOfAnalysts": 0, "growth": {}}, "revenueEstimate": {"avg": 20329400000, "low": 20329400000, "high": 20329400000, "numberOfAnalysts": 1, "yearAgoRevenue": 18823600000, "growth": 0.08}, "epsTrend": {"current": 0.0, "7daysAgo": 19.64, "30daysAgo": 19.64, "60daysAgo": 19.64, "90daysAgo": 19.64}, "epsRevisions": {"upLast7days": 0, "upLast30days": 0, "downLast30days": 0, "downLast90days": {}}}, {"maxAge": 1, "period": "+5y", "endDate": null, "growth": {}, "earningsEstimate": {"avg": {}, "low": {}, "high": {}, "yearAgoEps": {}, "numberOfAnalysts": {}, "growth": {}}, "revenueEstimate": {"avg": {}, "low": {}, "high": {}, "numberOfAnalysts": {}, "yearAgoRevenue": {}, "growth": {}}, "epsTrend": {"current": {}, "7daysAgo": {}, "30daysAgo": {}, "60daysAgo": {}, "90daysAgo": {}}, "epsRevisions": {"upLast7days": {}, "upLast30days": {}, "downLast30days": {}, "downLast90days": {}}}, {"maxAge": 1, "period": "-5y", "endDate": null, "growth": {}, "earningsEstimate": {"avg": {}, "low": {}, "high": {}, "yearAgoEps": {}, "numberOfAnalysts": {}, "growth": {}}, "revenueEstimate": {"avg": {}, "low": {}, "high": {}, "numberOfAnalysts": {}, "yearAgoRevenue": {}, "growth": {}}, "epsTrend": {"current": {}, "7daysAgo": {}, "30daysAgo": {}, "60daysAgo": {}, "90daysAgo": {}}, "epsRevisions": {"upLast7days": {}, "upLast30days": {}, "downLast30days": {}, "downLast90days": {}}}], "maxAge": 1}, "financialData": {"maxAge": 86400, "currentPrice": 127.95, "targetHighPrice": 245.0, "targetLowPrice": 245.0, "targetMeanPrice": 245.0, "targetMedianPrice": 245.0, "recommendationKey": "none", "numberOfAnalystOpinions": 1, "grossProfits": 5966116000, "financialCurrency": "INR"}}}