{"BALPHARMA.NS": {"assetProfile": {"address1": "Lakshmi Narayan Complex", "address2": "5th Floor 10/1, Palace Road", "city": "Bengaluru", "zip": "560052", "country": "India", "phone": "91 80 4137 9500", "fax": "91 80 2235 4057", "website": "http://www.balpharma.com", "industry": "Drug Manufacturers\u2014Specialty & Generic", "sector": "Healthcare", "longBusinessSummary": "Bal Pharma Limited manufactures and markets pharmaceutical formulations and active pharmaceutical ingredients (APIs) in India and internationally. The company offers prescription drugs, generics, OTC products, intravenous infusion products, and bulk actives. It provides anti-infectives, pain management, respiratory care, and women's health products under the Aziwin, Ebay, Balvibe, MNF, Ocium, and Monogesic Plus Gel brands; diabetic care products under the Diabend and Diabend M Group brands; herbal/ayurvedic preparations targeting conditions, such as prostate enlargement, renal calculi, male infertility, women health, etc. under the Stonex, Ashwamed, Prostowin, Suswas, Menoleap, and Ayursulin brands; and cardiac care products under the Secremet and Servace brands. The company also offers a range of APIs for therapeutic areas, such as anti-histamine, platelet inhibitor, anti-diabetic, anti convulsant, urinary incontinence, neuropathic pain, anti-allergy, anti-inflammatory, diuretic, acne treatment, etc.; and various formulations. In addition, it engages in the treatment of gastrointestinal disorders; and piles, fistula, and constipation. The company exports its products to Europe, Latin America, Africa, the Far East, the Middle East, and internationally. Bal Pharma Limited was incorporated in 1987 and is based in Bengaluru, India.", "fullTimeEmployees": 798, "companyOfficers": [{"maxAge": 1, "name": "Mr. Shailesh Dheerajmal Siroya", "age": 54, "title": "MD & Exec. Director", "yearBorn": 1966, "fiscalYear": 2020, "totalPay": 10200000, "exercisedValue": 0, "unexercisedValue": 0}, {"maxAge": 1, "name": "Ms. Archana Dubey Mitra", "age": 46, "title": "VP of International Marketing & HR", "yearBorn": 1974, "exercisedValue": 0, "unexercisedValue": 0}, {"maxAge": 1, "name": "Dr. Subba Rao Prasanna", "age": 72, "title": "Whole Time Director", "yearBorn": 1948, "fiscalYear": 2020, "totalPay": 3360000, "exercisedValue": 0, "unexercisedValue": 0}, {"maxAge": 1, "name": "Mr. Virupakshaya  Himesh", "age": 59, "title": "Whole Time Director", "yearBorn": 1961, "fiscalYear": 2020, "totalPay": 1440000, "exercisedValue": 0, "unexercisedValue": 0}, {"maxAge": 1, "name": "Mr. Rengarajan  Gopalakrishnan", "title": "Chief Financial Officer", "exercisedValue": 0, "unexercisedValue": 0}, {"maxAge": 1, "name": "Mr. Ravindra Kumar Kothari", "age": 65, "title": "Deputy Gen. Mang. of Internal Audit, Legal and Compliances", "yearBorn": 1955, "exercisedValue": 0, "unexercisedValue": 0}, {"maxAge": 1, "name": "Ms. Preeti  Singh", "title": "Company Sec. & Compliance officer", "exercisedValue": 0, "unexercisedValue": 0}, {"maxAge": 1, "name": "Mr. M. P. George", "title": "Production Advisor", "exercisedValue": 0, "unexercisedValue": 0}], "compensationAsOfEpochDate": "2020-12-31 05:30:00", "maxAge": 86400}, "cashflowStatementHistory": {"cashflowStatements": [{"maxAge": 1, "endDate": "2020-03-31", "netIncome": -122182000, "depreciation": 63437000, "changeToNetincome": 97047000, "changeToAccountReceivables": 134675000, "changeToLiabilities": -87522000, "changeToInventory": 20398000, "changeToOperatingActivities": 111820000, "totalCashFromOperatingActivities": 231012000, "capitalExpenditures": -50633000, "otherCashflowsFromInvestingActivities": 3396000, "totalCashflowsFromInvestingActivities": -47053000, "dividendsPaid": -14172000, "netBorrowings": -62488000, "otherCashflowsFromFinancingActivities": -123072000, "totalCashFromFinancingActivities": -199732000, "changeInCash": -15773000}, {"maxAge": 1, "endDate": "2019-03-31", "netIncome": 37880000, "depreciation": 46224000, "changeToNetincome": 48842000, "changeToAccountReceivables": 630000, "changeToLiabilities": -26198000, "changeToInventory": -32576000, "changeToOperatingActivities": -12552000, "totalCashFromOperatingActivities": 77576000, "capitalExpenditures": -85941000, "otherCashflowsFromInvestingActivities": 5322000, "totalCashflowsFromInvestingActivities": -80435000, "dividendsPaid": -14721000, "netBorrowings": 138331000, "otherCashflowsFromFinancingActivities": -123474000, "totalCashFromFinancingActivities": 136000, "changeInCash": -2725000}, {"maxAge": 1, "endDate": "2018-03-31", "netIncome": 27821000, "depreciation": 48824000, "changeToNetincome": 72024000, "changeToAccountReceivables": -14448000, "changeToLiabilities": -44676000, "changeToInventory": -117626000, "changeToOperatingActivities": 14985000, "totalCashFromOperatingActivities": 5791000, "capitalExpenditures": -37826000, "otherCashflowsFromInvestingActivities": 2187000, "totalCashflowsFromInvestingActivities": -35639000, "dividendsPaid": -16839000, "netBorrowings": 144604000, "otherCashflowsFromFinancingActivities": -92432000, "totalCashFromFinancingActivities": 35333000, "changeInCash": 5484000}, {"maxAge": 1, "endDate": "2017-03-31", "netIncome": 17573000, "depreciation": 45598000, "changeToNetincome": 80163000, "changeToAccountReceivables": -48228000, "changeToLiabilities": 42282000, "changeToInventory": -129766000, "changeToOperatingActivities": 36212000, "totalCashFromOperatingActivities": 63145000, "capitalExpenditures": -81559000, "otherCashflowsFromInvestingActivities": 1835000, "totalCashflowsFromInvestingActivities": -79574000, "dividendsPaid": -16807000, "netBorrowings": -38279000, "otherCashflowsFromFinancingActivities": -84871000, "totalCashFromFinancingActivities": -59357000, "changeInCash": -75786000, "issuanceOfStock": 80600000}], "maxAge": 86400}, "institutionOwnership": {"maxAge": 1, "ownershipList": []}, "majorHoldersBreakdown": {"maxAge": 1, "insidersPercentHeld": 0.65866995, "institutionsPercentHeld": 0.0, "institutionsFloatPercentHeld": 0.0, "institutionsCount": 0}, "balanceSheetHistoryQuarterly": {"balanceSheetStatements": [{"maxAge": 1, "endDate": "2020-12-31", "totalStockholderEquity": 532732000, "netTangibleAssets": 427668000}, {"maxAge": 1, "endDate": "2020-09-30", "cash": 45619000, "shortTermInvestments": 20243000, "netReceivables": 725279000, "inventory": 565484000, "otherCurrentAssets": 391950000, "totalCurrentAssets": 1748575000, "longTermInvestments": 15910000, "propertyPlantEquipment": 644948000, "goodWill": 38286000, "intangibleAssets": 66778000, "otherAssets": 16636000, "totalAssets": 2531133000, "accountsPayable": 479223000, "otherCurrentLiab": 303200000, "longTermDebt": 259462000, "otherLiab": 112156000, "minorityInterest": -71621000, "totalCurrentLiabilities": 1698404000, "totalLiab": 2070022000, "commonStock": 141724000, "treasuryStock": 391008000, "otherStockholderEquity": 391008000, "totalStockholderEquity": 532732000, "netTangibleAssets": 427668000}, {"maxAge": 1, "endDate": "2020-06-30", "totalStockholderEquity": 524261000, "netTangibleAssets": 485324000}, {"maxAge": 1, "endDate": "2020-03-31", "cash": 8587000, "shortTermInvestments": 26479000, "netReceivables": 558592000, "inventory": 677113000, "otherCurrentAssets": 337493000, "totalCurrentAssets": 1611553000, "longTermInvestments": 14580000, "propertyPlantEquipment": 637695000, "goodWill": 38286000, "intangibleAssets": 651000, "otherAssets": 81172000, "totalAssets": 2383937000, "accountsPayable": 386740000, "shortLongTermDebt": 56826000, "otherCurrentLiab": 168208000, "longTermDebt": 231466000, "otherLiab": 92974000, "deferredLongTermLiab": 63632000, "minorityInterest": -70884000, "totalCurrentLiabilities": 1594915000, "totalLiab": 1930560000, "commonStock": 141724000, "retainedEarnings": 150377000, "treasuryStock": -8606000, "capitalSurplus": 240766000, "otherStockholderEquity": -8606000, "totalStockholderEquity": 524261000, "netTangibleAssets": 485324000}], "maxAge": 86400}, "indexTrend": {"maxAge": 1, "symbol": "SP5", "peRatio": 19.7411, "pegRatio": 1.34172, "estimates": [{"period": "0q", "growth": 0.549}, {"period": "+1q", "growth": 0.431}, {"period": "0y", "growth": 0.305}, {"period": "+1y", "growth": 0.109}, {"period": "+5y", "growth": 0.120865}, {"period": "-5y"}]}, "defaultKeyStatistics": {"maxAge": 1, "priceHint": 2, "enterpriseValue": 2679404544, "profitMargins": -0.015859999, "floatShares": 4625155, "sharesOutstanding": 14822400, "heldPercentInsiders": 0.65866995, "heldPercentInstitutions": 0.0, "beta": 0.663773, "category": null, "bookValue": 37.658, "priceToBook": 2.8254287, "fundFamily": null, "legalType": null, "lastFiscalYearEnd": "2020-03-31 05:30:00", "nextFiscalYearEnd": "2022-03-31 05:30:00", "mostRecentQuarter": "2020-12-31 05:30:00", "netIncomeToCommon": -33853000, "trailingEps": -2.386, "lastSplitFactor": null, "enterpriseToRevenue": 1.255, "enterpriseToEbitda": 17.42, "52WeekChange": 1.7142856, "SandP52WeekChange": 0.48148263, "lastDividendValue": 1.0, "lastDividendDate": 1568678400}, "summaryProfile": {"address1": "Lakshmi Narayan Complex", "address2": "5th Floor 10/1, Palace Road", "city": "Bengaluru", "zip": "560052", "country": "India", "phone": "91 80 4137 9500", "fax": "91 80 2235 4057", "website": "http://www.balpharma.com", "industry": "Drug Manufacturers\u2014Specialty & Generic", "sector": "Healthcare", "longBusinessSummary": "Bal Pharma Limited manufactures and markets pharmaceutical formulations and active pharmaceutical ingredients (APIs) in India and internationally. The company offers prescription drugs, generics, OTC products, intravenous infusion products, and bulk actives. It provides anti-infectives, pain management, respiratory care, and women's health products under the Aziwin, Ebay, Balvibe, MNF, Ocium, and Monogesic Plus Gel brands; diabetic care products under the Diabend and Diabend M Group brands; herbal/ayurvedic preparations targeting conditions, such as prostate enlargement, renal calculi, male infertility, women health, etc. under the Stonex, Ashwamed, Prostowin, Suswas, Menoleap, and Ayursulin brands; and cardiac care products under the Secremet and Servace brands. The company also offers a range of APIs for therapeutic areas, such as anti-histamine, platelet inhibitor, anti-diabetic, anti convulsant, urinary incontinence, neuropathic pain, anti-allergy, anti-inflammatory, diuretic, acne treatment, etc.; and various formulations. In addition, it engages in the treatment of gastrointestinal disorders; and piles, fistula, and constipation. The company exports its products to Europe, Latin America, Africa, the Far East, the Middle East, and internationally. Bal Pharma Limited was incorporated in 1987 and is based in Bengaluru, India.", "fullTimeEmployees": 798, "companyOfficers": [], "maxAge": 86400}, "netSharePurchaseActivity": {"maxAge": 1, "period": "6m", "buyInfoCount": 0, "buyInfoShares": 0, "sellInfoCount": 0, "netInfoCount": 0, "netInfoShares": 0, "netPercentInsiderShares": 0.0, "totalInsiderShares": 9487841}, "insiderTransactions": {"transactions": [{"maxAge": 1, "shares": 650000, "value": 447915, "filerUrl": "", "transactionText": "Other at price 0.69 per share.", "filerName": "Siroya (Shailesh)", "filerRelation": "Promoter", "moneyText": "", "startDate": "2021-03-17", "ownership": "D"}, {"maxAge": 1, "shares": 1310836, "filerUrl": "", "transactionText": "", "filerName": "Micro Labs Ltd", "filerRelation": "Promoter", "moneyText": "", "startDate": "2020-03-30", "ownership": "D"}, {"maxAge": 1, "shares": 284996, "filerUrl": "", "transactionText": "", "filerName": "Surana (Archana)", "filerRelation": "Promoter", "moneyText": "", "startDate": "2020-03-30", "ownership": "D"}, {"maxAge": 1, "shares": 474994, "filerUrl": "", "transactionText": "", "filerName": "Surana (Dilip)", "filerRelation": "Promoter", "moneyText": "", "startDate": "2020-03-30", "ownership": "D"}, {"maxAge": 1, "shares": 525686, "filerUrl": "", "transactionText": "", "filerName": "Surana (Anand)", "filerRelation": "Promoter", "moneyText": "", "startDate": "2020-03-30", "ownership": "D"}, {"maxAge": 1, "shares": 169995, "filerUrl": "", "transactionText": "", "filerName": "Surana (Dilip) HUF", "filerRelation": "Promoter", "moneyText": "", "startDate": "2020-03-30", "ownership": "D"}, {"maxAge": 1, "shares": 0, "filerUrl": "", "transactionText": "", "filerName": "Siroya (Shrenik D)", "filerRelation": "Promoter", "moneyText": "", "startDate": "2020-03-30", "ownership": "I"}, {"maxAge": 1, "shares": 46080, "filerUrl": "", "transactionText": "", "filerName": "Siroya (Jivi)", "filerRelation": "Promoter", "moneyText": "", "startDate": "2020-03-30", "ownership": "D"}, {"maxAge": 1, "shares": 20200, "filerUrl": "", "transactionText": "", "filerName": "Prasanna (Subba Rao)", "filerRelation": "Promoter", "moneyText": "", "startDate": "2020-03-30", "ownership": "D"}, {"maxAge": 1, "shares": 0, "filerUrl": "", "transactionText": "", "filerName": "Siroya (Shailesh)", "filerRelation": "Promoter", "moneyText": "", "startDate": "2020-03-30", "ownership": "I"}, {"maxAge": 1, "shares": 926533, "filerUrl": "", "transactionText": "", "filerName": "Siroya (Anita Chandraprakash)", "filerRelation": "Promoter", "moneyText": "", "startDate": "2020-03-30", "ownership": "D"}, {"maxAge": 1, "shares": 926549, "filerUrl": "", "transactionText": "", "filerName": "Siroya (Anita Chandraprakash)", "filerRelation": "Promoter", "moneyText": "", "startDate": "2020-03-30", "ownership": "D"}, {"maxAge": 1, "shares": 179909, "filerUrl": "", "transactionText": "", "filerName": "Surana (Monica)", "filerRelation": "Promoter", "moneyText": "", "startDate": "2020-03-30", "ownership": "D"}, {"maxAge": 1, "shares": 486420, "filerUrl": "", "transactionText": "", "filerName": "Siroya (Chandraprakash Dheerajmal)", "filerRelation": "Promoter", "moneyText": "", "startDate": "2020-03-30", "ownership": "D"}, {"maxAge": 1, "shares": 300000, "filerUrl": "", "transactionText": "", "filerName": "Mardia (Shreya)", "filerRelation": "UNREPORTED", "moneyText": "", "startDate": "2018-09-26", "ownership": "D"}, {"maxAge": 1, "shares": 300000, "filerUrl": "", "transactionText": "", "filerName": "Siroya (Shailesh)", "filerRelation": "Managing Director", "moneyText": "", "startDate": "2018-09-26", "ownership": "D"}, {"maxAge": 1, "shares": 374700, "filerUrl": "", "transactionText": "", "filerName": "Siroya (Shrenik D)", "filerRelation": "Promoter", "moneyText": "", "startDate": "2017-12-07", "ownership": "D"}, {"maxAge": 1, "shares": 374700, "filerUrl": "", "transactionText": "", "filerName": "Siroya (Shailesh)", "filerRelation": "Managing Director", "moneyText": "", "startDate": "2017-12-07", "ownership": "D"}, {"maxAge": 1, "shares": 10000, "filerUrl": "", "transactionText": "", "filerName": "Siroya (Anita Chandraprakash)", "filerRelation": "Promoter", "moneyText": "", "startDate": "2017-06-23", "ownership": "D"}, {"maxAge": 1, "shares": 13427, "filerUrl": "", "transactionText": "", "filerName": "Siroya (Anita Chandraprakash)", "filerRelation": "Promoter", "moneyText": "", "startDate": "2017-06-22", "ownership": "D"}, {"maxAge": 1, "shares": 7269, "filerUrl": "", "transactionText": "", "filerName": "Siroya (Anita Chandraprakash)", "filerRelation": "Promoter", "moneyText": "", "startDate": "2017-04-19", "ownership": "D"}, {"maxAge": 1, "shares": 581000, "filerUrl": "", "transactionText": "", "filerName": "Murthy (Ram Keshav)", "filerRelation": "UNREPORTED", "moneyText": "", "startDate": "2014-04-16", "ownership": "D"}, {"maxAge": 1, "shares": 600000, "filerUrl": "", "transactionText": "", "filerName": "Siroya (Shailesh)", "filerRelation": "Managing Director", "moneyText": "", "startDate": "2014-04-16", "ownership": "D"}, {"maxAge": 1, "shares": 579984, "filerUrl": "", "transactionText": "", "filerName": "Jain (Prakash Chandra)", "filerRelation": "UNREPORTED", "moneyText": "", "startDate": "2014-04-16", "ownership": "D"}, {"maxAge": 1, "shares": 537764, "filerUrl": "", "transactionText": "", "filerName": "Siroya (Anita Chandraprakash)", "filerRelation": "Promoter", "moneyText": "", "startDate": "2014-02-13", "ownership": "D"}], "maxAge": 1}, "quoteType": {"exchange": "NSI", "quoteType": "EQUITY", "symbol": "BALPHARMA.NS", "underlyingSymbol": "BALPHARMA.NS", "shortName": "BAL PHARMA", "longName": "Bal Pharma Limited", "firstTradeDateEpochUtc": "2006-05-08 09:15:00", "timeZoneFullName": "Asia/Kolkata", "timeZoneShortName": "IST", "uuid": "2fce72bb-be04-37c8-8f04-27237771bd3a", "messageBoardId": "finmb_11254419", "gmtOffSetMilliseconds": 19800000, "maxAge": 1}, "incomeStatementHistory": {"incomeStatementHistory": [{"maxAge": 1, "endDate": "2020-03-31", "totalRevenue": 1710943000, "costOfRevenue": 871564000, "grossProfit": 839379000, "researchDevelopment": {}, "sellingGeneralAdministrative": 507742000, "nonRecurring": {}, "otherOperatingExpenses": 283341000, "totalOperatingExpenses": 1739423000, "operatingIncome": -28480000, "totalOtherIncomeExpenseNet": -108407000, "ebit": -28480000, "interestExpense": -107741000, "incomeBeforeTax": -136887000, "incomeTaxExpense": -7970000, "minorityInterest": -70884000, "netIncomeFromContinuingOps": -128917000, "discontinuedOperations": {}, "extraordinaryItems": {}, "effectOfAccountingCharges": {}, "otherItems": {}, "netIncome": -122182000, "netIncomeApplicableToCommonShares": -122182000}, {"maxAge": 1, "endDate": "2019-03-31", "totalRevenue": 2250105000, "costOfRevenue": 1209821000, "grossProfit": 1040284000, "researchDevelopment": {}, "sellingGeneralAdministrative": 519111000, "nonRecurring": {}, "otherOperatingExpenses": 345696000, "totalOperatingExpenses": 2136178000, "operatingIncome": 113927000, "totalOtherIncomeExpenseNet": -115951000, "ebit": 113927000, "interestExpense": -108898000, "incomeBeforeTax": -2024000, "incomeTaxExpense": -23554000, "minorityInterest": -64218000, "netIncomeFromContinuingOps": 21530000, "discontinuedOperations": {}, "extraordinaryItems": {}, "effectOfAccountingCharges": {}, "otherItems": {}, "netIncome": 37880000, "netIncomeApplicableToCommonShares": 37880000}, {"maxAge": 1, "endDate": "2018-03-31", "totalRevenue": 2092877000, "costOfRevenue": 990898000, "grossProfit": 1101979000, "researchDevelopment": {}, "sellingGeneralAdministrative": 543219000, "nonRecurring": {}, "otherOperatingExpenses": 385700000, "totalOperatingExpenses": 1987528000, "operatingIncome": 105349000, "totalOtherIncomeExpenseNet": -76520000, "ebit": 105349000, "interestExpense": -84243000, "incomeBeforeTax": 28829000, "incomeTaxExpense": 25065000, "minorityInterest": -47868000, "netIncomeFromContinuingOps": 3764000, "discontinuedOperations": {}, "extraordinaryItems": {}, "effectOfAccountingCharges": {}, "otherItems": {}, "netIncome": 27821000, "netIncomeApplicableToCommonShares": 27821000}, {"maxAge": 1, "endDate": "2017-03-31", "totalRevenue": 2289135000, "costOfRevenue": 1162297000, "grossProfit": 1126838000, "researchDevelopment": {}, "sellingGeneralAdministrative": 470500000, "nonRecurring": {}, "otherOperatingExpenses": 508207000, "totalOperatingExpenses": 2205913000, "operatingIncome": 83222000, "totalOtherIncomeExpenseNet": -54477000, "ebit": 83222000, "interestExpense": -66364000, "incomeBeforeTax": 28745000, "incomeTaxExpense": 32709000, "minorityInterest": -23811000, "netIncomeFromContinuingOps": -3964000, "discontinuedOperations": {}, "extraordinaryItems": {}, "effectOfAccountingCharges": {}, "otherItems": {}, "netIncome": 17573000, "netIncomeApplicableToCommonShares": 17573000}], "maxAge": 86400}, "fundOwnership": {"maxAge": 1, "ownershipList": []}, "summaryDetail": {"maxAge": 1, "priceHint": 2, "previousClose": 114.3, "open": 116.0, "dayLow": 105.3, "dayHigh": 119.8, "regularMarketPreviousClose": 114.3, "regularMarketOpen": 116.0, "regularMarketDayLow": 105.3, "regularMarketDayHigh": 119.8, "exDividendDate": "2019-09-17 05:30:00", "payoutRatio": 0.0, "beta": 0.663773, "volume": 484703, "regularMarketVolume": 484703, "averageVolume": 239991, "averageVolume10days": 1420880, "averageDailyVolume10Day": 1420880, "bid": 106.4, "ask": 0.0, "bidSize": 0, "askSize": 0, "marketCap": 1577103360, "fiftyTwoWeekLow": 33.4, "fiftyTwoWeekHigh": 137.7, "priceToSalesTrailing12Months": 0.738723, "fiftyDayAverage": 69.25, "twoHundredDayAverage": 59.37203, "trailingAnnualDividendRate": 1.0, "trailingAnnualDividendYield": 0.008748906, "currency": "INR", "fromCurrency": null, "toCurrency": null, "lastMarket": null, "algorithm": null, "tradeable": false}, "incomeStatementHistoryQuarterly": {"incomeStatementHistory": [{"maxAge": 1, "endDate": "2020-12-31", "totalRevenue": 630280000, "costOfRevenue": 369811000, "grossProfit": 260469000, "researchDevelopment": {}, "sellingGeneralAdministrative": 110684000, "nonRecurring": {}, "otherOperatingExpenses": 90481000, "totalOperatingExpenses": 591296000, "operatingIncome": 38984000, "totalOtherIncomeExpenseNet": -26997000, "ebit": 38984000, "interestExpense": -28910000, "incomeBeforeTax": 11987000, "incomeTaxExpense": 7977000, "minorityInterest": {}, "netIncomeFromContinuingOps": 4010000, "discontinuedOperations": {}, "extraordinaryItems": {}, "effectOfAccountingCharges": {}, "otherItems": {}, "netIncome": 3169000, "netIncomeApplicableToCommonShares": 3169000}, {"maxAge": 1, "endDate": "2020-09-30", "totalRevenue": 645606000, "costOfRevenue": 413093000, "grossProfit": 232513000, "researchDevelopment": {}, "sellingGeneralAdministrative": 103869000, "nonRecurring": {}, "otherOperatingExpenses": 57647000, "totalOperatingExpenses": 596337000, "operatingIncome": 49269000, "totalOtherIncomeExpenseNet": -31224000, "ebit": 49269000, "interestExpense": -31861000, "incomeBeforeTax": 18045000, "incomeTaxExpense": 13046000, "minorityInterest": -71621000, "netIncomeFromContinuingOps": 4999000, "discontinuedOperations": {}, "extraordinaryItems": {}, "effectOfAccountingCharges": {}, "otherItems": {}, "netIncome": 4244000, "netIncomeApplicableToCommonShares": 4244000}, {"maxAge": 1, "endDate": "2020-06-30", "totalRevenue": 521294000, "costOfRevenue": 296232000, "grossProfit": 225062000, "researchDevelopment": {}, "sellingGeneralAdministrative": 94974000, "nonRecurring": {}, "otherOperatingExpenses": 79273000, "totalOperatingExpenses": 489278000, "operatingIncome": 32016000, "totalOtherIncomeExpenseNet": -26306000, "ebit": 32016000, "interestExpense": -27867000, "incomeBeforeTax": 5710000, "incomeTaxExpense": 2907000, "minorityInterest": -71621000, "netIncomeFromContinuingOps": 2803000, "discontinuedOperations": {}, "extraordinaryItems": {}, "effectOfAccountingCharges": {}, "otherItems": {}, "netIncome": 4226000, "netIncomeApplicableToCommonShares": 4226000}, {"maxAge": 1, "endDate": "2020-03-31", "totalRevenue": 337723000, "costOfRevenue": 180383000, "grossProfit": 157340000, "researchDevelopment": {}, "sellingGeneralAdministrative": 115562000, "nonRecurring": {}, "otherOperatingExpenses": 34755000, "totalOperatingExpenses": 366581000, "operatingIncome": -28858000, "totalOtherIncomeExpenseNet": -20776000, "ebit": -28858000, "interestExpense": -13446000, "incomeBeforeTax": -49634000, "incomeTaxExpense": -2273000, "minorityInterest": -70884000, "netIncomeFromContinuingOps": -47361000, "discontinuedOperations": {}, "extraordinaryItems": {}, "effectOfAccountingCharges": {}, "otherItems": {}, "netIncome": -40626000, "netIncomeApplicableToCommonShares": -40626000}], "maxAge": 86400}, "cashflowStatementHistoryQuarterly": {"cashflowStatements": [{"maxAge": 1, "endDate": "2020-12-31", "netIncome": 3169000, "changeToLiabilities": 0}, {"maxAge": 1, "endDate": "2020-09-30", "netIncome": 4244000, "changeToLiabilities": 0}, {"maxAge": 1, "endDate": "2020-06-30", "netIncome": 4226000, "changeToLiabilities": 0}, {"maxAge": 1, "endDate": "2020-03-31", "netIncome": -40626000, "changeToLiabilities": 0}], "maxAge": 86400}, "insiderHolders": {"holders": [{"maxAge": 1, "name": "Micro Labs Ltd", "relation": "Promoter", "url": "", "transactionDescription": "Other", "latestTransDate": "2020-03-30", "positionDirect": 1310836, "positionDirectDate": "2020-03-30"}, {"maxAge": 1, "name": "Prasanna (Subba Rao)", "relation": "Promoter", "url": "", "transactionDescription": "Other", "latestTransDate": "2020-03-30", "positionDirect": 20200, "positionDirectDate": "2020-03-30"}, {"maxAge": 1, "name": "Siroya (Anita Chandraprakash)", "relation": "Promoter", "url": "", "transactionDescription": "Other", "latestTransDate": "2020-03-30", "positionDirect": 1049220, "positionDirectDate": "2020-03-30"}, {"maxAge": 1, "name": "Siroya (Jivi)", "relation": "Promoter", "url": "", "transactionDescription": "Other", "latestTransDate": "2020-03-30", "positionDirect": 46080, "positionDirectDate": "2020-03-30"}, {"maxAge": 1, "name": "Siroya (Shailesh)", "relation": "Promoter", "url": "", "transactionDescription": "Other", "latestTransDate": "2021-03-17", "positionDirect": 1995459, "positionDirectDate": "2021-03-17"}, {"maxAge": 1, "name": "Siroya (Shrenik D)", "relation": "Promoter", "url": "", "transactionDescription": "Other", "latestTransDate": "2020-03-30", "positionIndirect": 0, "positionIndirectDate": 1585526400}, {"maxAge": 1, "name": "Surana (Anand)", "relation": "Promoter", "url": "", "transactionDescription": "Other", "latestTransDate": "2020-03-30", "positionDirect": 525686, "positionDirectDate": "2020-03-30"}, {"maxAge": 1, "name": "Surana (Archana)", "relation": "Promoter", "url": "", "transactionDescription": "Other", "latestTransDate": "2020-03-30", "positionDirect": 284996, "positionDirectDate": "2020-03-30"}, {"maxAge": 1, "name": "Surana (Dilip)", "relation": "Promoter", "url": "", "transactionDescription": "Other", "latestTransDate": "2020-03-30", "positionDirect": 474994, "positionDirectDate": "2020-03-30"}, {"maxAge": 1, "name": "Surana (Dilip) HUF", "relation": "Promoter", "url": "", "transactionDescription": "Other", "latestTransDate": "2020-03-30", "positionDirect": 169995, "positionDirectDate": "2020-03-30"}], "maxAge": 1}, "calendarEvents": {"maxAge": 1, "earnings": {"earningsDate": []}, "exDividendDate": "2019-09-17 05:30:00"}, "price": {"maxAge": 1, "regularMarketChangePercent": -0.06911637, "regularMarketChange": -7.9000015, "regularMarketTime": "2021-04-30 15:30:01", "priceHint": 2, "regularMarketPrice": 106.4, "regularMarketDayHigh": 119.8, "regularMarketDayLow": 105.3, "regularMarketVolume": 484703, "averageDailyVolume10Day": 1420880, "averageDailyVolume3Month": 239991, "regularMarketPreviousClose": 114.3, "regularMarketSource": "FREE_REALTIME", "regularMarketOpen": 116.0, "exchange": "NSI", "exchangeName": "NSE", "exchangeDataDelayedBy": 15, "marketState": "CLOSED", "quoteType": "EQUITY", "symbol": "BALPHARMA.NS", "underlyingSymbol": null, "shortName": "BAL PHARMA", "longName": "Bal Pharma Limited", "currency": "INR", "quoteSourceName": "Delayed Quote", "currencySymbol": "\u20b9", "fromCurrency": null, "toCurrency": null, "lastMarket": null, "marketCap": 1577103360}, "balanceSheetHistory": {"balanceSheetStatements": [{"maxAge": 1, "endDate": "2020-03-31", "cash": 8587000, "shortTermInvestments": 26479000, "netReceivables": 558592000, "inventory": 677113000, "otherCurrentAssets": 337493000, "totalCurrentAssets": 1611553000, "longTermInvestments": 14580000, "propertyPlantEquipment": 637695000, "goodWill": 38286000, "intangibleAssets": 651000, "otherAssets": 81172000, "totalAssets": 2383937000, "accountsPayable": 386740000, "shortLongTermDebt": 56826000, "otherCurrentLiab": 168208000, "longTermDebt": 231466000, "otherLiab": 92974000, "deferredLongTermLiab": 63632000, "minorityInterest": -70884000, "totalCurrentLiabilities": 1594915000, "totalLiab": 1930560000, "commonStock": 141724000, "retainedEarnings": 150377000, "treasuryStock": -8606000, "capitalSurplus": 240766000, "otherStockholderEquity": -8606000, "totalStockholderEquity": 524261000, "netTangibleAssets": 485324000}, {"maxAge": 1, "endDate": "2019-03-31", "cash": 24361000, "shortTermInvestments": 17097000, "netReceivables": 711011000, "inventory": 697511000, "otherCurrentAssets": 373513000, "totalCurrentAssets": 1830453000, "longTermInvestments": 24980000, "propertyPlantEquipment": 644778000, "goodWill": 38286000, "intangibleAssets": 974000, "otherAssets": 73615000, "totalAssets": 2613086000, "accountsPayable": 473379000, "shortLongTermDebt": 76669000, "otherCurrentLiab": 129954000, "longTermDebt": 287560000, "otherLiab": 90836000, "deferredLongTermLiab": 56145000, "minorityInterest": -64218000, "totalCurrentLiabilities": 1632478000, "totalLiab": 2010874000, "commonStock": 141724000, "retainedEarnings": 289644000, "treasuryStock": -5704000, "capitalSurplus": 240766000, "otherStockholderEquity": -5704000, "totalStockholderEquity": 666430000, "netTangibleAssets": 627170000}, {"maxAge": 1, "endDate": "2018-03-31", "cash": 27085000, "shortTermInvestments": 13310000, "netReceivables": 701404000, "inventory": 664933000, "otherCurrentAssets": 438993000, "totalCurrentAssets": 1847698000, "longTermInvestments": 5291000, "propertyPlantEquipment": 633740000, "goodWill": 38286000, "intangibleAssets": 983000, "otherAssets": 75781000, "totalAssets": 2601779000, "accountsPayable": 499577000, "shortLongTermDebt": 65502000, "otherCurrentLiab": 176446000, "longTermDebt": 346761000, "otherLiab": 108953000, "deferredLongTermLiab": 43900000, "minorityInterest": -47868000, "totalCurrentLiabilities": 1544051000, "totalLiab": 1999765000, "commonStock": 141724000, "retainedEarnings": 268851000, "treasuryStock": -1459000, "capitalSurplus": 240766000, "otherStockholderEquity": -1459000, "totalStockholderEquity": 649882000, "netTangibleAssets": 610613000}, {"maxAge": 1, "endDate": "2017-03-31", "cash": 21600000, "shortTermInvestments": 24609000, "netReceivables": 663619000, "inventory": 547308000, "otherCurrentAssets": 380257000, "totalCurrentAssets": 1645502000, "longTermInvestments": 2990000, "propertyPlantEquipment": 570165000, "intangibleAssets": 772000, "otherAssets": 113828000, "totalAssets": 2333257000, "accountsPayable": 544253000, "shortLongTermDebt": 42358000, "otherCurrentLiab": 101061000, "longTermDebt": 178027000, "otherLiab": 122179000, "deferredLongTermLiab": 45921000, "minorityInterest": -23811000, "totalCurrentLiabilities": 1432400000, "totalLiab": 1732606000, "commonStock": 141724000, "retainedEarnings": 241030000, "treasuryStock": 942000, "capitalSurplus": 240766000, "otherStockholderEquity": 942000, "totalStockholderEquity": 624462000, "netTangibleAssets": 623690000}], "maxAge": 86400}, "financialData": {"maxAge": 86400, "currentPrice": 106.4, "recommendationKey": "none", "totalCash": 65862000, "totalCashPerShare": 4.572, "ebitda": 153810496, "totalDebt": 1170448000, "totalRevenue": 2134904960, "debtToEquity": 253.832, "revenuePerShare": 150.474, "grossProfits": 839379000, "revenueGrowth": 0.46, "grossMargins": 0.41004002, "ebitdaMargins": 0.07205, "operatingMargins": 0.04282, "profitMargins": -0.015859999, "financialCurrency": "INR"}}}