{"BALRAMCHIN.BO": {"recommendationTrend": {"trend": [{"period": "0m", "strongBuy": 0, "buy": 0, "hold": 0, "sell": 0, "strongSell": 0}, {"period": "-1m", "strongBuy": 0, "buy": 0, "hold": 0, "sell": 0, "strongSell": 0}, {"period": "-2m", "strongBuy": 0, "buy": 0, "hold": 0, "sell": 0, "strongSell": 0}, {"period": "-3m", "strongBuy": 0, "buy": 0, "hold": 0, "sell": 0, "strongSell": 0}], "maxAge": 86400}, "cashflowStatementHistory": {"cashflowStatements": [{"maxAge": 1, "endDate": "2020-03-31", "netIncome": 5193544000, "depreciation": 1006148000, "changeToNetincome": -93468000, "changeToAccountReceivables": 2107449000, "changeToLiabilities": 654890000, "changeToInventory": 209338000, "changeToOperatingActivities": -589827000, "totalCashFromOperatingActivities": 8496099000, "capitalExpenditures": -2543791000, "investments": -679329000, "otherCashflowsFromInvestingActivities": 51170000, "totalCashflowsFromInvestingActivities": -3047129000, "dividendsPaid": -550000000, "netBorrowings": -2658266000, "otherCashflowsFromFinancingActivities": -770249000, "totalCashFromFinancingActivities": -5455222000, "changeInCash": -6252000, "repurchaseOfStock": -1476707000}, {"maxAge": 1, "endDate": "2019-03-31", "netIncome": 5758198000, "depreciation": 948456000, "changeToNetincome": -865503000, "changeToAccountReceivables": -2707258000, "changeToLiabilities": -1658536000, "changeToInventory": -5147226000, "changeToOperatingActivities": -1568287000, "totalCashFromOperatingActivities": -5230099000, "capitalExpenditures": -1305886000, "investments": -374735000, "otherCashflowsFromInvestingActivities": 40100000, "totalCashflowsFromInvestingActivities": -1591997000, "dividendsPaid": -571096000, "netBorrowings": 7901851000, "otherCashflowsFromFinancingActivities": -511998000, "totalCashFromFinancingActivities": 6818757000, "changeInCash": -3339000, "repurchaseOfStock": -1476707000}, {"maxAge": 1, "endDate": "2018-03-31", "netIncome": 2316630000, "depreciation": 942087000, "changeToNetincome": 296543000, "changeToAccountReceivables": -204199000, "changeToLiabilities": 4956513000, "changeToInventory": 4333851000, "changeToOperatingActivities": -852560000, "totalCashFromOperatingActivities": 11798419000, "capitalExpenditures": -1357174000, "investments": -374950000, "otherCashflowsFromInvestingActivities": 9075000, "totalCashflowsFromInvestingActivities": -1593245000, "dividendsPaid": -587556000, "netBorrowings": -7924548000, "otherCashflowsFromFinancingActivities": -700107000, "totalCashFromFinancingActivities": -10200964000, "changeInCash": 4210000, "repurchaseOfStock": -990000000, "issuanceOfStock": 1247000}, {"maxAge": 1, "endDate": "2017-03-31", "netIncome": 5929932000, "depreciation": 1040356000, "changeToNetincome": 1029296000, "changeToAccountReceivables": 362631000, "changeToLiabilities": -1246493000, "changeToInventory": -4488283000, "changeToOperatingActivities": 819079000, "totalCashFromOperatingActivities": 3456446000, "capitalExpenditures": -1295594000, "investments": -2000, "otherCashflowsFromInvestingActivities": 57574000, "totalCashflowsFromInvestingActivities": -1165192000, "dividendsPaid": -857459000, "netBorrowings": 1111667000, "otherCashflowsFromFinancingActivities": -834150000, "totalCashFromFinancingActivities": -2327212000, "changeInCash": -41310000, "repurchaseOfStock": -1750000000, "issuanceOfStock": 2730000}], "maxAge": 86400}, "institutionOwnership": {"maxAge": 1, "ownershipList": []}, "balanceSheetHistoryQuarterly": {"balanceSheetStatements": [{"maxAge": 1, "endDate": "2020-06-30", "totalStockholderEquity": 24156947000, "netTangibleAssets": 24148054000}, {"maxAge": 1, "endDate": "2020-03-31", "cash": 14924000, "shortTermInvestments": 56458000, "netReceivables": 5878655000, "inventory": 22950963000, "otherCurrentAssets": 168112000, "totalCurrentAssets": 29163654000, "longTermInvestments": 2387385000, "propertyPlantEquipment": 16355531000, "intangibleAssets": 8893000, "otherAssets": 152794000, "totalAssets": 48068257000, "accountsPayable": 6699450000, "shortLongTermDebt": 833653000, "otherCurrentLiab": 913198000, "longTermDebt": 3380237000, "otherLiab": 592117000, "totalCurrentLiabilities": 19916581000, "totalLiab": 23911310000, "commonStock": 220000000, "retainedEarnings": 22346043000, "treasuryStock": 608906000, "capitalSurplus": 981998000, "otherStockholderEquity": 608906000, "totalStockholderEquity": 24156947000, "netTangibleAssets": 24148054000}, {"maxAge": 1, "endDate": "2019-12-31", "totalStockholderEquity": 21729600000, "netTangibleAssets": 21718600000}, {"maxAge": 1, "endDate": "2019-09-30", "cash": 1293500000, "shortTermInvestments": 2012100000, "netReceivables": 1770300000, "inventory": 16334500000, "otherCurrentAssets": 346100000, "totalCurrentAssets": 21756500000, "longTermInvestments": 2431500000, "propertyPlantEquipment": 15841800000, "intangibleAssets": 11000000, "otherAssets": 740000000, "totalAssets": 40780800000, "accountsPayable": 496100000, "otherCurrentLiab": 2112200000, "longTermDebt": 2435700000, "otherLiab": 1179400000, "totalCurrentLiabilities": 15436100000, "totalLiab": 19051200000, "commonStock": 220000000, "treasuryStock": 21509600000, "otherStockholderEquity": 21509600000, "totalStockholderEquity": 21729600000, "netTangibleAssets": 21718600000}], "maxAge": 86400}, "earningsHistory": {"history": [{"maxAge": 1, "epsActual": 3.51, "epsEstimate": 5.16, "epsDifference": -1.65, "surprisePercent": -0.32, "quarter": "2017-09-30", "period": "-4q"}, {"maxAge": 1, "epsActual": 2.61, "epsEstimate": 6.9, "epsDifference": -4.29, "surprisePercent": -0.622, "quarter": "2017-12-31", "period": "-3q"}, {"maxAge": 1, "epsActual": -1.82, "epsEstimate": 5.0, "epsDifference": -6.82, "surprisePercent": -1.364, "quarter": "2018-03-31", "period": "-2q"}, {"maxAge": 1, "epsActual": 3.22, "epsEstimate": 3.0, "epsDifference": 0.22, "surprisePercent": 0.073, "quarter": "2018-06-30", "period": "-1q"}], "maxAge": 86400}, "indexTrend": {"maxAge": 1, "symbol": "SP5", "peRatio": 19.7411, "pegRatio": 1.34172, "estimates": [{"period": "0q", "growth": 0.549}, {"period": "+1q", "growth": 0.431}, {"period": "0y", "growth": 0.305}, {"period": "+1y", "growth": 0.109}, {"period": "+5y", "growth": 0.120865}, {"period": "-5y"}]}, "industryTrend": {"maxAge": 1, "symbol": null, "estimates": []}, "insiderTransactions": {"transactions": [{"maxAge": 1, "shares": 368900, "filerUrl": "", "transactionText": "", "filerName": "Reliance Capital Trustee Co Ltd - Reliance", "filerRelation": "Institution- Corporation", "moneyText": "", "startDate": "2020-09-18", "ownership": "D"}, {"maxAge": 1, "shares": 201144, "value": 482343, "filerUrl": "", "transactionText": "Other at price 2.40 per share.", "filerName": "Dhanuka (Stuti)", "filerRelation": "Promoter", "moneyText": "", "startDate": "2020-08-04", "ownership": "D"}, {"maxAge": 1, "shares": 287851, "value": 690266, "filerUrl": "", "transactionText": "Other at price 2.40 per share.", "filerName": "Meenakshi Mercantiles Ltd", "filerRelation": "Promoter", "moneyText": "", "startDate": "2020-08-04", "ownership": "D"}, {"maxAge": 1, "shares": 157657, "value": 378061, "filerUrl": "", "transactionText": "Other at price 2.40 per share.", "filerName": "Novel Suppliers Pvt Ltd", "filerRelation": "Promoter", "moneyText": "", "startDate": "2020-08-04", "ownership": "D"}, {"maxAge": 1, "shares": 152422, "value": 365507, "filerUrl": "", "transactionText": "Other at price 2.40 per share.", "filerName": "Saraogi (Avantika)", "filerRelation": "Promoter", "moneyText": "", "startDate": "2020-08-04", "ownership": "D"}, {"maxAge": 1, "shares": 984020, "value": 2359679, "filerUrl": "", "transactionText": "Other at price 2.40 per share.", "filerName": "Saraogi (Sumedha)", "filerRelation": "Promoter", "moneyText": "", "startDate": "2020-08-04", "ownership": "D"}, {"maxAge": 1, "shares": 1529881, "value": 3668654, "filerUrl": "", "transactionText": "Other at price 2.40 per share.", "filerName": "Saraogi (Vivek)", "filerRelation": "Promoter", "moneyText": "", "startDate": "2020-08-04", "ownership": "D"}, {"maxAge": 1, "shares": 6547, "value": 15699, "filerUrl": "", "transactionText": "Other at price 2.40 per share.", "filerName": "Saraogi (Vivek) HUF", "filerRelation": "Promoter", "moneyText": "", "startDate": "2020-08-04", "ownership": "D"}, {"maxAge": 1, "shares": 302723, "value": 725929, "filerUrl": "", "transactionText": "Other at price 2.40 per share.", "filerName": "Sarogi (Kamal Nayan) HUF", "filerRelation": "Promoter", "moneyText": "", "startDate": "2020-08-04", "ownership": "D"}, {"maxAge": 1, "shares": 252568, "value": 605658, "filerUrl": "", "transactionText": "Other at price 2.40 per share.", "filerName": "Udaipur Cotton Mills Company Ltd", "filerRelation": "Promoter", "moneyText": "", "startDate": "2020-08-04", "ownership": "D"}, {"maxAge": 1, "shares": 900000, "filerUrl": "", "transactionText": "", "filerName": "Novel Suppliers Pvt Ltd", "filerRelation": "Promoter", "moneyText": "", "startDate": "2019-12-30", "ownership": "D"}, {"maxAge": 1, "shares": 14177991, "filerUrl": "", "transactionText": "", "filerName": "Saraogi (Sumedha)", "filerRelation": "Promoter", "moneyText": "", "startDate": "2019-12-30", "ownership": "D"}, {"maxAge": 1, "shares": 1400000, "filerUrl": "", "transactionText": "", "filerName": "Saraogi (Vivek)", "filerRelation": "Managing Director", "moneyText": "", "startDate": "2019-12-30", "ownership": "D"}, {"maxAge": 1, "shares": 172924, "filerUrl": "", "transactionText": "", "filerName": "Dhanuka (Stuti)", "filerRelation": "Promoter", "moneyText": "", "startDate": "2019-06-03", "ownership": "D"}, {"maxAge": 1, "shares": 236276, "filerUrl": "", "transactionText": "", "filerName": "Meenakshi Mercantiles Ltd", "filerRelation": "Promoter", "moneyText": "", "startDate": "2019-06-03", "ownership": "D"}, {"maxAge": 1, "shares": 98008, "filerUrl": "", "transactionText": "", "filerName": "Novel Suppliers Pvt Ltd", "filerRelation": "Promoter", "moneyText": "", "startDate": "2019-06-03", "ownership": "D"}, {"maxAge": 1, "shares": 132932, "filerUrl": "", "transactionText": "", "filerName": "Saraogi (Avantika)", "filerRelation": "Promoter", "moneyText": "", "startDate": "2019-06-03", "ownership": "D"}, {"maxAge": 1, "shares": 574913, "filerUrl": "", "transactionText": "", "filerName": "Saraogi (Karan)", "filerRelation": "Promoter", "moneyText": "", "startDate": "2019-06-03", "ownership": "D"}, {"maxAge": 1, "shares": 316953, "filerUrl": "", "transactionText": "", "filerName": "Saraogi (Sumedha)", "filerRelation": "Promoter", "moneyText": "", "startDate": "2019-06-03", "ownership": "D"}, {"maxAge": 1, "shares": 1210833, "filerUrl": "", "transactionText": "", "filerName": "Saraogi (Vivek)", "filerRelation": "Managing Director", "moneyText": "", "startDate": "2019-06-03", "ownership": "D"}, {"maxAge": 1, "shares": 5374, "filerUrl": "", "transactionText": "", "filerName": "Saraogi (Vivek) HUF", "filerRelation": "Promoter", "moneyText": "", "startDate": "2019-06-03", "ownership": "D"}, {"maxAge": 1, "shares": 248483, "filerUrl": "", "transactionText": "", "filerName": "Sarogi (Kamal Nayan) HUF", "filerRelation": "Program Director", "moneyText": "", "startDate": "2019-06-03", "ownership": "D"}, {"maxAge": 1, "shares": 207315, "filerUrl": "", "transactionText": "", "filerName": "Udaipur Cotton Mills Company Ltd", "filerRelation": "Promoter", "moneyText": "", "startDate": "2019-06-03", "ownership": "D"}], "maxAge": 1}, "quoteType": {"exchange": "BSE", "quoteType": "EQUITY", "symbol": "BALRAMCHIN.BO", "underlyingSymbol": "BALRAMCHIN.BO", "shortName": "BALRAMPUR CHINI MILLS LTD.", "longName": "Balrampur Chini Mills Limited", "firstTradeDateEpochUtc": "2002-07-01 09:15:00", "timeZoneFullName": "Asia/Kolkata", "timeZoneShortName": "IST", "uuid": "cd3bfdb3-3f59-323f-9898-c3e75248288e", "messageBoardId": null, "gmtOffSetMilliseconds": 19800000, "maxAge": 1}, "incomeStatementHistory": {"incomeStatementHistory": [{"maxAge": 1, "endDate": "2020-03-31", "totalRevenue": 47412940000, "costOfRevenue": 35732171000, "grossProfit": 11680769000, "researchDevelopment": {}, "sellingGeneralAdministrative": 2546825000, "nonRecurring": {}, "otherOperatingExpenses": 2314251000, "totalOperatingExpenses": 41607420000, "operatingIncome": 5805520000, "totalOtherIncomeExpenseNet": -124917000, "ebit": 5805520000, "interestExpense": -637990000, "incomeBeforeTax": 5680603000, "incomeTaxExpense": 487059000, "minorityInterest": {}, "netIncomeFromContinuingOps": 5193544000, "discontinuedOperations": {}, "extraordinaryItems": {}, "effectOfAccountingCharges": {}, "otherItems": {}, "netIncome": 5193544000, "netIncomeApplicableToCommonShares": 5193544000}, {"maxAge": 1, "endDate": "2019-03-31", "totalRevenue": 42857751000, "costOfRevenue": 31248715000, "grossProfit": 11609036000, "researchDevelopment": {}, "sellingGeneralAdministrative": 2311312000, "nonRecurring": {}, "otherOperatingExpenses": 2375779000, "totalOperatingExpenses": 36894319000, "operatingIncome": 5963432000, "totalOtherIncomeExpenseNet": 54443000, "ebit": 5963432000, "interestExpense": -404625000, "incomeBeforeTax": 6017875000, "incomeTaxExpense": 259677000, "minorityInterest": {}, "netIncomeFromContinuingOps": 5758198000, "discontinuedOperations": {}, "extraordinaryItems": {}, "effectOfAccountingCharges": {}, "otherItems": {}, "netIncome": 5758198000, "netIncomeApplicableToCommonShares": 5758198000}, {"maxAge": 1, "endDate": "2018-03-31", "totalRevenue": 43425430000, "costOfRevenue": 35917771000, "grossProfit": 7507659000, "researchDevelopment": {}, "sellingGeneralAdministrative": 2047778000, "nonRecurring": {}, "otherOperatingExpenses": 914617000, "totalOperatingExpenses": 39831807000, "operatingIncome": 3593623000, "totalOtherIncomeExpenseNet": -142113000, "ebit": 3593623000, "interestExpense": -515894000, "incomeBeforeTax": 3451510000, "incomeTaxExpense": 1134880000, "minorityInterest": {}, "netIncomeFromContinuingOps": 2316630000, "discontinuedOperations": {}, "extraordinaryItems": {}, "effectOfAccountingCharges": {}, "otherItems": {}, "netIncome": 2316630000, "netIncomeApplicableToCommonShares": 2316630000}, {"maxAge": 1, "endDate": "2017-03-31", "totalRevenue": 34601338000, "costOfRevenue": 21965596000, "grossProfit": 12635742000, "researchDevelopment": {}, "sellingGeneralAdministrative": 1817526000, "nonRecurring": {}, "otherOperatingExpenses": 1787467000, "totalOperatingExpenses": 26622719000, "operatingIncome": 7978619000, "totalOtherIncomeExpenseNet": -629467000, "ebit": 7978619000, "interestExpense": -548326000, "incomeBeforeTax": 7349152000, "incomeTaxExpense": 1421556000, "minorityInterest": -2883000, "netIncomeFromContinuingOps": 5927596000, "discontinuedOperations": {}, "extraordinaryItems": {}, "effectOfAccountingCharges": {}, "otherItems": {}, "netIncome": 5929932000, "netIncomeApplicableToCommonShares": 5929932000}], "maxAge": 86400}, "fundOwnership": {"maxAge": 1, "ownershipList": [{"maxAge": 1, "reportDate": "2020-07-31", "organization": "Vanguard International Stock Index-Total Intl Stock Indx", "pctHeld": 0.0105, "position": 2207533, "value": 276935014}, {"maxAge": 1, "reportDate": "2020-07-31", "organization": "Vanguard International Stock Index-Emerging Markets Stk", "pctHeld": 0.0085, "position": 1790195, "value": 224579962}, {"maxAge": 1, "reportDate": "2020-07-31", "organization": "DFA Emerging Markets Core Equity Portfolio", "pctHeld": 0.0085, "position": 1784468, "value": 223861510}, {"maxAge": 1, "reportDate": "2020-07-31", "organization": "DFA Investment Dimensions-DFA Emerging Mkts Value", "pctHeld": 0.0075, "position": 1567203, "value": 196605616}, {"maxAge": 1, "reportDate": "2020-07-31", "organization": "DFA Emerging Markets Small Cap Series", "pctHeld": 0.0046, "position": 957414, "value": 120107586}, {"maxAge": 1, "reportDate": "2020-05-31", "organization": "GMO Implementation Fund", "pctHeld": 0.0043, "position": 908502, "value": 90532224}, {"maxAge": 1, "reportDate": "2020-08-31", "organization": "SPDR Portfolio Emerging Markets ETF", "pctHeld": 0.0034, "position": 704155, "value": 103722031}, {"maxAge": 1, "reportDate": "2020-08-31", "organization": "WisdomTree Tr-WisdomTree India Earnings Fd", "pctHeld": 0.0022, "position": 463716, "value": 68305366}, {"maxAge": 1, "reportDate": "2020-05-31", "organization": "GMO Benchmark-Free Fund", "pctHeld": 0.0017, "position": 364498, "value": 36322225}, {"maxAge": 1, "reportDate": "2020-07-31", "organization": "Vanguard Intl Equity Index Fds-FTSE All World ex U.S.Small Cap Index", "pctHeld": 0.0017, "position": 363218, "value": 45565698}]}, "summaryDetail": {"maxAge": 1, "priceHint": 2, "previousClose": 274.45, "open": 269.2, "dayLow": 269.0, "dayHigh": 285.55, "regularMarketPreviousClose": 274.45, "regularMarketOpen": 269.2, "regularMarketDayLow": 269.0, "regularMarketDayHigh": 285.55, "trailingPE": 11.0733185, "forwardPE": 17.900322, "volume": 351232, "regularMarketVolume": 351232, "averageVolume": 80433, "averageVolume10days": 78171, "averageDailyVolume10Day": 78171, "bid": 275.3, "ask": 278.0, "bidSize": 0, "askSize": 0, "marketCap": 58453499904, "fiftyTwoWeekLow": 68.8, "fiftyTwoWeekHigh": 285.55, "fiftyDayAverage": 170.35571, "twoHundredDayAverage": 160.2489, "trailingAnnualDividendRate": 2.5, "trailingAnnualDividendYield": 0.009109127, "currency": "INR", "fromCurrency": null, "toCurrency": null, "lastMarket": null, "algorithm": null, "tradeable": false}, "sectorTrend": {"maxAge": 1, "symbol": null, "estimates": []}, "incomeStatementHistoryQuarterly": {"incomeStatementHistory": [{"maxAge": 1, "endDate": "2020-06-30", "totalRevenue": 14303371000, "costOfRevenue": 10754338000, "grossProfit": 3549033000, "researchDevelopment": {}, "sellingGeneralAdministrative": 641910000, "nonRecurring": {}, "otherOperatingExpenses": 732616000, "totalOperatingExpenses": 12406862000, "operatingIncome": 1896509000, "totalOtherIncomeExpenseNet": -63925000, "ebit": 1896509000, "interestExpense": -156148000, "incomeBeforeTax": 1832584000, "incomeTaxExpense": 441683000, "minorityInterest": {}, "netIncomeFromContinuingOps": 1390901000, "discontinuedOperations": {}, "extraordinaryItems": {}, "effectOfAccountingCharges": {}, "otherItems": {}, "netIncome": 1390901000, "netIncomeApplicableToCommonShares": 1390901000}, {"maxAge": 1, "endDate": "2020-03-31", "totalRevenue": 17400440000, "costOfRevenue": 13827171000, "grossProfit": 3573269000, "researchDevelopment": {}, "sellingGeneralAdministrative": 734525000, "nonRecurring": {}, "otherOperatingExpenses": 425351000, "totalOperatingExpenses": 15260620000, "operatingIncome": 2139820000, "totalOtherIncomeExpenseNet": 125383000, "ebit": 2139820000, "interestExpense": -169390000, "incomeBeforeTax": 2265203000, "incomeTaxExpense": -149241000, "minorityInterest": {}, "netIncomeFromContinuingOps": 2414444000, "discontinuedOperations": {}, "extraordinaryItems": {}, "effectOfAccountingCharges": {}, "otherItems": {}, "netIncome": 2414444000, "netIncomeApplicableToCommonShares": 2414444000}, {"maxAge": 1, "endDate": "2019-12-31", "totalRevenue": 11957800000, "costOfRevenue": 9434300000, "grossProfit": 2523500000, "researchDevelopment": {}, "sellingGeneralAdministrative": 659400000, "nonRecurring": {}, "otherOperatingExpenses": 762000000, "totalOperatingExpenses": 11105500000, "operatingIncome": 852300000, "totalOtherIncomeExpenseNet": 24700000, "ebit": 852300000, "interestExpense": -75500000, "incomeBeforeTax": 877000000, "incomeTaxExpense": 152000000, "minorityInterest": {}, "netIncomeFromContinuingOps": 725000000, "discontinuedOperations": {}, "extraordinaryItems": {}, "effectOfAccountingCharges": {}, "otherItems": {}, "netIncome": 725000000, "netIncomeApplicableToCommonShares": 725000000}, {"maxAge": 1, "endDate": "2019-09-30", "totalRevenue": 8569700000, "costOfRevenue": 5860400000, "grossProfit": 2709300000, "researchDevelopment": {}, "sellingGeneralAdministrative": 577200000, "nonRecurring": {}, "otherOperatingExpenses": 586600000, "totalOperatingExpenses": 7272400000, "operatingIncome": 1297300000, "totalOtherIncomeExpenseNet": -82800000, "ebit": 1297300000, "interestExpense": -166400000, "incomeBeforeTax": 1214500000, "incomeTaxExpense": 216500000, "minorityInterest": {}, "netIncomeFromContinuingOps": 998000000, "discontinuedOperations": {}, "extraordinaryItems": {}, "effectOfAccountingCharges": {}, "otherItems": {}, "netIncome": 998000000, "netIncomeApplicableToCommonShares": 998000000}], "maxAge": 86400}, "cashflowStatementHistoryQuarterly": {"cashflowStatements": [{"maxAge": 1, "endDate": "2020-06-30", "netIncome": 1390901000, "changeToLiabilities": 0}, {"maxAge": 1, "endDate": "2020-03-31", "netIncome": 2414444000, "changeToLiabilities": 0}, {"maxAge": 1, "endDate": "2019-12-31", "netIncome": 725000000, "changeToLiabilities": 0}, {"maxAge": 1, "endDate": "2019-09-30", "netIncome": 998000000, "changeToLiabilities": 0}], "maxAge": 86400}, "insiderHolders": {"holders": [{"maxAge": 1, "name": "Dhanuka (Stuti)", "relation": "Promoter", "url": "", "transactionDescription": "Other", "latestTransDate": "2020-08-04", "positionDirect": 4284531, "positionDirectDate": "2020-08-04"}, {"maxAge": 1, "name": "Meenakshi Mercantiles Ltd", "relation": "Promoter", "url": "", "transactionDescription": "Other", "latestTransDate": "2020-08-04", "positionDirect": 6484233, "positionDirectDate": "2020-08-04"}, {"maxAge": 1, "name": "Novel Suppliers Pvt Ltd", "relation": "Promoter", "url": "", "transactionDescription": "Other", "latestTransDate": "2020-08-04", "positionDirect": 3551444, "positionDirectDate": "2020-08-04"}, {"maxAge": 1, "name": "Reliance Capital Trustee Co Ltd - Reliance", "relation": "Institution- Corporation", "url": "", "transactionDescription": "Acquisition", "latestTransDate": "2020-09-18", "positionDirect": 10825401, "positionDirectDate": "2020-09-18"}, {"maxAge": 1, "name": "Saraogi (Avantika)", "relation": "Promoter", "url": "", "transactionDescription": "Other", "latestTransDate": "2020-08-04", "positionDirect": 3187007, "positionDirectDate": "2020-08-04"}, {"maxAge": 1, "name": "Saraogi (Sumedha)", "relation": "Promoter", "url": "", "transactionDescription": "Other", "latestTransDate": "2020-08-04", "positionDirect": 22043079, "positionDirectDate": "2020-08-04"}, {"maxAge": 1, "name": "Saraogi (Vivek)", "relation": "Promoter", "url": "", "transactionDescription": "Other", "latestTransDate": "2020-08-04", "positionDirect": 34339303, "positionDirectDate": "2020-08-04"}, {"maxAge": 1, "name": "Saraogi (Vivek) HUF", "relation": "Promoter", "url": "", "transactionDescription": "Other", "latestTransDate": "2020-08-04", "positionDirect": 147482, "positionDirectDate": "2020-08-04"}, {"maxAge": 1, "name": "Sarogi (Kamal Nayan) HUF", "relation": "Promoter", "url": "", "transactionDescription": "Other", "latestTransDate": "2020-08-04", "positionDirect": 6819241, "positionDirectDate": "2020-08-04"}, {"maxAge": 1, "name": "Udaipur Cotton Mills Company Ltd", "relation": "Promoter", "url": "", "transactionDescription": "Other", "latestTransDate": "2020-08-04", "positionDirect": 5689433, "positionDirectDate": "2020-08-04"}], "maxAge": 1}, "earnings": {"maxAge": 86400, "earningsChart": {"quarterly": [{"date": "3Q2017", "actual": 3.51, "estimate": 5.16}, {"date": "4Q2017", "actual": 2.61, "estimate": 6.9}, {"date": "1Q2018", "actual": -1.82, "estimate": 5.0}, {"date": "2Q2018", "actual": 3.22, "estimate": 3.0}], "currentQuarterEstimateDate": "3Q", "currentQuarterEstimateYear": 2018, "earningsDate": []}, "financialsChart": {"yearly": [{"date": 2017, "revenue": 34601338000, "earnings": 5929932000}, {"date": 2018, "revenue": 43425430000, "earnings": 2316630000}, {"date": 2019, "revenue": 42857751000, "earnings": 5758198000}, {"date": 2020, "revenue": 47412940000, "earnings": 5193544000}], "quarterly": [{"date": "3Q2019", "revenue": 8569700000, "earnings": 998000000}, {"date": "4Q2019", "revenue": 11957800000, "earnings": 725000000}, {"date": "1Q2020", "revenue": 17400440000, "earnings": 2414444000}, {"date": "2Q2020", "revenue": 14303371000, "earnings": 1390901000}]}, "financialCurrency": "INR"}, "calendarEvents": {"maxAge": 1, "earnings": {"earningsDate": [], "revenueAverage": 10226900000}}, "price": {"maxAge": 1, "regularMarketChangePercent": 0.014210216, "regularMarketChange": 3.899994, "regularMarketTime": "2021-04-30 15:47:14", "priceHint": 2, "regularMarketPrice": 278.35, "regularMarketDayHigh": 285.55, "regularMarketDayLow": 269.0, "regularMarketVolume": 351232, "averageDailyVolume10Day": 78171, "averageDailyVolume3Month": 80433, "regularMarketPreviousClose": 274.45, "regularMarketSource": "FREE_REALTIME", "regularMarketOpen": 269.2, "exchange": "BSE", "exchangeName": "BSE", "exchangeDataDelayedBy": 0, "marketState": "CLOSED", "quoteType": "EQUITY", "symbol": "BALRAMCHIN.BO", "underlyingSymbol": null, "shortName": "BALRAMPUR CHINI MILLS LTD.", "longName": "Balrampur Chini Mills Limited", "currency": "INR", "quoteSourceName": "Delayed Quote", "currencySymbol": "\u20b9", "fromCurrency": null, "toCurrency": null, "lastMarket": null, "marketCap": 58453499904}, "balanceSheetHistory": {"balanceSheetStatements": [{"maxAge": 1, "endDate": "2020-03-31", "cash": 14924000, "shortTermInvestments": 56458000, "netReceivables": 5878655000, "inventory": 22950963000, "otherCurrentAssets": 168112000, "totalCurrentAssets": 29163654000, "longTermInvestments": 2387385000, "propertyPlantEquipment": 16355531000, "intangibleAssets": 8893000, "otherAssets": 152794000, "totalAssets": 48068257000, "accountsPayable": 6699450000, "shortLongTermDebt": 833653000, "otherCurrentLiab": 913198000, "longTermDebt": 3380237000, "otherLiab": 592117000, "totalCurrentLiabilities": 19916581000, "totalLiab": 23911310000, "commonStock": 220000000, "retainedEarnings": 22346043000, "treasuryStock": 608906000, "capitalSurplus": 981998000, "otherStockholderEquity": 608906000, "totalStockholderEquity": 24156947000, "netTangibleAssets": 24148054000}, {"maxAge": 1, "endDate": "2019-03-31", "cash": 21176000, "shortTermInvestments": 1913200000, "netReceivables": 6398589000, "inventory": 23160657000, "otherCurrentAssets": 175666000, "totalCurrentAssets": 29830478000, "longTermInvestments": 1657132000, "propertyPlantEquipment": 14658450000, "intangibleAssets": 15376000, "otherAssets": 860259000, "totalAssets": 47021695000, "accountsPayable": 6062487000, "shortLongTermDebt": 600962000, "otherCurrentLiab": 496887000, "longTermDebt": 2792452000, "otherLiab": 1206059000, "totalCurrentLiabilities": 21845274000, "totalLiab": 25843785000, "commonStock": 228438000, "retainedEarnings": 17890299000, "treasuryStock": 600468000, "capitalSurplus": 2458705000, "otherStockholderEquity": 600468000, "totalStockholderEquity": 21177910000, "netTangibleAssets": 21162534000}, {"maxAge": 1, "endDate": "2018-03-31", "cash": 24515000, "shortTermInvestments": 806000, "netReceivables": 2330699000, "inventory": 18023167000, "otherCurrentAssets": 232611000, "totalCurrentAssets": 20654764000, "longTermInvestments": 1220435000, "propertyPlantEquipment": 14548795000, "intangibleAssets": 20424000, "otherAssets": 551809000, "totalAssets": 36996227000, "accountsPayable": 7801610000, "shortLongTermDebt": 1136373000, "otherCurrentLiab": 369256000, "longTermDebt": 106681000, "otherLiab": 2003253000, "totalCurrentLiabilities": 18715706000, "totalLiab": 20825640000, "commonStock": 228428000, "retainedEarnings": 12882027000, "treasuryStock": 602241000, "capitalSurplus": 2457891000, "otherStockholderEquity": 602241000, "totalStockholderEquity": 16170587000, "netTangibleAssets": 16150163000}, {"maxAge": 1, "endDate": "2017-03-31", "cash": 20305000, "shortTermInvestments": 3945000, "netReceivables": 1743502000, "inventory": 23137546000, "otherCurrentAssets": 280751000, "totalCurrentAssets": 25234845000, "longTermInvestments": 735081000, "propertyPlantEquipment": 14156271000, "intangibleAssets": 28015000, "otherAssets": 120659000, "totalAssets": 40274871000, "accountsPayable": 2916274000, "shortLongTermDebt": 805393000, "otherCurrentLiab": 442772000, "longTermDebt": 1243054000, "otherLiab": 1595895000, "minorityInterest": -2883000, "totalCurrentLiabilities": 21832787000, "totalLiab": 24671736000, "commonStock": 235010000, "retainedEarnings": 11328705000, "treasuryStock": 595677000, "capitalSurplus": 3446626000, "otherStockholderEquity": 595677000, "totalStockholderEquity": 15606018000, "netTangibleAssets": 15578003000}], "maxAge": 86400}, "earningsTrend": {"trend": [{"maxAge": 1, "period": "0q", "endDate": "2018-09-30", "growth": {}, "earningsEstimate": {"avg": 0.0, "low": 0.0, "high": 0.0, "yearAgoEps": 3.51, "numberOfAnalysts": 0, "growth": {}}, "revenueEstimate": {"avg": 10226900000, "low": 0, "high": 0, "numberOfAnalysts": 0, "yearAgoRevenue": 12368400000, "growth": -0.173}, "epsTrend": {"current": 0.0, "7daysAgo": 0.0, "30daysAgo": 0.0, "60daysAgo": 0.0, "90daysAgo": 0.0}, "epsRevisions": {"upLast7days": 0, "upLast30days": 0, "downLast30days": 0, "downLast90days": {}}}, {"maxAge": 1, "period": "+1q", "endDate": "2018-12-31", "growth": {}, "earningsEstimate": {"avg": 0.0, "low": 0.0, "high": 0.0, "yearAgoEps": 2.61, "numberOfAnalysts": 0, "growth": {}}, "revenueEstimate": {"avg": 0, "low": 0, "high": 0, "numberOfAnalysts": 0, "yearAgoRevenue": {}, "growth": {}}, "epsTrend": {"current": 0.0, "7daysAgo": 0.0, "30daysAgo": 0.0, "60daysAgo": 0.0, "90daysAgo": 0.0}, "epsRevisions": {"upLast7days": 0, "upLast30days": 0, "downLast30days": 0, "downLast90days": {}}}, {"maxAge": 1, "period": "0y", "endDate": "2019-03-31", "growth": {}, "earningsEstimate": {"avg": 0.0, "low": 0.0, "high": 0.0, "yearAgoEps": {}, "numberOfAnalysts": 0, "growth": {}}, "revenueEstimate": {"avg": 41619200000, "low": 41382000000, "high": 41856400000, "numberOfAnalysts": 2, "yearAgoRevenue": 44285000000, "growth": -0.06}, "epsTrend": {"current": 0.0, "7daysAgo": 17.95, "30daysAgo": 17.95, "60daysAgo": 17.95, "90daysAgo": 17.95}, "epsRevisions": {"upLast7days": 0, "upLast30days": 0, "downLast30days": 0, "downLast90days": {}}}, {"maxAge": 1, "period": "+1y", "endDate": "2020-03-31", "growth": {}, "earningsEstimate": {"avg": 0.0, "low": 0.0, "high": 0.0, "yearAgoEps": {}, "numberOfAnalysts": 0, "growth": {}}, "revenueEstimate": {"avg": 44194600000, "low": 43688300000, "high": 44701000000, "numberOfAnalysts": 2, "yearAgoRevenue": 41619200000, "growth": 0.062}, "epsTrend": {"current": 0.0, "7daysAgo": 15.55, "30daysAgo": 15.55, "60daysAgo": 15.55, "90daysAgo": 15.55}, "epsRevisions": {"upLast7days": 0, "upLast30days": 0, "downLast30days": 0, "downLast90days": {}}}, {"maxAge": 1, "period": "+5y", "endDate": null, "growth": -0.573, "earningsEstimate": {"avg": {}, "low": {}, "high": {}, "yearAgoEps": {}, "numberOfAnalysts": {}, "growth": {}}, "revenueEstimate": {"avg": {}, "low": {}, "high": {}, "numberOfAnalysts": {}, "yearAgoRevenue": {}, "growth": {}}, "epsTrend": {"current": {}, "7daysAgo": {}, "30daysAgo": {}, "60daysAgo": {}, "90daysAgo": {}}, "epsRevisions": {"upLast7days": {}, "upLast30days": {}, "downLast30days": {}, "downLast90days": {}}}, {"maxAge": 1, "period": "-5y", "endDate": null, "growth": {}, "earningsEstimate": {"avg": {}, "low": {}, "high": {}, "yearAgoEps": {}, "numberOfAnalysts": {}, "growth": {}}, "revenueEstimate": {"avg": {}, "low": {}, "high": {}, "numberOfAnalysts": {}, "yearAgoRevenue": {}, "growth": {}}, "epsTrend": {"current": {}, "7daysAgo": {}, "30daysAgo": {}, "60daysAgo": {}, "90daysAgo": {}}, "epsRevisions": {"upLast7days": {}, "upLast30days": {}, "downLast30days": {}, "downLast90days": {}}}], "maxAge": 1}, "financialData": {"maxAge": 86400, "currentPrice": 278.35, "targetHighPrice": 90.0, "targetLowPrice": 90.0, "targetMeanPrice": 90.0, "targetMedianPrice": 90.0, "recommendationKey": "none", "numberOfAnalystOpinions": 1, "grossProfits": 11680769000, "financialCurrency": "INR"}}}