{"BALTE.BO": {"cashflowStatementHistory": {"cashflowStatements": [{"maxAge": 1, "endDate": "2020-03-31", "netIncome": 19537600, "depreciation": 4348200, "changeToNetincome": -8912800, "changeToAccountReceivables": -100675900, "changeToLiabilities": 390300, "changeToInventory": 755400, "changeToOperatingActivities": -5004000, "totalCashFromOperatingActivities": -89561200, "capitalExpenditures": -1119300, "investments": 1069700, "otherCashflowsFromInvestingActivities": 1367200, "totalCashflowsFromInvestingActivities": 9032600, "netBorrowings": 28553700, "totalCashFromFinancingActivities": 28553700, "changeInCash": -51974900}, {"maxAge": 1, "endDate": "2019-03-31", "netIncome": 7987400, "depreciation": 3759400, "changeToNetincome": -1130400, "changeToAccountReceivables": -49608000, "changeToLiabilities": 6767100, "changeToInventory": 576000, "changeToOperatingActivities": -742300, "totalCashFromOperatingActivities": -32390800, "capitalExpenditures": -1714700, "investments": -1497000, "otherCashflowsFromInvestingActivities": 1128200, "totalCashflowsFromInvestingActivities": -2082600, "netBorrowings": 21837000, "totalCashFromFinancingActivities": 21837000, "changeInCash": -12636400}, {"maxAge": 1, "endDate": "2018-03-31", "netIncome": 7455000, "depreciation": 3765800, "changeToNetincome": -1032700, "changeToAccountReceivables": -22334200, "changeToLiabilities": 3638600, "changeToInventory": -609700, "changeToOperatingActivities": -878900, "totalCashFromOperatingActivities": -9996100, "capitalExpenditures": -2254300, "investments": -1497000, "otherCashflowsFromInvestingActivities": 1032700, "totalCashflowsFromInvestingActivities": -920600, "netBorrowings": 15830600, "totalCashFromFinancingActivities": 15830600, "changeInCash": 4913900}, {"maxAge": 1, "endDate": "2017-03-31", "netIncome": 5441100, "depreciation": 2654700, "changeToNetincome": -970200, "changeToAccountReceivables": -2922900, "changeToLiabilities": -9483400, "changeToInventory": 280700, "changeToOperatingActivities": 7895200, "totalCashFromOperatingActivities": 2895200, "capitalExpenditures": -11074000, "investments": -1497000, "otherCashflowsFromInvestingActivities": 901100, "totalCashflowsFromInvestingActivities": -10045100, "netBorrowings": 9436400, "totalCashFromFinancingActivities": 9436400, "changeInCash": 2286500}], "maxAge": 86400}, "institutionOwnership": {"ownershipList": [], "maxAge": 1}, "balanceSheetHistoryQuarterly": {"balanceSheetStatements": [{"maxAge": 1, "endDate": "2020-06-30", "totalStockholderEquity": 114928300, "netTangibleAssets": 114928300}, {"maxAge": 1, "endDate": "2020-03-31", "cash": -33000900, "netReceivables": 215241000, "inventory": 1967000, "otherCurrentAssets": 19514400, "totalCurrentAssets": 203721500, "longTermInvestments": 100000, "propertyPlantEquipment": 37862600, "otherAssets": 8325300, "totalAssets": 250009400, "accountsPayable": 19459100, "shortLongTermDebt": 1690400, "otherCurrentLiab": 13888900, "longTermDebt": 84453900, "otherLiab": 7117100, "totalCurrentLiabilities": 43510100, "totalLiab": 135081100, "commonStock": 166163600, "retainedEarnings": -67456700, "treasuryStock": 16221400, "otherStockholderEquity": 16221400, "totalStockholderEquity": 114928300, "netTangibleAssets": 114928300}, {"maxAge": 1, "endDate": "2019-12-31", "totalStockholderEquity": 103013000, "netTangibleAssets": 103013000}, {"maxAge": 1, "endDate": "2019-09-30", "cash": 41127000, "netReceivables": 163324000, "inventory": 3646000, "otherCurrentAssets": 12599000, "totalCurrentAssets": 220696000, "longTermInvestments": 100000, "propertyPlantEquipment": 40673000, "otherAssets": 10422000, "deferredLongTermAssetCharges": 577000, "totalAssets": 271891000, "accountsPayable": 23440000, "otherCurrentLiab": 10674000, "longTermDebt": 76493000, "otherLiab": 6202000, "totalCurrentLiabilities": 86183000, "totalLiab": 168878000, "commonStock": 174082000, "treasuryStock": -71069000, "otherStockholderEquity": -71069000, "totalStockholderEquity": 103013000, "netTangibleAssets": 103013000}], "maxAge": 86400}, "indexTrend": {"maxAge": 1, "symbol": "SP5", "peRatio": 19.7411, "pegRatio": 1.34172, "estimates": [{"period": "0q", "growth": 0.549}, {"period": "+1q", "growth": 0.431}, {"period": "0y", "growth": 0.305}, {"period": "+1y", "growth": 0.109}, {"period": "+5y", "growth": 0.120859005}, {"period": "-5y"}]}, "insiderTransactions": {"transactions": [{"maxAge": 1, "shares": 1000000, "filerUrl": "", "transactionText": "", "filerName": "Sethia (Arun Kumar)", "filerRelation": "Promoter", "moneyText": "", "startDate": "2019-11-19", "ownership": "D"}, {"maxAge": 1, "shares": 500000, "filerUrl": "", "transactionText": "", "filerName": "Sethia (Kanta)", "filerRelation": "Promoter", "moneyText": "", "startDate": "2019-11-19", "ownership": "D"}, {"maxAge": 1, "shares": 500000, "filerUrl": "", "transactionText": "", "filerName": "Sethia (Pawan Kumar)", "filerRelation": "Promoter", "moneyText": "", "startDate": "2019-11-19", "ownership": "D"}, {"maxAge": 1, "shares": 1000000, "filerUrl": "", "transactionText": "", "filerName": "Sethia (Sneh Kanta)", "filerRelation": "Promoter", "moneyText": "", "startDate": "2019-11-19", "ownership": "D"}, {"maxAge": 1, "shares": 2250000, "filerUrl": "", "transactionText": "", "filerName": "Sapphire International Pvt Ltd", "filerRelation": "Promoter", "moneyText": "", "startDate": "2016-02-01", "ownership": "D"}], "maxAge": 1}, "quoteType": {"exchange": "BSE", "quoteType": "EQUITY", "symbol": "BALTE.BO", "underlyingSymbol": "BALTE.BO", "shortName": "BALURGHAT TECHNOLOGIES LTD.", "longName": "Balurghat Technologies Limited", "firstTradeDateEpochUtc": "2000-11-15 09:15:00", "timeZoneFullName": "Asia/Kolkata", "timeZoneShortName": "IST", "uuid": "477d0101-0200-3f46-99f0-b22e90d8d5f2", "gmtOffSetMilliseconds": 19800000, "maxAge": 1}, "incomeStatementHistory": {"incomeStatementHistory": [{"maxAge": 1, "endDate": "2020-03-31", "totalRevenue": 984397800, "costOfRevenue": 893269200, "grossProfit": 91128600, "researchDevelopment": {}, "sellingGeneralAdministrative": 55650300, "nonRecurring": {}, "otherOperatingExpenses": 101200, "totalOperatingExpenses": 953368900, "operatingIncome": 31028900, "totalOtherIncomeExpenseNet": -5691000, "ebit": 31028900, "interestExpense": -13545500, "incomeBeforeTax": 25337900, "incomeTaxExpense": 5800300, "minorityInterest": {}, "netIncomeFromContinuingOps": 19537600, "discontinuedOperations": {}, "extraordinaryItems": {}, "effectOfAccountingCharges": {}, "otherItems": {}, "netIncome": 19537600, "netIncomeApplicableToCommonShares": 19537600}, {"maxAge": 1, "endDate": "2019-03-31", "totalRevenue": 544928100, "costOfRevenue": 489095000, "grossProfit": 55833100, "researchDevelopment": {}, "sellingGeneralAdministrative": 36114800, "nonRecurring": {}, "otherOperatingExpenses": 24600, "totalOperatingExpenses": 528993800, "operatingIncome": 15934300, "totalOtherIncomeExpenseNet": -4714300, "ebit": 15934300, "interestExpense": -5221100, "incomeBeforeTax": 11220000, "incomeTaxExpense": 3232600, "minorityInterest": {}, "netIncomeFromContinuingOps": 7987400, "discontinuedOperations": {}, "extraordinaryItems": {}, "effectOfAccountingCharges": {}, "otherItems": {}, "netIncome": 7987400, "netIncomeApplicableToCommonShares": 7987400}, {"maxAge": 1, "endDate": "2018-03-31", "totalRevenue": 479677400, "costOfRevenue": 437417700, "grossProfit": 42259700, "researchDevelopment": {}, "sellingGeneralAdministrative": 26552600, "nonRecurring": {}, "otherOperatingExpenses": -131100, "totalOperatingExpenses": 467605000, "operatingIncome": 12072400, "totalOtherIncomeExpenseNet": -2402900, "ebit": 12072400, "interestExpense": -2965000, "incomeBeforeTax": 9669500, "incomeTaxExpense": 2214500, "minorityInterest": {}, "netIncomeFromContinuingOps": 7455000, "discontinuedOperations": {}, "extraordinaryItems": {}, "effectOfAccountingCharges": {}, "otherItems": {}, "netIncome": 7455000, "netIncomeApplicableToCommonShares": 7455000}, {"maxAge": 1, "endDate": "2017-03-31", "totalRevenue": 382398000, "costOfRevenue": 347007300, "grossProfit": 35390700, "researchDevelopment": {}, "sellingGeneralAdministrative": 24328100, "nonRecurring": {}, "otherOperatingExpenses": -540200, "totalOperatingExpenses": 373449900, "operatingIncome": 8948100, "totalOtherIncomeExpenseNet": -1335600, "ebit": 8948100, "interestExpense": -2652200, "incomeBeforeTax": 7612500, "incomeTaxExpense": 2171400, "minorityInterest": {}, "netIncomeFromContinuingOps": 5441100, "discontinuedOperations": {}, "extraordinaryItems": {}, "effectOfAccountingCharges": {}, "otherItems": {}, "netIncome": 5441100, "netIncomeApplicableToCommonShares": 5441100}], "maxAge": 86400}, "fundOwnership": {"ownershipList": [], "maxAge": 1}, "summaryDetail": {"maxAge": 1, "priceHint": 2, "previousClose": 8.51, "open": 8.4, "dayLow": 8.25, "dayHigh": 9.39, "regularMarketPreviousClose": 8.51, "regularMarketOpen": 8.4, "regularMarketDayLow": 8.25, "regularMarketDayHigh": 9.39, "trailingPE": 19.321266, "volume": 9337, "regularMarketVolume": 9337, "averageVolume": 4246, "averageVolume10days": 2445, "averageDailyVolume10Day": 2445, "bid": 8.31, "ask": 8.5, "bidSize": 0, "askSize": 0, "marketCap": 155428000, "fiftyTwoWeekLow": 4.06, "fiftyTwoWeekHigh": 10.97, "fiftyDayAverage": 8.238182, "twoHundredDayAverage": 8.179044, "currency": "INR", "fromCurrency": null, "lastMarket": null, "algorithm": null, "tradeable": false}, "incomeStatementHistoryQuarterly": {"incomeStatementHistory": [{"maxAge": 1, "endDate": "2020-06-30", "totalRevenue": 168333000, "costOfRevenue": 157503000, "grossProfit": 10830000, "researchDevelopment": {}, "sellingGeneralAdministrative": 7033000, "nonRecurring": {}, "otherOperatingExpenses": 4547000, "totalOperatingExpenses": 170170000, "operatingIncome": -1837000, "totalOtherIncomeExpenseNet": -3831000, "ebit": -1837000, "interestExpense": -4003000, "incomeBeforeTax": -5668000, "incomeTaxExpense": 949000, "minorityInterest": {}, "netIncomeFromContinuingOps": -6617000, "discontinuedOperations": {}, "extraordinaryItems": {}, "effectOfAccountingCharges": {}, "otherItems": {}, "netIncome": -6617000, "netIncomeApplicableToCommonShares": -6617000}, {"maxAge": 1, "endDate": "2020-03-31", "totalRevenue": 305802800, "costOfRevenue": 282282200, "grossProfit": 23520600, "researchDevelopment": {}, "sellingGeneralAdministrative": 34597300, "nonRecurring": {}, "otherOperatingExpenses": -19174800, "totalOperatingExpenses": 299430900, "operatingIncome": 6371900, "totalOtherIncomeExpenseNet": 3484000, "ebit": 6371900, "interestExpense": -3707500, "incomeBeforeTax": 9855900, "incomeTaxExpense": 1701300, "minorityInterest": {}, "netIncomeFromContinuingOps": 8154600, "discontinuedOperations": {}, "extraordinaryItems": {}, "effectOfAccountingCharges": {}, "otherItems": {}, "netIncome": 8154600, "netIncomeApplicableToCommonShares": 8154600}, {"maxAge": 1, "endDate": "2019-12-31", "totalRevenue": 241106000, "costOfRevenue": 216701000, "grossProfit": 24405000, "researchDevelopment": {}, "sellingGeneralAdministrative": 7314000, "nonRecurring": {}, "otherOperatingExpenses": 7743000, "totalOperatingExpenses": 232676000, "operatingIncome": 8430000, "totalOtherIncomeExpenseNet": -3380000, "ebit": 8430000, "interestExpense": -3610000, "incomeBeforeTax": 5050000, "incomeTaxExpense": 1405000, "minorityInterest": {}, "netIncomeFromContinuingOps": 3645000, "discontinuedOperations": {}, "extraordinaryItems": {}, "effectOfAccountingCharges": {}, "otherItems": {}, "netIncome": 3645000, "netIncomeApplicableToCommonShares": 3645000}, {"maxAge": 1, "endDate": "2019-09-30", "totalRevenue": 204078000, "costOfRevenue": 181697000, "grossProfit": 22381000, "researchDevelopment": {}, "sellingGeneralAdministrative": 7126000, "nonRecurring": {}, "otherOperatingExpenses": 6987000, "totalOperatingExpenses": 196693000, "operatingIncome": 7385000, "totalOtherIncomeExpenseNet": -3384000, "ebit": 7385000, "interestExpense": -3601000, "incomeBeforeTax": 4001000, "incomeTaxExpense": 1086000, "minorityInterest": {}, "netIncomeFromContinuingOps": 2915000, "discontinuedOperations": {}, "extraordinaryItems": {}, "effectOfAccountingCharges": {}, "otherItems": {}, "netIncome": 2915000, "netIncomeApplicableToCommonShares": 2915000}], "maxAge": 86400}, "cashflowStatementHistoryQuarterly": {"cashflowStatements": [{"maxAge": 1, "endDate": "2020-06-30", "netIncome": -6617000, "changeToLiabilities": 0}, {"maxAge": 1, "endDate": "2020-03-31", "netIncome": 8154600, "changeToLiabilities": 0}, {"maxAge": 1, "endDate": "2019-12-31", "netIncome": 3645000, "changeToLiabilities": 0}, {"maxAge": 1, "endDate": "2019-09-30", "netIncome": 2915000, "changeToLiabilities": 0}], "maxAge": 86400}, "insiderHolders": {"holders": [{"maxAge": 1, "name": "Sapphire International Pvt Ltd", "relation": "Promoter", "url": "", "transactionDescription": "Other", "latestTransDate": "2016-02-01", "positionDirect": 4010800, "positionDirectDate": "2016-02-01"}, {"maxAge": 1, "name": "Sethia (Arun Kumar)", "relation": "Promoter", "url": "", "transactionDescription": "Gift", "latestTransDate": "2019-11-19", "positionDirect": 6800, "positionDirectDate": "2019-11-19"}, {"maxAge": 1, "name": "Sethia (Kanta)", "relation": "Promoter", "url": "", "transactionDescription": "Gift", "latestTransDate": "2019-11-19", "positionDirect": 796000, "positionDirectDate": "2019-11-19"}, {"maxAge": 1, "name": "Sethia (Pawan Kumar)", "relation": "Promoter", "url": "", "transactionDescription": "Gift", "latestTransDate": "2019-11-19", "positionDirect": 26600, "positionDirectDate": "2019-11-19"}, {"maxAge": 1, "name": "Sethia (Sneh Kanta)", "relation": "Promoter", "url": "", "transactionDescription": "Gift", "latestTransDate": "2019-11-19", "positionDirect": 1441018, "positionDirectDate": "2019-11-19"}], "maxAge": 1}, "calendarEvents": {"maxAge": 1, "earnings": {"earningsDate": ["2020-09-14 05:30:S"]}}, "upgradeDowngradeHistory": {"history": [], "maxAge": 86400}, "price": {"maxAge": 1, "regularMarketChangePercent": 0.003525233, "regularMarketChange": 0.029999733, "regularMarketTime": "2021-04-30 15:28:29", "priceHint": 2, "regularMarketPrice": 8.54, "regularMarketDayHigh": 9.39, "regularMarketDayLow": 8.25, "regularMarketVolume": 9337, "averageDailyVolume10Day": 2445, "averageDailyVolume3Month": 4246, "regularMarketPreviousClose": 8.51, "regularMarketSource": "FREE_REALTIME", "regularMarketOpen": 8.4, "exchange": "BSE", "exchangeName": "BSE", "exchangeDataDelayedBy": 0, "marketState": "CLOSED", "quoteType": "EQUITY", "symbol": "BALTE.BO", "underlyingSymbol": null, "shortName": "BALURGHAT TECHNOLOGIES LTD.", "longName": "Balurghat Technologies Limited", "currency": "INR", "quoteSourceName": "Delayed Quote", "currencySymbol": "\u20b9", "fromCurrency": null, "lastMarket": null, "marketCap": 155428000}, "balanceSheetHistory": {"balanceSheetStatements": [{"maxAge": 1, "endDate": "2020-03-31", "cash": -33000900, "netReceivables": 215241000, "inventory": 1967000, "otherCurrentAssets": 19514400, "totalCurrentAssets": 203721500, "longTermInvestments": 100000, "propertyPlantEquipment": 37862600, "otherAssets": 8325300, "totalAssets": 250009400, "accountsPayable": 19459100, "shortLongTermDebt": 1690400, "otherCurrentLiab": 13888900, "longTermDebt": 84453900, "otherLiab": 7117100, "totalCurrentLiabilities": 43510100, "totalLiab": 135081100, "commonStock": 166163600, "retainedEarnings": -67456700, "treasuryStock": 16221400, "otherStockholderEquity": 16221400, "totalStockholderEquity": 114928300, "netTangibleAssets": 114928300}, {"maxAge": 1, "endDate": "2019-03-31", "cash": 18974000, "netReceivables": 114595300, "inventory": 2722400, "otherCurrentAssets": 9277700, "totalCurrentAssets": 145569400, "longTermInvestments": 100000, "propertyPlantEquipment": 41260900, "otherAssets": 9395000, "totalAssets": 196325300, "accountsPayable": 19068800, "shortLongTermDebt": 5806900, "otherCurrentLiab": 9576800, "longTermDebt": 32275300, "otherLiab": 6201800, "totalCurrentLiabilities": 62457600, "totalLiab": 100934700, "commonStock": 166163600, "retainedEarnings": -86727600, "treasuryStock": 15954600, "otherStockholderEquity": 15954600, "totalStockholderEquity": 95390600, "netTangibleAssets": 95390600}, {"maxAge": 1, "endDate": "2018-03-31", "cash": 31610400, "netReceivables": 64987300, "inventory": 3298400, "otherCurrentAssets": 10359900, "totalCurrentAssets": 110256000, "longTermInvestments": 100000, "propertyPlantEquipment": 43312900, "otherAssets": 7898000, "totalAssets": 161566900, "accountsPayable": 12308700, "shortLongTermDebt": 6497600, "otherCurrentLiab": 7940000, "longTermDebt": 27697200, "otherLiab": 9706200, "totalCurrentLiabilities": 36758800, "totalLiab": 74162200, "commonStock": 166163600, "retainedEarnings": -94619600, "treasuryStock": 15860700, "otherStockholderEquity": 15860700, "totalStockholderEquity": 87404700, "netTangibleAssets": 87404700}, {"maxAge": 1, "endDate": "2017-03-31", "cash": 26696500, "netReceivables": 42695800, "inventory": 2688700, "otherCurrentAssets": 8704600, "totalCurrentAssets": 80785600, "longTermInvestments": 100000, "propertyPlantEquipment": 44985200, "otherAssets": 5806400, "totalAssets": 131677200, "accountsPayable": 8670100, "shortLongTermDebt": 4557500, "otherCurrentLiab": 5121700, "longTermDebt": 21093600, "otherLiab": 9566000, "totalCurrentLiabilities": 21067900, "totalLiab": 51727500, "commonStock": 166163600, "retainedEarnings": -101454000, "treasuryStock": 15240100, "otherStockholderEquity": 15240100, "totalStockholderEquity": 79949700, "netTangibleAssets": 79949700}], "maxAge": 86400}, "financialData": {"maxAge": 86400, "currentPrice": 8.54, "recommendationKey": "none", "grossProfits": 91128600, "financialCurrency": "INR"}}}