{"BAMBINO.BO": {"recommendationTrend": {"trend": [{"period": "0m", "strongBuy": 0, "buy": 0, "hold": 0, "sell": 0, "strongSell": 0}, {"period": "-1m", "strongBuy": 0, "buy": 0, "hold": 0, "sell": 0, "strongSell": 0}, {"period": "-2m", "strongBuy": 0, "buy": 0, "hold": 0, "sell": 0, "strongSell": 0}, {"period": "-3m", "strongBuy": 0, "buy": 0, "hold": 0, "sell": 0, "strongSell": 0}], "maxAge": 86400}, "cashflowStatementHistory": {"cashflowStatements": [{"maxAge": 1, "endDate": "2020-03-31", "netIncome": 83184000, "depreciation": 28566000, "changeToNetincome": 25982000, "changeToAccountReceivables": 13423000, "changeToLiabilities": 65834000, "changeToInventory": -9139000, "changeToOperatingActivities": -40343000, "totalCashFromOperatingActivities": 167507000, "capitalExpenditures": -70859000, "otherCashflowsFromInvestingActivities": 890000, "totalCashflowsFromInvestingActivities": -21981000, "dividendsPaid": -15423000, "netBorrowings": -39955000, "otherCashflowsFromFinancingActivities": -65911000, "totalCashFromFinancingActivities": -121289000, "changeInCash": 24237000}, {"maxAge": 1, "endDate": "2019-03-31", "netIncome": 49548610, "depreciation": 27810498, "changeToNetincome": 54460931, "changeToAccountReceivables": -90634610, "changeToLiabilities": -20959446, "changeToInventory": 73331963, "changeToOperatingActivities": 56868392, "totalCashFromOperatingActivities": 150426338, "capitalExpenditures": -30221162, "otherCashflowsFromInvestingActivities": 1935885, "totalCashflowsFromInvestingActivities": -26652505, "dividendsPaid": -12825000, "netBorrowings": -54883845, "otherCashflowsFromFinancingActivities": -55951823, "totalCashFromFinancingActivities": -123660668, "changeInCash": 113165}, {"maxAge": 1, "endDate": "2018-03-31", "netIncome": 38347642, "depreciation": 28403360, "changeToNetincome": 63690077, "changeToAccountReceivables": -1634072, "changeToLiabilities": -105496657, "changeToInventory": -42271394, "changeToOperatingActivities": -117433462, "totalCashFromOperatingActivities": -136394506, "capitalExpenditures": -19937551, "otherCashflowsFromInvestingActivities": 555574, "totalCashflowsFromInvestingActivities": -19381977, "dividendsPaid": -12825000, "netBorrowings": 206439334, "otherCashflowsFromFinancingActivities": -60806418, "totalCashFromFinancingActivities": 145632916, "changeInCash": -10143567}, {"maxAge": 1, "endDate": "2017-03-31", "netIncome": 37259246, "depreciation": 27456394, "changeToNetincome": 91874683, "changeToAccountReceivables": -6828252, "changeToLiabilities": 26944194, "changeToInventory": 65085734, "changeToOperatingActivities": -36382413, "totalCashFromOperatingActivities": 205409586, "capitalExpenditures": -23230345, "otherCashflowsFromInvestingActivities": 576320, "totalCashflowsFromInvestingActivities": -22654025, "dividendsPaid": -12814153, "netBorrowings": -83209964, "otherCashflowsFromFinancingActivities": -89917441, "totalCashFromFinancingActivities": -185941558, "changeInCash": -3185988}], "maxAge": 86400}, "institutionOwnership": {"ownershipList": [], "maxAge": 1}, "balanceSheetHistoryQuarterly": {"balanceSheetStatements": [{"maxAge": 1, "endDate": "2020-06-30", "totalStockholderEquity": 607541000, "netTangibleAssets": 607541000}, {"maxAge": 1, "endDate": "2020-03-31", "cash": 39555000, "netReceivables": 115103000, "inventory": 848641000, "otherCurrentAssets": 155260000, "totalCurrentAssets": 1158559000, "longTermInvestments": 19549000, "propertyPlantEquipment": 503483000, "totalAssets": 1681591000, "accountsPayable": 167363000, "shortLongTermDebt": 81218000, "otherCurrentLiab": 91175000, "longTermDebt": 575703000, "otherLiab": 64840000, "totalCurrentLiabilities": 433507000, "totalLiab": 1074050000, "commonStock": 80088000, "treasuryStock": 527453000, "otherStockholderEquity": 527453000, "totalStockholderEquity": 607541000, "netTangibleAssets": 607541000}, {"maxAge": 1, "endDate": "2019-12-31", "totalStockholderEquity": 581784000, "netTangibleAssets": 581784000}, {"maxAge": 1, "endDate": "2019-09-30", "cash": 8080000, "netReceivables": 126609000, "inventory": 862125000, "otherCurrentAssets": 146637000, "totalCurrentAssets": 1143451000, "longTermInvestments": 19549000, "propertyPlantEquipment": 493720000, "totalAssets": 1656720000, "accountsPayable": 79108000, "shortLongTermDebt": 40493000, "otherCurrentLiab": 111642000, "longTermDebt": 484231000, "otherLiab": 59463000, "totalCurrentLiabilities": 531242000, "totalLiab": 1074936000, "commonStock": 80088000, "treasuryStock": 501696000, "otherStockholderEquity": 501696000, "totalStockholderEquity": 581784000, "netTangibleAssets": 581784000}], "maxAge": 86400}, "earningsHistory": {"history": [{"maxAge": 1, "epsActual": {}, "epsEstimate": {}, "epsDifference": {}, "surprisePercent": {}, "quarter": {}, "period": "-4q"}, {"maxAge": 1, "epsActual": {}, "epsEstimate": {}, "epsDifference": {}, "surprisePercent": {}, "quarter": {}, "period": "-3q"}, {"maxAge": 1, "epsActual": {}, "epsEstimate": {}, "epsDifference": {}, "surprisePercent": {}, "quarter": {}, "period": "-2q"}, {"maxAge": 1, "epsActual": {}, "epsEstimate": {}, "epsDifference": {}, "surprisePercent": {}, "quarter": {}, "period": "-1q"}], "maxAge": 86400}, "indexTrend": {"maxAge": 1, "symbol": "SP5", "peRatio": 19.7411, "pegRatio": 1.34172, "estimates": [{"period": "0q", "growth": 0.549}, {"period": "+1q", "growth": 0.431}, {"period": "0y", "growth": 0.305}, {"period": "+1y", "growth": 0.109}, {"period": "+5y", "growth": 0.120859005}, {"period": "-5y"}]}, "industryTrend": {"maxAge": 1, "symbol": null, "estimates": []}, "insiderTransactions": {"transactions": [{"maxAge": 1, "shares": 150000, "filerUrl": "", "transactionText": "", "filerName": "Myadam (Subramanyam)", "filerRelation": "UNREPORTED", "moneyText": "", "startDate": "2017-04-08", "ownership": "D"}, {"maxAge": 1, "shares": 52870, "filerUrl": "", "transactionText": "", "filerName": "Myadam (Raghuveer)", "filerRelation": "Promoter", "moneyText": "", "startDate": "2017-03-31", "ownership": "D"}, {"maxAge": 1, "shares": 150000, "filerUrl": "", "transactionText": "", "filerName": "Myadam (Raghuveer)", "filerRelation": "Managing Director", "moneyText": "", "startDate": "2017-03-22", "ownership": "D"}, {"maxAge": 1, "shares": 918022, "filerUrl": "", "transactionText": "", "filerName": "Myadam (Raghuveer)", "filerRelation": "Managing Director", "moneyText": "", "startDate": "2016-11-29", "ownership": "D"}, {"maxAge": 1, "shares": 2493890, "filerUrl": "", "transactionText": "", "filerName": "Myadam (Raghuveer)", "filerRelation": "Managing Director", "moneyText": "", "startDate": "2016-10-14", "ownership": "D"}, {"maxAge": 1, "shares": 46712, "filerUrl": "", "transactionText": "", "filerName": "Myadam (Kishan Rao)", "filerRelation": "Chairman of the Board", "moneyText": "", "startDate": "2014-06-19", "ownership": "D"}], "maxAge": 1}, "quoteType": {"exchange": "BSE", "quoteType": "EQUITY", "symbol": "BAMBINO.BO", "underlyingSymbol": "BAMBINO.BO", "shortName": "BAMBINO AGRO INDUSTRIES LTD.", "longName": "Bambino Agro Industries Limited", "firstTradeDateEpochUtc": "2001-10-05 09:15:00", "timeZoneFullName": "Asia/Kolkata", "timeZoneShortName": "IST", "uuid": "f4b98648-a5b2-3e42-8f20-1b59762b2d33", "gmtOffSetMilliseconds": 19800000, "maxAge": 1}, "incomeStatementHistory": {"incomeStatementHistory": [{"maxAge": 1, "endDate": "2020-03-31", "totalRevenue": 2479115000, "costOfRevenue": 1671913000, "grossProfit": 807202000, "researchDevelopment": {}, "sellingGeneralAdministrative": 282152000, "nonRecurring": {}, "otherOperatingExpenses": 361581000, "totalOperatingExpenses": 2344212000, "operatingIncome": 134903000, "totalOtherIncomeExpenseNet": -21081000, "ebit": 134903000, "interestExpense": -65911000, "incomeBeforeTax": 113822000, "incomeTaxExpense": 30638000, "minorityInterest": {}, "netIncomeFromContinuingOps": 83184000, "discontinuedOperations": {}, "extraordinaryItems": {}, "effectOfAccountingCharges": {}, "otherItems": {}, "netIncome": 83184000, "netIncomeApplicableToCommonShares": 83184000}, {"maxAge": 1, "endDate": "2019-03-31", "totalRevenue": 2493928018, "costOfRevenue": 1734385304, "grossProfit": 759542714, "researchDevelopment": {}, "sellingGeneralAdministrative": 278294587, "nonRecurring": {}, "otherOperatingExpenses": 323108898, "totalOperatingExpenses": 2363599287, "operatingIncome": 130328731, "totalOtherIncomeExpenseNet": -51250689, "ebit": 130328731, "interestExpense": -46397884, "incomeBeforeTax": 79078042, "incomeTaxExpense": 29529432, "minorityInterest": {}, "netIncomeFromContinuingOps": 49548610, "discontinuedOperations": {}, "extraordinaryItems": {}, "effectOfAccountingCharges": {}, "otherItems": {}, "netIncome": 49548610, "netIncomeApplicableToCommonShares": 49548610}, {"maxAge": 1, "endDate": "2018-03-31", "totalRevenue": 1684794868, "costOfRevenue": 1058279097, "grossProfit": 626515771, "researchDevelopment": {}, "sellingGeneralAdministrative": 209640328, "nonRecurring": {}, "otherOperatingExpenses": 269050416, "totalOperatingExpenses": 1565373201, "operatingIncome": 119421667, "totalOtherIncomeExpenseNet": -60250843, "ebit": 119421667, "interestExpense": -52290628, "incomeBeforeTax": 59170824, "incomeTaxExpense": 20823182, "minorityInterest": {}, "netIncomeFromContinuingOps": 38347642, "discontinuedOperations": {}, "extraordinaryItems": {}, "effectOfAccountingCharges": {}, "otherItems": {}, "netIncome": 38347642, "netIncomeApplicableToCommonShares": 38347642}, {"maxAge": 1, "endDate": "2017-03-31", "totalRevenue": 2078630404, "costOfRevenue": 1297931365, "grossProfit": 780699039, "researchDevelopment": {}, "sellingGeneralAdministrative": 247823737, "nonRecurring": {}, "otherOperatingExpenses": 364749469, "totalOperatingExpenses": 1937960965, "operatingIncome": 140669439, "totalOtherIncomeExpenseNet": -86728463, "ebit": 140669439, "interestExpense": -79811271, "incomeBeforeTax": 53940976, "incomeTaxExpense": 16681730, "minorityInterest": {}, "netIncomeFromContinuingOps": 37259246, "discontinuedOperations": {}, "extraordinaryItems": {}, "effectOfAccountingCharges": {}, "otherItems": {}, "netIncome": 37259246, "netIncomeApplicableToCommonShares": 37259246}], "maxAge": 86400}, "fundOwnership": {"ownershipList": [], "maxAge": 1}, "summaryDetail": {"maxAge": 1, "priceHint": 2, "previousClose": 180.5, "open": 184.15, "dayLow": 184.0, "dayHigh": 204.8, "regularMarketPreviousClose": 180.5, "regularMarketOpen": 184.15, "regularMarketDayLow": 184.0, "regularMarketDayHigh": 204.8, "trailingPE": 16.833305, "volume": 25098, "regularMarketVolume": 25098, "averageVolume": 4895, "averageVolume10days": 2690, "averageDailyVolume10Day": 2690, "bid": 196.05, "ask": 204.0, "bidSize": 0, "askSize": 0, "marketCap": 1604573184, "fiftyTwoWeekLow": 80.0, "fiftyTwoWeekHigh": 278.0, "fiftyDayAverage": 214.84091, "twoHundredDayAverage": 199.42242, "trailingAnnualDividendRate": 1.6, "trailingAnnualDividendYield": 0.008864266, "currency": "INR", "fromCurrency": null, "lastMarket": null, "algorithm": null, "tradeable": false}, "sectorTrend": {"maxAge": 1, "symbol": null, "estimates": []}, "incomeStatementHistoryQuarterly": {"incomeStatementHistory": [{"maxAge": 1, "endDate": "2020-06-30", "totalRevenue": 695980000, "costOfRevenue": 473411000, "grossProfit": 222569000, "researchDevelopment": {}, "sellingGeneralAdministrative": 69641000, "nonRecurring": {}, "otherOperatingExpenses": 85624000, "totalOperatingExpenses": 635873000, "operatingIncome": 60107000, "totalOtherIncomeExpenseNet": -17367000, "ebit": 60107000, "interestExpense": -18472000, "incomeBeforeTax": 42740000, "incomeTaxExpense": 13095000, "minorityInterest": {}, "netIncomeFromContinuingOps": 29645000, "discontinuedOperations": {}, "extraordinaryItems": {}, "effectOfAccountingCharges": {}, "otherItems": {}, "netIncome": 29645000, "netIncomeApplicableToCommonShares": 29645000}, {"maxAge": 1, "endDate": "2020-03-31", "totalRevenue": 611460000, "costOfRevenue": 387306000, "grossProfit": 224154000, "researchDevelopment": {}, "sellingGeneralAdministrative": 74161000, "nonRecurring": {}, "otherOperatingExpenses": 105998000, "totalOperatingExpenses": 574491000, "operatingIncome": 36969000, "totalOtherIncomeExpenseNet": -25242000, "ebit": 36969000, "interestExpense": -25952000, "incomeBeforeTax": 11727000, "incomeTaxExpense": 14126000, "minorityInterest": {}, "netIncomeFromContinuingOps": -2399000, "discontinuedOperations": {}, "extraordinaryItems": {}, "effectOfAccountingCharges": {}, "otherItems": {}, "netIncome": -2399000, "netIncomeApplicableToCommonShares": -2399000}, {"maxAge": 1, "endDate": "2019-12-31", "totalRevenue": 602741000, "costOfRevenue": 441384000, "grossProfit": 161357000, "researchDevelopment": {}, "sellingGeneralAdministrative": 71218000, "nonRecurring": {}, "otherOperatingExpenses": 62776000, "totalOperatingExpenses": 582757000, "operatingIncome": 19984000, "totalOtherIncomeExpenseNet": 29583000, "ebit": 19984000, "interestExpense": -14589000, "incomeBeforeTax": 49567000, "incomeTaxExpense": 5987000, "minorityInterest": {}, "netIncomeFromContinuingOps": 43580000, "discontinuedOperations": {}, "extraordinaryItems": {}, "effectOfAccountingCharges": {}, "otherItems": {}, "netIncome": 43580000, "netIncomeApplicableToCommonShares": 43580000}, {"maxAge": 1, "endDate": "2019-09-30", "totalRevenue": 713752000, "costOfRevenue": 488557000, "grossProfit": 225195000, "researchDevelopment": {}, "sellingGeneralAdministrative": 75590000, "nonRecurring": {}, "otherOperatingExpenses": 101255000, "totalOperatingExpenses": 672625000, "operatingIncome": 41127000, "totalOtherIncomeExpenseNet": -11611000, "ebit": 41127000, "interestExpense": -12470000, "incomeBeforeTax": 29516000, "incomeTaxExpense": 5068000, "minorityInterest": {}, "netIncomeFromContinuingOps": 24448000, "discontinuedOperations": {}, "extraordinaryItems": {}, "effectOfAccountingCharges": {}, "otherItems": {}, "netIncome": 24448000, "netIncomeApplicableToCommonShares": 24448000}], "maxAge": 86400}, "cashflowStatementHistoryQuarterly": {"cashflowStatements": [{"maxAge": 1, "endDate": "2020-06-30", "netIncome": 29645000, "changeToLiabilities": 0}, {"maxAge": 1, "endDate": "2020-03-31", "netIncome": -2399000, "changeToLiabilities": 0}, {"maxAge": 1, "endDate": "2019-12-31", "netIncome": 43580000, "changeToLiabilities": 0}, {"maxAge": 1, "endDate": "2019-09-30", "netIncome": 24448000, "changeToLiabilities": 0}], "maxAge": 86400}, "insiderHolders": {"holders": [{"maxAge": 1, "name": "Myadam (Kishan Rao)", "relation": "Chairman of the Board", "url": "", "transactionDescription": "Acquisition", "latestTransDate": "2014-06-19", "positionDirect": 1927240, "positionDirectDate": "2014-06-19"}, {"maxAge": 1, "name": "Myadam (Raghuveer)", "relation": "Promoter", "url": "", "transactionDescription": "Purchase", "latestTransDate": "2017-03-31", "positionDirect": 5772858, "positionDirectDate": "2017-03-31"}, {"maxAge": 1, "name": "Myadam (Subramanyam)", "relation": "UNREPORTED", "url": "", "transactionDescription": "Sale", "latestTransDate": "2017-04-08", "positionDirect": 75000, "positionDirectDate": "2017-04-08"}], "maxAge": 1}, "earnings": {"maxAge": 86400, "earningsChart": {"quarterly": [], "earningsDate": ["2020-09-12 05:30:S"]}, "financialsChart": {"yearly": [{"date": 2017, "revenue": 2078630404, "earnings": 37259246}, {"date": 2018, "revenue": 1684794868, "earnings": 38347642}, {"date": 2019, "revenue": 2493928018, "earnings": 49548610}, {"date": 2020, "revenue": 2479115000, "earnings": 83184000}], "quarterly": [{"date": "3Q2019", "revenue": 713752000, "earnings": 24448000}, {"date": "4Q2019", "revenue": 602741000, "earnings": 43580000}, {"date": "1Q2020", "revenue": 611460000, "earnings": -2399000}, {"date": "2Q2020", "revenue": 695980000, "earnings": 29645000}]}, "financialCurrency": "INR"}, "calendarEvents": {"maxAge": 1, "earnings": {"earningsDate": ["2020-09-12 05:30:S"]}}, "upgradeDowngradeHistory": {"history": [], "maxAge": 86400}, "price": {"maxAge": 1, "regularMarketChangePercent": 0.109972335, "regularMarketChange": 19.850006, "regularMarketTime": "2021-04-30 15:29:57", "priceHint": 2, "regularMarketPrice": 200.35, "regularMarketDayHigh": 204.8, "regularMarketDayLow": 184.0, "regularMarketVolume": 25098, "averageDailyVolume10Day": 2690, "averageDailyVolume3Month": 4895, "regularMarketPreviousClose": 180.5, "regularMarketSource": "FREE_REALTIME", "regularMarketOpen": 184.15, "exchange": "BSE", "exchangeName": "BSE", "exchangeDataDelayedBy": 0, "marketState": "CLOSED", "quoteType": "EQUITY", "symbol": "BAMBINO.BO", "underlyingSymbol": null, "shortName": "BAMBINO AGRO INDUSTRIES LTD.", "longName": "Bambino Agro Industries Limited", "currency": "INR", "quoteSourceName": "Delayed Quote", "currencySymbol": "\u20b9", "fromCurrency": null, "lastMarket": null, "marketCap": 1604573184}, "balanceSheetHistory": {"balanceSheetStatements": [{"maxAge": 1, "endDate": "2020-03-31", "cash": 39555000, "netReceivables": 115103000, "inventory": 848641000, "otherCurrentAssets": 155260000, "totalCurrentAssets": 1158559000, "longTermInvestments": 19549000, "propertyPlantEquipment": 503483000, "totalAssets": 1681591000, "accountsPayable": 167363000, "shortLongTermDebt": 81218000, "otherCurrentLiab": 91175000, "longTermDebt": 575703000, "otherLiab": 64840000, "totalCurrentLiabilities": 433507000, "totalLiab": 1074050000, "commonStock": 80088000, "treasuryStock": 527453000, "otherStockholderEquity": 527453000, "totalStockholderEquity": 607541000, "netTangibleAssets": 607541000}, {"maxAge": 1, "endDate": "2019-03-31", "cash": 8771406, "netReceivables": 134314391, "inventory": 839502012, "otherCurrentAssets": 74870167, "totalCurrentAssets": 1060931543, "longTermInvestments": 19549000, "propertyPlantEquipment": 465357829, "totalAssets": 1545838372, "accountsPayable": 101529261, "shortLongTermDebt": 38241111, "otherCurrentLiab": 52776402, "longTermDebt": 459409494, "otherLiab": 63464226, "totalCurrentLiabilities": 483184184, "totalLiab": 1006057904, "commonStock": 80088460, "retainedEarnings": 366305108, "treasuryStock": 50626400, "capitalSurplus": 42760500, "otherStockholderEquity": 50626400, "totalStockholderEquity": 539780468, "netTangibleAssets": 539780468}, {"maxAge": 1, "endDate": "2018-03-31", "cash": 9893026, "netReceivables": 43636927, "inventory": 912833975, "otherCurrentAssets": 97671643, "totalCurrentAssets": 1068321560, "longTermInvestments": 19549000, "propertyPlantEquipment": 464579937, "totalAssets": 1552450497, "accountsPayable": 122488707, "shortLongTermDebt": 31410082, "otherCurrentLiab": 39030232, "longTermDebt": 514293339, "otherLiab": 65458827, "totalCurrentLiabilities": 466876224, "totalLiab": 1046628390, "commonStock": 80088460, "retainedEarnings": 332346747, "treasuryStock": 50626400, "capitalSurplus": 42760500, "otherStockholderEquity": 50626400, "totalStockholderEquity": 505822107, "netTangibleAssets": 505822107}, {"maxAge": 1, "endDate": "2017-03-31", "cash": 19772398, "netReceivables": 41231865, "inventory": 870562581, "otherCurrentAssets": 79220027, "totalCurrentAssets": 1017547162, "longTermInvestments": 19549000, "propertyPlantEquipment": 473045746, "totalAssets": 1510141908, "accountsPayable": 227985366, "shortLongTermDebt": 99825831, "otherCurrentLiab": 52477395, "longTermDebt": 345699282, "otherLiab": 64668238, "totalCurrentLiabilities": 631344923, "totalLiab": 1041712443, "commonStock": 80088460, "retainedEarnings": 294954105, "treasuryStock": 50626400, "capitalSurplus": 42760500, "otherStockholderEquity": 50626400, "totalStockholderEquity": 468429465, "netTangibleAssets": 468429465}], "maxAge": 86400}, "earningsTrend": {"trend": [{"maxAge": 1, "period": "0q", "endDate": null, "growth": {}, "earningsEstimate": {"avg": 0.0, "low": 0.0, "high": 0.0, "yearAgoEps": {}, "numberOfAnalysts": 0, "growth": {}}, "revenueEstimate": {"avg": 0, "low": 0, "high": 0, "numberOfAnalysts": 0, "yearAgoRevenue": {}, "growth": {}}, "epsTrend": {"current": 0.0, "7daysAgo": 0.0, "30daysAgo": 0.0, "60daysAgo": 0.0, "90daysAgo": 0.0}, "epsRevisions": {"upLast7days": 0, "upLast30days": 0, "downLast30days": 0, "downLast90days": {}}}, {"maxAge": 1, "period": "+1q", "endDate": null, "growth": {}, "earningsEstimate": {"avg": 0.0, "low": 0.0, "high": 0.0, "yearAgoEps": {}, "numberOfAnalysts": 0, "growth": {}}, "revenueEstimate": {"avg": 0, "low": 0, "high": 0, "numberOfAnalysts": 0, "yearAgoRevenue": {}, "growth": {}}, "epsTrend": {"current": 0.0, "7daysAgo": 0.0, "30daysAgo": 0.0, "60daysAgo": 0.0, "90daysAgo": 0.0}, "epsRevisions": {"upLast7days": 0, "upLast30days": 0, "downLast30days": 0, "downLast90days": {}}}, {"maxAge": 1, "period": "0y", "endDate": null, "growth": {}, "earningsEstimate": {"avg": 0.0, "low": 0.0, "high": 0.0, "yearAgoEps": {}, "numberOfAnalysts": 0, "growth": {}}, "revenueEstimate": {"avg": 0, "low": 0, "high": 0, "numberOfAnalysts": 0, "yearAgoRevenue": {}, "growth": {}}, "epsTrend": {"current": 0.0, "7daysAgo": 0.0, "30daysAgo": 0.0, "60daysAgo": 0.0, "90daysAgo": 0.0}, "epsRevisions": {"upLast7days": 0, "upLast30days": 0, "downLast30days": 0, "downLast90days": {}}}, {"maxAge": 1, "period": "+1y", "endDate": null, "growth": {}, "earningsEstimate": {"avg": 0.0, "low": 0.0, "high": 0.0, "yearAgoEps": {}, "numberOfAnalysts": 0, "growth": {}}, "revenueEstimate": {"avg": 0, "low": 0, "high": 0, "numberOfAnalysts": 0, "yearAgoRevenue": {}, "growth": {}}, "epsTrend": {"current": 0.0, "7daysAgo": 0.0, "30daysAgo": 0.0, "60daysAgo": 0.0, "90daysAgo": 0.0}, "epsRevisions": {"upLast7days": 0, "upLast30days": 0, "downLast30days": 0, "downLast90days": {}}}, {"maxAge": 1, "period": "+5y", "endDate": null, "growth": {}, "earningsEstimate": {"avg": {}, "low": {}, "high": {}, "yearAgoEps": {}, "numberOfAnalysts": {}, "growth": {}}, "revenueEstimate": {"avg": {}, "low": {}, "high": {}, "numberOfAnalysts": {}, "yearAgoRevenue": {}, "growth": {}}, "epsTrend": {"current": {}, "7daysAgo": {}, "30daysAgo": {}, "60daysAgo": {}, "90daysAgo": {}}, "epsRevisions": {"upLast7days": {}, "upLast30days": {}, "downLast30days": {}, "downLast90days": {}}}, {"maxAge": 1, "period": "-5y", "endDate": null, "growth": {}, "earningsEstimate": {"avg": {}, "low": {}, "high": {}, "yearAgoEps": {}, "numberOfAnalysts": {}, "growth": {}}, "revenueEstimate": {"avg": {}, "low": {}, "high": {}, "numberOfAnalysts": {}, "yearAgoRevenue": {}, "growth": {}}, "epsTrend": {"current": {}, "7daysAgo": {}, "30daysAgo": {}, "60daysAgo": {}, "90daysAgo": {}}, "epsRevisions": {"upLast7days": {}, "upLast30days": {}, "downLast30days": {}, "downLast90days": {}}}], "maxAge": 1}, "financialData": {"maxAge": 86400, "currentPrice": 200.35, "targetHighPrice": 30.0, "targetLowPrice": 30.0, "targetMeanPrice": 30.0, "targetMedianPrice": 30.0, "recommendationKey": "none", "numberOfAnalystOpinions": 1, "grossProfits": 807202000, "financialCurrency": "INR"}}}