{"BAMPSL.BO": {"cashflowStatementHistory": {"cashflowStatements": [{"maxAge": 1, "endDate": "2020-03-31", "netIncome": -4832084, "depreciation": 395383, "changeToNetincome": -17544224, "changeToAccountReceivables": -6269, "changeToLiabilities": 0, "changeToInventory": 46333, "changeToOperatingActivities": 4413420, "totalCashFromOperatingActivities": -17527443, "otherCashflowsFromInvestingActivities": 17410728, "totalCashflowsFromInvestingActivities": 17410728, "otherCashflowsFromFinancingActivities": 133496, "totalCashFromFinancingActivities": 133496, "changeInCash": 16779}, {"maxAge": 1, "endDate": "2019-03-31", "netIncome": -969268, "depreciation": 390678, "changeToNetincome": -18655517, "changeToAccountReceivables": -96729199, "changeToLiabilities": 0, "changeToInventory": 106813382, "changeToOperatingActivities": -9471655, "totalCashFromOperatingActivities": -18621583, "capitalExpenditures": -79864, "otherCashflowsFromInvestingActivities": 18772032, "totalCashflowsFromInvestingActivities": 18692168, "otherCashflowsFromFinancingActivities": -116515, "totalCashFromFinancingActivities": -116515, "changeInCash": -45931}, {"maxAge": 1, "endDate": "2018-03-31", "netIncome": 2074415, "depreciation": 854541, "changeToNetincome": -57164622, "changeToAccountReceivables": 184271812, "changeToLiabilities": 0, "changeToInventory": -106608945, "changeToOperatingActivities": -78118259, "totalCashFromOperatingActivities": -54691059, "capitalExpenditures": -40560, "otherCashflowsFromInvestingActivities": 12391090, "totalCashflowsFromInvestingActivities": 12350530, "otherCashflowsFromFinancingActivities": -2074414, "totalCashFromFinancingActivities": 42319271, "changeInCash": -21259, "issuanceOfStock": 44393685}, {"maxAge": 1, "endDate": "2017-03-31", "netIncome": 1038490, "depreciation": 435030, "changeToNetincome": 528880, "changeToAccountReceivables": 286580, "changeToLiabilities": 0, "changeToInventory": -249130, "changeToOperatingActivities": -2704750, "totalCashFromOperatingActivities": -664900, "capitalExpenditures": -49400, "otherCashflowsFromInvestingActivities": 12391090, "totalCashflowsFromInvestingActivities": -49400, "otherCashflowsFromFinancingActivities": -2074414, "totalCashFromFinancingActivities": 42319271, "changeInCash": -714300, "issuanceOfStock": 44393685}], "maxAge": 86400}, "institutionOwnership": {"maxAge": 1, "ownershipList": []}, "balanceSheetHistoryQuarterly": {"balanceSheetStatements": [{"maxAge": 1, "endDate": "2020-06-30", "totalStockholderEquity": 370559875, "netTangibleAssets": 370559875}, {"maxAge": 1, "endDate": "2020-03-31", "cash": 22605, "netReceivables": 365911976, "otherCurrentAssets": 748078, "totalCurrentAssets": 368884716, "propertyPlantEquipment": 3495916, "otherAssets": 168629, "deferredLongTermAssetCharges": 168629, "totalAssets": 372549261, "otherCurrentLiab": 1837545, "totalCurrentLiabilities": 1989387, "totalLiab": 1989387, "commonStock": 340351600, "retainedEarnings": 30208275, "totalStockholderEquity": 370559875, "netTangibleAssets": 370559875}, {"maxAge": 1, "endDate": "2019-12-31", "totalStockholderEquity": 367748000, "netTangibleAssets": 367748000}, {"maxAge": 1, "endDate": "2019-09-30", "cash": 7000, "netReceivables": 339408000, "otherCurrentAssets": 27616000, "totalCurrentAssets": 367031000, "longTermInvestments": 2231000, "propertyPlantEquipment": 3694000, "otherAssets": 35000, "deferredLongTermAssetCharges": 35000, "totalAssets": 372991000, "otherCurrentLiab": 5243000, "totalCurrentLiabilities": 5243000, "totalLiab": 5243000, "commonStock": 340351000, "retainedEarnings": 27397000, "totalStockholderEquity": 367748000, "netTangibleAssets": 367748000}], "maxAge": 86400}, "indexTrend": {"maxAge": 1, "symbol": "SP5", "peRatio": 19.7411, "pegRatio": 1.34172, "estimates": [{"period": "0q", "growth": 0.549}, {"period": "+1q", "growth": 0.431}, {"period": "0y", "growth": 0.305}, {"period": "+1y", "growth": 0.109}, {"period": "+5y", "growth": 0.120859005}, {"period": "-5y"}]}, "quoteType": {"exchange": "BSE", "quoteType": "EQUITY", "symbol": "BAMPSL.BO", "underlyingSymbol": "BAMPSL.BO", "shortName": "BAMPSL SECURITIES LTD.", "longName": "Bampsl Securities Limited", "firstTradeDateEpochUtc": "2000-01-04 09:15:00", "timeZoneFullName": "Asia/Kolkata", "timeZoneShortName": "IST", "uuid": "f15f01e6-cf30-3451-8f72-405331abc5bd", "messageBoardId": null, "gmtOffSetMilliseconds": 19800000, "maxAge": 1}, "incomeStatementHistory": {"incomeStatementHistory": [{"maxAge": 1, "endDate": "2020-03-31", "totalRevenue": 18583059, "costOfRevenue": 1230456, "grossProfit": 17352603, "researchDevelopment": {}, "sellingGeneralAdministrative": 303345, "nonRecurring": {}, "otherOperatingExpenses": 22159106, "totalOperatingExpenses": 24088290, "operatingIncome": -5505231, "totalOtherIncomeExpenseNet": 539651, "ebit": 0, "interestExpense": {}, "incomeBeforeTax": -4965580, "incomeTaxExpense": -133496, "minorityInterest": {}, "netIncomeFromContinuingOps": -4832084, "discontinuedOperations": {}, "extraordinaryItems": {}, "effectOfAccountingCharges": {}, "otherItems": {}, "netIncome": -4832084, "netIncomeApplicableToCommonShares": -4832084}, {"maxAge": 1, "endDate": "2019-03-31", "totalRevenue": 147941044, "costOfRevenue": 139701334, "grossProfit": 8239710, "researchDevelopment": {}, "sellingGeneralAdministrative": 510814, "nonRecurring": {}, "otherOperatingExpenses": 8401826, "totalOperatingExpenses": 149004652, "operatingIncome": -1063608, "totalOtherIncomeExpenseNet": 220575, "ebit": 0, "interestExpense": {}, "incomeBeforeTax": -843033, "incomeTaxExpense": 126235, "minorityInterest": {}, "netIncomeFromContinuingOps": -969268, "discontinuedOperations": {}, "extraordinaryItems": {}, "effectOfAccountingCharges": {}, "otherItems": {}, "netIncome": -969268, "netIncomeApplicableToCommonShares": -969268}, {"maxAge": 1, "endDate": "2018-03-31", "totalRevenue": 133009794, "costOfRevenue": 115514565, "grossProfit": 17495229, "researchDevelopment": {}, "sellingGeneralAdministrative": 793351, "nonRecurring": {}, "otherOperatingExpenses": 5599488, "totalOperatingExpenses": 132806181, "operatingIncome": 203613, "totalOtherIncomeExpenseNet": 0, "ebit": 0, "interestExpense": {}, "incomeBeforeTax": 203613, "incomeTaxExpense": -1870802, "minorityInterest": {}, "netIncomeFromContinuingOps": 2074415, "discontinuedOperations": {}, "extraordinaryItems": {}, "effectOfAccountingCharges": {}, "otherItems": {}, "netIncome": 2074415, "netIncomeApplicableToCommonShares": 2074415}, {"maxAge": 1, "endDate": "2017-03-31", "totalRevenue": 14427685, "costOfRevenue": 6081226, "grossProfit": 8346459, "researchDevelopment": {}, "sellingGeneralAdministrative": 551013, "nonRecurring": {}, "otherOperatingExpenses": 5793050, "totalOperatingExpenses": 12860321, "operatingIncome": 1567364, "totalOtherIncomeExpenseNet": 0, "ebit": 0, "interestExpense": {}, "incomeBeforeTax": 1567364, "incomeTaxExpense": 528874, "minorityInterest": {}, "netIncomeFromContinuingOps": 1038490, "discontinuedOperations": {}, "extraordinaryItems": {}, "effectOfAccountingCharges": {}, "otherItems": {}, "netIncome": 1038490, "netIncomeApplicableToCommonShares": 1038490}], "maxAge": 86400}, "fundOwnership": {"maxAge": 1, "ownershipList": []}, "summaryDetail": {"maxAge": 1, "priceHint": 4, "previousClose": 4.37, "open": 4.37, "dayLow": 4.16, "dayHigh": 4.37, "regularMarketPreviousClose": 4.37, "regularMarketOpen": 4.37, "regularMarketDayLow": 4.16, "regularMarketDayHigh": 4.37, "volume": 8716, "regularMarketVolume": 8716, "averageVolume": 91504, "averageVolume10days": 24192, "averageDailyVolume10Day": 24192, "bid": 0.0, "ask": 4.16, "bidSize": 0, "askSize": 0, "marketCap": 141586432, "fiftyTwoWeekLow": 0.59, "fiftyTwoWeekHigh": 4.37, "fiftyDayAverage": 1.7717143, "twoHundredDayAverage": 1.0611678, "currency": "INR", "fromCurrency": null, "toCurrency": null, "lastMarket": null, "algorithm": null, "tradeable": false}, "incomeStatementHistoryQuarterly": {"incomeStatementHistory": [{"maxAge": 1, "endDate": "2020-06-30", "totalRevenue": 4630000, "costOfRevenue": 2055000, "grossProfit": 2575000, "researchDevelopment": {}, "sellingGeneralAdministrative": 48000, "nonRecurring": {}, "otherOperatingExpenses": 208000, "totalOperatingExpenses": 2410000, "operatingIncome": 2220000, "totalOtherIncomeExpenseNet": 0, "ebit": 0, "interestExpense": {}, "incomeBeforeTax": 2220000, "incomeTaxExpense": 733000, "minorityInterest": {}, "netIncomeFromContinuingOps": 1487000, "discontinuedOperations": {}, "extraordinaryItems": {}, "effectOfAccountingCharges": {}, "otherItems": {}, "netIncome": 1487000, "netIncomeApplicableToCommonShares": 1487000}, {"maxAge": 1, "endDate": "2020-03-31", "totalRevenue": 3989059, "costOfRevenue": 252456, "grossProfit": 3736603, "researchDevelopment": {}, "sellingGeneralAdministrative": 125345, "nonRecurring": {}, "otherOperatingExpenses": 70106, "totalOperatingExpenses": 546290, "operatingIncome": 3442769, "totalOtherIncomeExpenseNet": 539651, "ebit": 0, "interestExpense": {}, "incomeBeforeTax": 3982420, "incomeTaxExpense": 2822504, "minorityInterest": {}, "netIncomeFromContinuingOps": 1159916, "discontinuedOperations": {}, "extraordinaryItems": {}, "effectOfAccountingCharges": {}, "otherItems": {}, "netIncome": 1159916, "netIncomeApplicableToCommonShares": 1159916}, {"maxAge": 1, "endDate": "2019-12-31", "totalRevenue": 5067000, "costOfRevenue": 306000, "grossProfit": 4761000, "researchDevelopment": {}, "sellingGeneralAdministrative": 48000, "nonRecurring": {}, "otherOperatingExpenses": 5933000, "totalOperatingExpenses": 6373000, "operatingIncome": -1306000, "totalOtherIncomeExpenseNet": 0, "ebit": 0, "interestExpense": {}, "incomeBeforeTax": -1306000, "incomeTaxExpense": -431000, "minorityInterest": {}, "netIncomeFromContinuingOps": -875000, "discontinuedOperations": {}, "extraordinaryItems": {}, "effectOfAccountingCharges": {}, "otherItems": {}, "netIncome": -875000, "netIncomeApplicableToCommonShares": -875000}, {"maxAge": 1, "endDate": "2019-09-30", "totalRevenue": 4748000, "costOfRevenue": 392000, "grossProfit": 4356000, "researchDevelopment": {}, "sellingGeneralAdministrative": 54000, "nonRecurring": {}, "otherOperatingExpenses": 11684000, "totalOperatingExpenses": 12229000, "operatingIncome": -7481000, "totalOtherIncomeExpenseNet": 0, "ebit": 0, "interestExpense": {}, "incomeBeforeTax": -7481000, "incomeTaxExpense": -2471000, "minorityInterest": {}, "netIncomeFromContinuingOps": -5010000, "discontinuedOperations": {}, "extraordinaryItems": {}, "effectOfAccountingCharges": {}, "otherItems": {}, "netIncome": -5010000, "netIncomeApplicableToCommonShares": -5010000}], "maxAge": 86400}, "cashflowStatementHistoryQuarterly": {"cashflowStatements": [{"maxAge": 1, "endDate": "2020-06-30", "netIncome": 1487000, "changeToLiabilities": 0}, {"maxAge": 1, "endDate": "2020-03-31", "netIncome": 1159916, "changeToLiabilities": 0}, {"maxAge": 1, "endDate": "2019-12-31", "netIncome": -875000, "changeToLiabilities": 0}, {"maxAge": 1, "endDate": "2019-09-30", "netIncome": -5010000, "changeToLiabilities": 0}], "maxAge": 86400}, "insiderHolders": {"holders": [], "maxAge": 1}, "calendarEvents": {"maxAge": 1, "earnings": {"earningsDate": ["2020-09-14 05:30:S"]}}, "price": {"maxAge": 1, "regularMarketChangePercent": -0.04805493, "regularMarketChange": -0.21000004, "regularMarketTime": "2021-04-30 15:05:31", "priceHint": 4, "regularMarketPrice": 4.16, "regularMarketDayHigh": 4.37, "regularMarketDayLow": 4.16, "regularMarketVolume": 8716, "averageDailyVolume10Day": 24192, "averageDailyVolume3Month": 91504, "regularMarketPreviousClose": 4.37, "regularMarketSource": "FREE_REALTIME", "regularMarketOpen": 4.37, "exchange": "BSE", "exchangeName": "BSE", "exchangeDataDelayedBy": 0, "marketState": "CLOSED", "quoteType": "EQUITY", "symbol": "BAMPSL.BO", "underlyingSymbol": null, "shortName": "BAMPSL SECURITIES LTD.", "longName": "Bampsl Securities Limited", "currency": "INR", "quoteSourceName": "Delayed Quote", "currencySymbol": "\u20b9", "fromCurrency": null, "toCurrency": null, "lastMarket": null, "marketCap": 141586432}, "balanceSheetHistory": {"balanceSheetStatements": [{"maxAge": 1, "endDate": "2020-03-31", "cash": 22605, "netReceivables": 365911976, "otherCurrentAssets": 748078, "totalCurrentAssets": 368884716, "propertyPlantEquipment": 3495916, "otherAssets": 168629, "deferredLongTermAssetCharges": 168629, "totalAssets": 372549261, "otherCurrentLiab": 1837545, "totalCurrentLiabilities": 1989387, "totalLiab": 1989387, "commonStock": 340351600, "retainedEarnings": 30208275, "totalStockholderEquity": 370559875, "netTangibleAssets": 370559875}, {"maxAge": 1, "endDate": "2019-03-31", "cash": 5825, "netReceivables": 374238443, "otherCurrentAssets": 552878, "totalCurrentAssets": 377045536, "propertyPlantEquipment": 3891299, "otherAssets": 35133, "deferredLongTermAssetCharges": 35133, "totalAssets": 380971968, "otherCurrentLiab": 4957085, "totalCurrentLiabilities": 5580006, "totalLiab": 5580006, "commonStock": 340351600, "retainedEarnings": 35040362, "totalStockholderEquity": 375391962, "netTangibleAssets": 375391962}, {"maxAge": 1, "endDate": "2018-03-31", "cash": 51756, "netReceivables": 271485784, "otherCurrentAssets": 17208, "totalCurrentAssets": 380616521, "propertyPlantEquipment": 4202113, "otherAssets": 151648, "deferredLongTermAssetCharges": 151648, "totalAssets": 384970282, "otherCurrentLiab": 7672540, "totalCurrentLiabilities": 8609049, "totalLiab": 8609049, "commonStock": 340351600, "retainedEarnings": 36009634, "totalStockholderEquity": 376361234, "netTangibleAssets": 376361234}, {"maxAge": 1, "endDate": "2017-03-31", "cash": 73015, "netReceivables": 371631859, "otherCurrentAssets": 17208, "totalCurrentAssets": 374174909, "propertyPlantEquipment": 5016095, "totalAssets": 379191004, "otherCurrentLiab": 4531451, "otherLiab": 258, "totalCurrentLiabilities": 4903926, "totalLiab": 4904184, "commonStock": 295957915, "retainedEarnings": 78328904, "totalStockholderEquity": 374286819, "netTangibleAssets": 374286819}], "maxAge": 86400}, "financialData": {"maxAge": 86400, "currentPrice": 4.16, "recommendationKey": "none", "grossProfits": 17352603, "financialCurrency": "INR"}}}