{"BANARBEADS.NS": {"assetProfile": {"address1": "A-1, Industrial Estate", "city": "Varanasi", "zip": "221106", "country": "India", "phone": "91 54 2237 0161", "fax": "91 54 2237 0165", "website": "http://www.banarasbead.com", "industry": "Footwear & Accessories", "sector": "Consumer Cyclical", "longBusinessSummary": "Banaras Beads Limited manufactures and exports glass beads, necklaces, imitation jewelry, and other related products in India, the United States, South Africa, the United Kingdom, Ireland, Germany, Europe, the Middle East, and Africa. The company also offers beads made from clay, brass, aluminum, copper, resin, ceramics, horn, bone, semiprecious stones, agate, lac, hand painted beads, spray painted beads, etc.; and trades in leather and cotton wax cords, and miscellaneous handicraft products. It serves wholesalers and retailers, companies dealing in craft business, craft stores/large retail chain stores, and online business companies. Banaras Beads Limited was founded in 1940 and is headquartered in Varanasi, India.", "fullTimeEmployees": 258, "companyOfficers": [{"maxAge": 1, "name": "Mr. Ashok Kumar Kanhaiyalal Gupta", "age": 72, "title": "Chairman & MD", "yearBorn": 1948, "fiscalYear": 2020, "totalPay": 2400000, "exercisedValue": 0, "unexercisedValue": 0}, {"maxAge": 1, "name": "Mr. Siddharth  Gupta", "age": 37, "title": "CEO, MD, BR Head & Director", "yearBorn": 1983, "fiscalYear": 2020, "totalPay": 1488000, "exercisedValue": 0, "unexercisedValue": 0}, {"maxAge": 1, "name": "Mr. Vinay Kumar Piyush", "title": "Chief Financial Officer", "fiscalYear": 2020, "totalPay": 389760, "exercisedValue": 0, "unexercisedValue": 0}, {"maxAge": 1, "name": "Mr. Ramesh Kumar Singh", "title": "Company Sec. & Compliance Officer", "fiscalYear": 2020, "totalPay": 850944, "exercisedValue": 0, "unexercisedValue": 0}, {"maxAge": 1, "name": "Ms. Shalini  Chandra", "age": 45, "title": "Exec. Director", "yearBorn": 1975, "fiscalYear": 2020, "totalPay": 600000, "exercisedValue": 0, "unexercisedValue": 0}, {"maxAge": 1, "name": "Mr. Rajesh Kumar Chaubey", "title": "Mang. of Marketing", "exercisedValue": 0, "unexercisedValue": 0}, {"maxAge": 1, "name": "Mr. Adarsh  Mullick", "title": "Deputy Mang. and Personal Assistant to CEO & MD", "exercisedValue": 0, "unexercisedValue": 0}], "compensationAsOfEpochDate": "2020-12-31 05:30:00", "maxAge": 86400}, "cashflowStatementHistory": {"cashflowStatements": [{"maxAge": 1, "endDate": "2020-03-31", "netIncome": 23415717, "depreciation": 13495401, "changeToNetincome": -7470671, "changeToAccountReceivables": 4107531, "changeToLiabilities": -1379716, "changeToInventory": 24430182, "changeToOperatingActivities": -20159922, "totalCashFromOperatingActivities": 36438522, "capitalExpenditures": -18670361, "investments": -18460512, "otherCashflowsFromInvestingActivities": 8587278, "totalCashflowsFromInvestingActivities": -28543595, "netBorrowings": -8400000, "otherCashflowsFromFinancingActivities": -556521, "totalCashFromFinancingActivities": -8956521, "changeInCash": -1061594}, {"maxAge": 1, "endDate": "2019-03-31", "netIncome": 11551624, "depreciation": 15211682, "changeToNetincome": -7687769, "changeToAccountReceivables": 837823, "changeToLiabilities": -638565, "changeToInventory": 3008703, "changeToOperatingActivities": -18967188, "totalCashFromOperatingActivities": 3316310, "capitalExpenditures": -2591137, "investments": -250000, "otherCashflowsFromInvestingActivities": 7932781, "totalCashflowsFromInvestingActivities": 5091644, "netBorrowings": -10630200, "otherCashflowsFromFinancingActivities": -798693, "totalCashFromFinancingActivities": -11426693, "changeInCash": -3018739, "issuanceOfStock": 2200}, {"maxAge": 1, "endDate": "2018-03-31", "netIncome": 13828335, "depreciation": 18393996, "changeToNetincome": -9960075, "changeToAccountReceivables": 51142049, "changeToLiabilities": -1615356, "changeToInventory": -27454941, "changeToOperatingActivities": -18967188, "totalCashFromOperatingActivities": 44334008, "capitalExpenditures": -93271587, "investments": 815164, "otherCashflowsFromInvestingActivities": 8722442, "totalCashflowsFromInvestingActivities": -83733981, "dividendsPaid": -7365903, "netBorrowings": 8069646, "otherCashflowsFromFinancingActivities": -798693, "totalCashFromFinancingActivities": 753243, "changeInCash": -38646730, "issuanceOfStock": 49500}, {"maxAge": 1, "endDate": "2017-03-31", "netIncome": 16688902, "depreciation": 21042823, "changeToNetincome": -15117281, "changeToAccountReceivables": 7031476, "changeToLiabilities": -4083047, "changeToInventory": 29303967, "changeToOperatingActivities": -18967188, "totalCashFromOperatingActivities": 54866840, "capitalExpenditures": -9345945, "investments": 5518333, "otherCashflowsFromInvestingActivities": 11000426, "totalCashflowsFromInvestingActivities": 7227814, "dividendsPaid": -683778, "netBorrowings": -39942326, "otherCashflowsFromFinancingActivities": -798693, "totalCashFromFinancingActivities": -40623804, "changeInCash": 21470850, "issuanceOfStock": 2300}], "maxAge": 86400}, "institutionOwnership": {"maxAge": 1, "ownershipList": []}, "majorHoldersBreakdown": {"maxAge": 1, "insidersPercentHeld": 0.6286, "institutionsPercentHeld": 0.0, "institutionsFloatPercentHeld": 0.0, "institutionsCount": 0}, "balanceSheetHistoryQuarterly": {"balanceSheetStatements": [{"maxAge": 1, "endDate": "2020-12-31", "totalStockholderEquity": 491372000, "netTangibleAssets": 491331000}, {"maxAge": 1, "endDate": "2020-09-30", "cash": 89494000, "shortTermInvestments": 2934000, "netReceivables": 89997000, "inventory": 107022000, "otherCurrentAssets": 15294000, "totalCurrentAssets": 304741000, "longTermInvestments": 31268000, "propertyPlantEquipment": 188326000, "intangibleAssets": 41000, "otherAssets": 1050000, "totalAssets": 525426000, "accountsPayable": 3011000, "otherCurrentLiab": 17434000, "otherLiab": 188000, "totalCurrentLiabilities": 33866000, "totalLiab": 34054000, "commonStock": 66139000, "treasuryStock": 425233000, "otherStockholderEquity": 425233000, "totalStockholderEquity": 491372000, "netTangibleAssets": 491331000}, {"maxAge": 1, "endDate": "2020-06-30", "totalStockholderEquity": 476599055, "netTangibleAssets": 476557718}, {"maxAge": 1, "endDate": "2020-06-30"}], "maxAge": 86400}, "indexTrend": {"maxAge": 1, "symbol": "SP5", "peRatio": 19.7411, "pegRatio": 1.34172, "estimates": [{"period": "0q", "growth": 0.549}, {"period": "+1q", "growth": 0.431}, {"period": "0y", "growth": 0.305}, {"period": "+1y", "growth": 0.109}, {"period": "+5y", "growth": 0.120865}, {"period": "-5y"}]}, "defaultKeyStatistics": {"maxAge": 1, "priceHint": 2, "enterpriseValue": 244600912, "profitMargins": 0.12339, "floatShares": 1076864, "sharesOutstanding": 6636220, "heldPercentInsiders": 0.6286, "heldPercentInstitutions": 0.0, "beta": 0.352215, "category": null, "bookValue": 74.142, "priceToBook": 0.66494024, "fundFamily": null, "legalType": null, "lastFiscalYearEnd": "2020-03-31 05:30:00", "nextFiscalYearEnd": "2022-03-31 05:30:00", "mostRecentQuarter": "2020-12-31 05:30:00", "earningsQuarterlyGrowth": 0.424, "netIncomeToCommon": 27679716, "trailingEps": 4.169, "lastSplitFactor": null, "enterpriseToRevenue": 1.09, "enterpriseToEbitda": 5.921, "52WeekChange": 0.59546924, "SandP52WeekChange": 0.48148263, "lastDividendValue": 1.0, "lastDividendDate": 1505865600}, "summaryProfile": {"address1": "A-1, Industrial Estate", "city": "Varanasi", "zip": "221106", "country": "India", "phone": "91 54 2237 0161", "fax": "91 54 2237 0165", "website": "http://www.banarasbead.com", "industry": "Footwear & Accessories", "sector": "Consumer Cyclical", "longBusinessSummary": "Banaras Beads Limited manufactures and exports glass beads, necklaces, imitation jewelry, and other related products in India, the United States, South Africa, the United Kingdom, Ireland, Germany, Europe, the Middle East, and Africa. The company also offers beads made from clay, brass, aluminum, copper, resin, ceramics, horn, bone, semiprecious stones, agate, lac, hand painted beads, spray painted beads, etc.; and trades in leather and cotton wax cords, and miscellaneous handicraft products. It serves wholesalers and retailers, companies dealing in craft business, craft stores/large retail chain stores, and online business companies. Banaras Beads Limited was founded in 1940 and is headquartered in Varanasi, India.", "fullTimeEmployees": 258, "companyOfficers": [], "maxAge": 86400}, "netSharePurchaseActivity": {"maxAge": 1, "period": "6m", "buyInfoCount": 0, "buyInfoShares": 0, "sellInfoCount": 0, "netInfoCount": 0, "netInfoShares": 0, "netPercentInsiderShares": 0.0, "totalInsiderShares": 4155667}, "insiderTransactions": {"transactions": [{"maxAge": 1, "shares": 163790, "filerUrl": "", "transactionText": "", "filerName": "Gupta (Deepali)", "filerRelation": "Promoter", "moneyText": "", "startDate": "2021-02-12", "ownership": "D"}, {"maxAge": 1, "shares": 163790, "filerUrl": "", "transactionText": "", "filerName": "Gupta (Shivani)", "filerRelation": "Promoter", "moneyText": "", "startDate": "2021-02-12", "ownership": "D"}, {"maxAge": 1, "shares": 350110, "filerUrl": "", "transactionText": "", "filerName": "Gupta (Vaishali)", "filerRelation": "UNREPORTED", "moneyText": "", "startDate": "2018-03-29", "ownership": "D"}], "maxAge": 1}, "quoteType": {"exchange": "NSI", "quoteType": "EQUITY", "symbol": "BANARBEADS.NS", "underlyingSymbol": "BANARBEADS.NS", "shortName": "BANARAS BEADS LTD", "longName": "Banaras Beads Limited", "firstTradeDateEpochUtc": "2011-12-29 09:15:00", "timeZoneFullName": "Asia/Kolkata", "timeZoneShortName": "IST", "uuid": "e0400ee6-b2e4-37a3-a303-c07ec2197078", "messageBoardId": "finmb_20406118", "gmtOffSetMilliseconds": 19800000, "maxAge": 1}, "incomeStatementHistory": {"incomeStatementHistory": [{"maxAge": 1, "endDate": "2020-03-31", "totalRevenue": 257806115, "costOfRevenue": 136134818, "grossProfit": 121671297, "researchDevelopment": {}, "sellingGeneralAdministrative": 40348234, "nonRecurring": {}, "otherOperatingExpenses": 42308886, "totalOperatingExpenses": 232287339, "operatingIncome": 25518776, "totalOtherIncomeExpenseNet": 6807506, "ebit": 25518776, "interestExpense": -556521, "incomeBeforeTax": 32326282, "incomeTaxExpense": 8910565, "minorityInterest": {}, "netIncomeFromContinuingOps": 23415717, "discontinuedOperations": {}, "extraordinaryItems": {}, "effectOfAccountingCharges": {}, "otherItems": {}, "netIncome": 23415717, "netIncomeApplicableToCommonShares": 23415717}, {"maxAge": 1, "endDate": "2019-03-31", "totalRevenue": 173116844, "costOfRevenue": 85576648, "grossProfit": 87540196, "researchDevelopment": {}, "sellingGeneralAdministrative": 36659960, "nonRecurring": {}, "otherOperatingExpenses": 23248202, "totalOperatingExpenses": 160696492, "operatingIncome": 12420352, "totalOtherIncomeExpenseNet": 3477117, "ebit": 12420352, "interestExpense": -798693, "incomeBeforeTax": 15897469, "incomeTaxExpense": 4345845, "minorityInterest": {}, "netIncomeFromContinuingOps": 11551624, "discontinuedOperations": {}, "extraordinaryItems": {}, "effectOfAccountingCharges": {}, "otherItems": {}, "netIncome": 11551624, "netIncomeApplicableToCommonShares": 11551624}, {"maxAge": 1, "endDate": "2018-03-31", "totalRevenue": 237792221, "costOfRevenue": 142716321, "grossProfit": 95075900, "researchDevelopment": {}, "sellingGeneralAdministrative": 34128708, "nonRecurring": {}, "otherOperatingExpenses": 27340956, "totalOperatingExpenses": 222579981, "operatingIncome": 15212240, "totalOtherIncomeExpenseNet": 7970030, "ebit": 15212240, "interestExpense": -729681, "incomeBeforeTax": 23182270, "incomeTaxExpense": 9353935, "minorityInterest": {}, "netIncomeFromContinuingOps": 13828335, "discontinuedOperations": {}, "extraordinaryItems": {}, "effectOfAccountingCharges": {}, "otherItems": {}, "netIncome": 13828335, "netIncomeApplicableToCommonShares": 13828335}, {"maxAge": 1, "endDate": "2017-03-31", "totalRevenue": 273246314, "costOfRevenue": 166497366, "grossProfit": 106748948, "researchDevelopment": {}, "sellingGeneralAdministrative": 35675203, "nonRecurring": {}, "otherOperatingExpenses": 33280360, "totalOperatingExpenses": 256495752, "operatingIncome": 16750562, "totalOtherIncomeExpenseNet": 11355137, "ebit": 16750562, "interestExpense": -683779, "incomeBeforeTax": 28105699, "incomeTaxExpense": 11416797, "minorityInterest": {}, "netIncomeFromContinuingOps": 16688902, "discontinuedOperations": {}, "extraordinaryItems": {}, "effectOfAccountingCharges": {}, "otherItems": {}, "netIncome": 16688902, "netIncomeApplicableToCommonShares": 16688902}], "maxAge": 86400}, "fundOwnership": {"maxAge": 1, "ownershipList": []}, "summaryDetail": {"maxAge": 1, "priceHint": 2, "previousClose": 48.95, "open": 49.85, "dayLow": 48.6, "dayHigh": 50.25, "regularMarketPreviousClose": 48.95, "regularMarketOpen": 49.85, "regularMarketDayLow": 48.6, "regularMarketDayHigh": 50.25, "exDividendDate": "2017-09-20 05:30:00", "payoutRatio": 0.0, "beta": 0.352215, "trailingPE": 11.825377, "volume": 3387, "regularMarketVolume": 3387, "averageVolume": 8223, "averageVolume10days": 3212, "averageDailyVolume10Day": 3212, "bid": 0.0, "ask": 0.0, "bidSize": 0, "askSize": 0, "marketCap": 332512704, "fiftyTwoWeekLow": 30.3, "fiftyTwoWeekHigh": 70.85, "priceToSalesTrailing12Months": 1.4823002, "fiftyDayAverage": 49.927273, "twoHundredDayAverage": 55.32695, "trailingAnnualDividendRate": 1.0, "trailingAnnualDividendYield": 0.02042901, "currency": "INR", "fromCurrency": null, "toCurrency": null, "lastMarket": null, "algorithm": null, "tradeable": false}, "incomeStatementHistoryQuarterly": {"incomeStatementHistory": [{"maxAge": 1, "endDate": "2020-12-31", "totalRevenue": 62109000, "costOfRevenue": 21223000, "grossProfit": 40886000, "researchDevelopment": {}, "sellingGeneralAdministrative": 10064000, "nonRecurring": {}, "otherOperatingExpenses": 19856000, "totalOperatingExpenses": 54823000, "operatingIncome": 7286000, "totalOtherIncomeExpenseNet": 1730000, "ebit": 7286000, "interestExpense": -1185000, "incomeBeforeTax": 9016000, "incomeTaxExpense": 3000000, "minorityInterest": {}, "netIncomeFromContinuingOps": 6016000, "discontinuedOperations": {}, "extraordinaryItems": {}, "effectOfAccountingCharges": {}, "otherItems": {}, "netIncome": 6016000, "netIncomeApplicableToCommonShares": 6016000}, {"maxAge": 1, "endDate": "2020-09-30", "totalRevenue": 67034000, "costOfRevenue": 29506000, "grossProfit": 37528000, "researchDevelopment": {}, "sellingGeneralAdministrative": 8402000, "nonRecurring": {}, "otherOperatingExpenses": 17882000, "totalOperatingExpenses": 59468000, "operatingIncome": 7566000, "totalOtherIncomeExpenseNet": 3316000, "ebit": 7566000, "interestExpense": -454000, "incomeBeforeTax": 10882000, "incomeTaxExpense": 2200000, "minorityInterest": {}, "netIncomeFromContinuingOps": 8682000, "discontinuedOperations": {}, "extraordinaryItems": {}, "effectOfAccountingCharges": {}, "otherItems": {}, "netIncome": 8682000, "netIncomeApplicableToCommonShares": 8682000}, {"maxAge": 1, "endDate": "2020-06-30", "totalRevenue": 53355500, "costOfRevenue": 23040000, "grossProfit": 30315500, "researchDevelopment": {}, "sellingGeneralAdministrative": 7626500, "nonRecurring": {}, "otherOperatingExpenses": 13002000, "totalOperatingExpenses": 47346000, "operatingIncome": 6009500, "totalOtherIncomeExpenseNet": 3377000, "ebit": 6009500, "interestExpense": -256500, "incomeBeforeTax": 9386500, "incomeTaxExpense": 2000000, "minorityInterest": {}, "netIncomeFromContinuingOps": 7386500, "discontinuedOperations": {}, "extraordinaryItems": {}, "effectOfAccountingCharges": {}, "otherItems": {}, "netIncome": 7386500, "netIncomeApplicableToCommonShares": 7386500}, {"maxAge": 1, "endDate": "2020-06-30", "totalRevenue": 39677000, "costOfRevenue": 16574000, "grossProfit": 23103000, "researchDevelopment": {}, "sellingGeneralAdministrative": 6851000, "nonRecurring": {}, "otherOperatingExpenses": 8122000, "totalOperatingExpenses": 35224000, "operatingIncome": 4453000, "totalOtherIncomeExpenseNet": 3438000, "ebit": 4453000, "interestExpense": -59000, "incomeBeforeTax": 7891000, "incomeTaxExpense": 1800000, "minorityInterest": {}, "netIncomeFromContinuingOps": 6091000, "discontinuedOperations": {}, "extraordinaryItems": {}, "effectOfAccountingCharges": {}, "otherItems": {}, "netIncome": 6091000, "netIncomeApplicableToCommonShares": 6091000}], "maxAge": 86400}, "cashflowStatementHistoryQuarterly": {"cashflowStatements": [{"maxAge": 1, "endDate": "2020-12-31", "netIncome": 6016000, "changeToLiabilities": 0}, {"maxAge": 1, "endDate": "2020-09-30", "netIncome": 8682000, "depreciation": 3677500, "changeToNetincome": -3239000, "changeToAccountReceivables": -17917500, "changeToLiabilities": 837500, "changeToInventory": 3095000, "changeToOperatingActivities": -7325500, "totalCashFromOperatingActivities": -13485500, "capitalExpenditures": -1098500, "investments": 8003000, "otherCashflowsFromInvestingActivities": 2745500, "totalCashflowsFromInvestingActivities": 9650000, "netBorrowings": 6710500, "otherCashflowsFromFinancingActivities": -145000, "totalCashFromFinancingActivities": 6565500, "changeInCash": 2727000}, {"maxAge": 1, "endDate": "2020-06-30", "netIncome": 7386500, "depreciation": 3677500, "changeToNetincome": -3239000, "changeToAccountReceivables": -17917500, "changeToLiabilities": 837500, "changeToInventory": 3095000, "changeToOperatingActivities": -7325500, "totalCashFromOperatingActivities": -13485500, "capitalExpenditures": -1098500, "investments": 8003000, "otherCashflowsFromInvestingActivities": 2745500, "totalCashflowsFromInvestingActivities": 9650000, "netBorrowings": 6710500, "otherCashflowsFromFinancingActivities": -145000, "totalCashFromFinancingActivities": 6565500, "changeInCash": 2727000}, {"maxAge": 1, "endDate": "2020-06-30", "netIncome": 6091000, "depreciation": 3677500, "changeToNetincome": -3239000, "changeToAccountReceivables": -17917500, "changeToLiabilities": 0, "changeToInventory": 3095000, "changeToOperatingActivities": -7325500, "totalCashFromOperatingActivities": -13485500, "capitalExpenditures": -1098500, "investments": 8003000, "otherCashflowsFromInvestingActivities": 2745500, "totalCashflowsFromInvestingActivities": 9650000, "netBorrowings": 6710500, "otherCashflowsFromFinancingActivities": -145000, "totalCashFromFinancingActivities": 6565500, "changeInCash": 2727000}], "maxAge": 86400}, "insiderHolders": {"holders": [{"maxAge": 1, "name": "Gupta (Deepali)", "relation": "Promoter", "url": "", "transactionDescription": "Gift", "latestTransDate": "2021-02-12", "positionDirect": 0, "positionDirectDate": "2021-02-12"}, {"maxAge": 1, "name": "Gupta (Shivani)", "relation": "Promoter", "url": "", "transactionDescription": "Gift", "latestTransDate": "2021-02-12", "positionDirect": 513900, "positionDirectDate": "2021-02-12"}, {"maxAge": 1, "name": "Gupta (Vaishali)", "relation": "UNREPORTED", "url": "", "transactionDescription": "Gift", "latestTransDate": "2018-03-29", "positionDirect": 0, "positionDirectDate": "2018-03-29"}], "maxAge": 1}, "calendarEvents": {"maxAge": 1, "earnings": {"earningsDate": []}, "exDividendDate": "2017-09-20 05:30:00"}, "price": {"maxAge": 1, "regularMarketChangePercent": 0.007150122, "regularMarketChange": 0.34999847, "regularMarketTime": "2021-04-30 15:27:33", "priceHint": 2, "regularMarketPrice": 49.3, "regularMarketDayHigh": 50.25, "regularMarketDayLow": 48.6, "regularMarketVolume": 3387, "averageDailyVolume10Day": 3212, "averageDailyVolume3Month": 8223, "regularMarketPreviousClose": 48.95, "regularMarketSource": "FREE_REALTIME", "regularMarketOpen": 49.85, "exchange": "NSI", "exchangeName": "NSE", "exchangeDataDelayedBy": 15, "marketState": "CLOSED", "quoteType": "EQUITY", "symbol": "BANARBEADS.NS", "underlyingSymbol": null, "shortName": "BANARAS BEADS LTD", "longName": "Banaras Beads Limited", "currency": "INR", "quoteSourceName": "Delayed Quote", "currencySymbol": "\u20b9", "fromCurrency": null, "toCurrency": null, "lastMarket": null, "marketCap": 332512704}, "balanceSheetHistory": {"balanceSheetStatements": [{"maxAge": 1, "endDate": "2020-03-31", "cash": 9754707, "shortTermInvestments": 88801168, "netReceivables": 42175679, "inventory": 113211950, "otherCurrentAssets": 17444360, "totalCurrentAssets": 272244996, "longTermInvestments": 31398468, "propertyPlantEquipment": 193484817, "intangibleAssets": 41337, "otherAssets": 1049767, "totalAssets": 498219385, "accountsPayable": 1335459, "otherCurrentLiab": 17172582, "otherLiab": 188374, "totalCurrentLiabilities": 21431956, "totalLiab": 21620330, "commonStock": 66139220, "retainedEarnings": 187247535, "capitalSurplus": 223212300, "totalStockholderEquity": 476599055, "netTangibleAssets": 476557718}, {"maxAge": 1, "endDate": "2019-03-31", "cash": 14221642, "shortTermInvestments": 67198070, "netReceivables": 25901494, "inventory": 137642132, "otherCurrentAssets": 14124717, "totalCurrentAssets": 260281548, "longTermInvestments": 31461740, "propertyPlantEquipment": 188309857, "intangibleAssets": 41337, "otherAssets": 1049767, "totalAssets": 481144249, "accountsPayable": 2715175, "otherCurrentLiab": 14791573, "otherLiab": 177809, "totalCurrentLiabilities": 27334611, "totalLiab": 27512420, "commonStock": 66139220, "retainedEarnings": 164280309, "capitalSurplus": 223212300, "totalStockholderEquity": 453631829, "netTangibleAssets": 453590492}, {"maxAge": 1, "endDate": "2018-03-31", "cash": 8980691, "shortTermInvestments": 75021850, "netReceivables": 18132572, "inventory": 140650835, "otherCurrentAssets": 11414840, "totalCurrentAssets": 255190240, "longTermInvestments": 31211740, "propertyPlantEquipment": 200930402, "intangibleAssets": 41337, "otherAssets": 1049767, "totalAssets": 488423486, "accountsPayable": 3353740, "otherCurrentLiab": 21832751, "otherLiab": 681964, "totalCurrentLiabilities": 45613991, "totalLiab": 46295955, "commonStock": 66138720, "retainedEarnings": 152778211, "capitalSurplus": 223210600, "totalStockholderEquity": 442127531, "netTangibleAssets": 442086194}, {"maxAge": 1, "endDate": "2017-03-31", "cash": 23451515, "shortTermInvestments": 97890672, "netReceivables": 62083348, "inventory": 113195895, "otherCurrentAssets": 19511891, "totalCurrentAssets": 317298298, "longTermInvestments": 31909954, "propertyPlantEquipment": 126052811, "intangibleAssets": 41337, "otherAssets": 2568738, "deferredLongTermAssetCharges": 1521971, "totalAssets": 477871138, "accountsPayable": 8184766, "otherCurrentLiab": 20929546, "totalCurrentLiabilities": 41615041, "totalLiab": 41615041, "commonStock": 66138220, "retainedEarnings": 146956277, "capitalSurplus": 223161600, "totalStockholderEquity": 436256097, "netTangibleAssets": 436214760}], "maxAge": 86400}, "financialData": {"maxAge": 86400, "currentPrice": 49.3, "recommendationKey": "none", "totalCash": 92428000, "totalCashPerShare": 13.981, "ebitda": 41309916, "totalDebt": 13421000, "totalRevenue": 224322112, "debtToEquity": 2.731, "revenuePerShare": 33.782, "grossProfits": 121671297, "earningsGrowth": 0.422, "revenueGrowth": -0.008, "grossMargins": 0.5053, "ebitdaMargins": 0.18415001, "operatingMargins": 0.12567, "profitMargins": 0.12339, "financialCurrency": "INR"}}}