{"BANARISUG.BO": {"recommendationTrend": {"trend": [{"period": "0m", "strongBuy": 0, "buy": 0, "hold": 0, "sell": 0, "strongSell": 0}, {"period": "-1m", "strongBuy": 0, "buy": 0, "hold": 0, "sell": 0, "strongSell": 0}, {"period": "-2m", "strongBuy": 0, "buy": 0, "hold": 0, "sell": 0, "strongSell": 0}, {"period": "-3m", "strongBuy": 0, "buy": 0, "hold": 0, "sell": 0, "strongSell": 0}], "maxAge": 86400}, "cashflowStatementHistory": {"cashflowStatements": [{"maxAge": 1, "endDate": "2020-03-31", "netIncome": 956358000, "depreciation": 649404000, "changeToNetincome": 548424000, "changeToAccountReceivables": -602089000, "changeToLiabilities": -863287000, "changeToInventory": -258567000, "changeToOperatingActivities": -1002603000, "totalCashFromOperatingActivities": -572360000, "capitalExpenditures": -1069987000, "otherCashflowsFromInvestingActivities": 8291000, "totalCashflowsFromInvestingActivities": -1059979000, "dividendsPaid": -125397000, "netBorrowings": 2263991000, "otherCashflowsFromFinancingActivities": -463829000, "totalCashFromFinancingActivities": 1674765000, "changeInCash": 42426000}, {"maxAge": 1, "endDate": "2019-03-31", "netIncome": 759385000, "depreciation": 667749000, "changeToNetincome": 250223000, "changeToAccountReceivables": -617103000, "changeToLiabilities": 937438000, "changeToInventory": -3993437000, "changeToOperatingActivities": 75857000, "totalCashFromOperatingActivities": -1919888000, "capitalExpenditures": -343089000, "otherCashflowsFromInvestingActivities": 34164000, "totalCashflowsFromInvestingActivities": -270846000, "dividendsPaid": -125397000, "netBorrowings": 2610000000, "otherCashflowsFromFinancingActivities": -300611000, "totalCashFromFinancingActivities": 2193992000, "changeInCash": 3259000, "issuanceOfStock": 10000000}, {"maxAge": 1, "endDate": "2018-03-31", "netIncome": 872738000, "depreciation": 696050000, "changeToNetincome": 353224000, "changeToAccountReceivables": 487665000, "changeToLiabilities": 0, "changeToInventory": 4043032000, "changeToOperatingActivities": -568723000, "totalCashFromOperatingActivities": 5883986000, "capitalExpenditures": -196629000, "investments": -28000, "otherCashflowsFromInvestingActivities": 30794000, "totalCashflowsFromInvestingActivities": -157010000, "dividendsPaid": -156746000, "netBorrowings": -5270816000, "otherCashflowsFromFinancingActivities": -359708000, "totalCashFromFinancingActivities": -5787270000, "changeInCash": -60294000, "issuanceOfStock": 10000000}, {"maxAge": 1, "endDate": "2017-03-31", "netIncome": 1451655000, "depreciation": 694521000, "changeToNetincome": 954472000, "changeToAccountReceivables": 163575000, "changeToLiabilities": 0, "changeToInventory": 3375093000, "changeToOperatingActivities": -192790000, "totalCashFromOperatingActivities": 6446526000, "capitalExpenditures": -545448000, "investments": -28000, "otherCashflowsFromInvestingActivities": 8666000, "totalCashflowsFromInvestingActivities": -523532000, "dividendsPaid": -85798000, "netBorrowings": -4960419000, "otherCashflowsFromFinancingActivities": -989603000, "totalCashFromFinancingActivities": -6035820000, "changeInCash": -112826000, "issuanceOfStock": 10000000}], "maxAge": 86400}, "institutionOwnership": {"maxAge": 1, "ownershipList": []}, "balanceSheetHistoryQuarterly": {"balanceSheetStatements": [{"maxAge": 1, "endDate": "2020-06-30", "totalStockholderEquity": 12749349000, "netTangibleAssets": 12749349000}, {"maxAge": 1, "endDate": "2020-03-31", "cash": 77217000, "netReceivables": 2930792000, "inventory": 9601422000, "otherCurrentAssets": 367916000, "totalCurrentAssets": 13017591000, "longTermInvestments": 6562000, "propertyPlantEquipment": 10943103000, "otherAssets": 376652000, "totalAssets": 24343908000, "accountsPayable": 616319000, "shortLongTermDebt": 245306000, "otherCurrentLiab": 742485000, "longTermDebt": 2485854000, "otherLiab": 214035000, "totalCurrentLiabilities": 8888112000, "totalLiab": 11594559000, "commonStock": 125397000, "retainedEarnings": 11528384000, "treasuryStock": 245233000, "capitalSurplus": 850335000, "otherStockholderEquity": 245233000, "totalStockholderEquity": 12749349000, "netTangibleAssets": 12749349000}, {"maxAge": 1, "endDate": "2019-12-31", "totalStockholderEquity": 12087705000, "netTangibleAssets": 12087705000}, {"maxAge": 1, "endDate": "2019-09-30", "cash": 43821000, "netReceivables": 1614711000, "inventory": 8439555000, "otherCurrentAssets": 828376000, "totalCurrentAssets": 10926463000, "longTermInvestments": 8972000, "propertyPlantEquipment": 10687415000, "otherAssets": 390744000, "totalAssets": 22013594000, "accountsPayable": 953706000, "shortLongTermDebt": 299709000, "otherCurrentLiab": 556908000, "longTermDebt": 2347784000, "otherLiab": 118398000, "totalCurrentLiabilities": 7459707000, "totalLiab": 9925889000, "commonStock": 125397000, "treasuryStock": 11962308000, "otherStockholderEquity": 11962308000, "totalStockholderEquity": 12087705000, "netTangibleAssets": 12087705000}], "maxAge": 86400}, "earningsHistory": {"history": [{"maxAge": 1, "epsActual": {}, "epsEstimate": {}, "epsDifference": {}, "surprisePercent": {}, "quarter": {}, "period": "-4q"}, {"maxAge": 1, "epsActual": {}, "epsEstimate": {}, "epsDifference": {}, "surprisePercent": {}, "quarter": {}, "period": "-3q"}, {"maxAge": 1, "epsActual": {}, "epsEstimate": {}, "epsDifference": {}, "surprisePercent": {}, "quarter": {}, "period": "-2q"}, {"maxAge": 1, "epsActual": {}, "epsEstimate": {}, "epsDifference": {}, "surprisePercent": {}, "quarter": {}, "period": "-1q"}], "maxAge": 86400}, "indexTrend": {"maxAge": 1, "symbol": "SP5", "peRatio": 19.7411, "pegRatio": 1.34172, "estimates": [{"period": "0q", "growth": 0.549}, {"period": "+1q", "growth": 0.431}, {"period": "0y", "growth": 0.305}, {"period": "+1y", "growth": 0.109}, {"period": "+5y", "growth": 0.120865}, {"period": "-5y"}]}, "industryTrend": {"maxAge": 1, "symbol": null, "estimates": []}, "insiderTransactions": {"transactions": [{"maxAge": 1, "shares": 255732, "value": 25, "filerUrl": "", "transactionText": "Sale at price 0.00 per share.", "filerName": "Annamallai Enterprise Pvt Ltd", "filerRelation": "Promoter", "moneyText": "", "startDate": "2020-09-23", "ownership": "D"}, {"maxAge": 1, "shares": 106500, "value": 10, "filerUrl": "", "transactionText": "Sale at price 0.00 per share.", "filerName": "Shiva Cargo Movers Ltd", "filerRelation": "Promoter", "moneyText": "", "startDate": "2020-09-23", "ownership": "D"}, {"maxAge": 1, "shares": 87193, "value": 8, "filerUrl": "", "transactionText": "Sale at price 0.00 per share.", "filerName": "SVB Holdings Pvt Ltd", "filerRelation": "Promoter", "moneyText": "", "startDate": "2020-09-23", "ownership": "D"}, {"maxAge": 1, "shares": 9703, "value": 16, "filerUrl": "", "transactionText": "Sale at price 0.00 per share.", "filerName": "SVB Holdings Pvt Ltd", "filerRelation": "Promoter", "moneyText": "", "startDate": "2020-09-23", "ownership": "D"}, {"maxAge": 1, "shares": 469828, "filerUrl": "", "transactionText": "Acquisition at price 0.00 per share.", "filerName": "SVB Holdings Pvt Ltd", "filerRelation": "Promoter", "moneyText": "", "startDate": "2020-09-23", "ownership": "D"}, {"maxAge": 1, "shares": 10700, "value": 17, "filerUrl": "", "transactionText": "Sale at price 0.00 per share.", "filerName": "SVB Holdings Pvt Ltd", "filerRelation": "Promoter", "moneyText": "", "startDate": "2020-09-23", "ownership": "D"}], "maxAge": 1}, "quoteType": {"exchange": "BSE", "quoteType": "EQUITY", "symbol": "BANARISUG.BO", "underlyingSymbol": "BANARISUG.BO", "shortName": "BANNARI AMMAN SUGARS LTD.", "longName": "Bannari Amman Sugars Limited", "firstTradeDateEpochUtc": "2000-08-11 09:15:00", "timeZoneFullName": "Asia/Kolkata", "timeZoneShortName": "IST", "uuid": "028f53d3-3358-3271-9855-dfaee242d809", "messageBoardId": null, "gmtOffSetMilliseconds": 19800000, "maxAge": 1}, "incomeStatementHistory": {"incomeStatementHistory": [{"maxAge": 1, "endDate": "2020-03-31", "totalRevenue": 16092913000, "costOfRevenue": 11289946000, "grossProfit": 4802967000, "researchDevelopment": {}, "sellingGeneralAdministrative": 1127207000, "nonRecurring": {}, "otherOperatingExpenses": 1361179000, "totalOperatingExpenses": 14427736000, "operatingIncome": 1665177000, "totalOtherIncomeExpenseNet": -404739000, "ebit": 1665177000, "interestExpense": -445028000, "incomeBeforeTax": 1260438000, "incomeTaxExpense": 304080000, "minorityInterest": {}, "netIncomeFromContinuingOps": 956358000, "discontinuedOperations": {}, "extraordinaryItems": {}, "effectOfAccountingCharges": {}, "otherItems": {}, "netIncome": 956358000, "netIncomeApplicableToCommonShares": 956358000}, {"maxAge": 1, "endDate": "2019-03-31", "totalRevenue": 11249861000, "costOfRevenue": 7043672000, "grossProfit": 4206189000, "researchDevelopment": {}, "sellingGeneralAdministrative": 1031012000, "nonRecurring": {}, "otherOperatingExpenses": 1359660000, "totalOperatingExpenses": 10102093000, "operatingIncome": 1147768000, "totalOtherIncomeExpenseNet": -219382000, "ebit": 1147768000, "interestExpense": -300730000, "incomeBeforeTax": 928386000, "incomeTaxExpense": 169001000, "minorityInterest": {}, "netIncomeFromContinuingOps": 759385000, "discontinuedOperations": {}, "extraordinaryItems": {}, "effectOfAccountingCharges": {}, "otherItems": {}, "netIncome": 759385000, "netIncomeApplicableToCommonShares": 759385000}, {"maxAge": 1, "endDate": "2018-03-31", "totalRevenue": 14807509000, "costOfRevenue": 10915316000, "grossProfit": 3892193000, "researchDevelopment": {}, "sellingGeneralAdministrative": 978238000, "nonRecurring": {}, "otherOperatingExpenses": 808745000, "totalOperatingExpenses": 13398349000, "operatingIncome": 1409160000, "totalOtherIncomeExpenseNet": -285363000, "ebit": 1409160000, "interestExpense": -339867000, "incomeBeforeTax": 1123797000, "incomeTaxExpense": 251059000, "minorityInterest": {}, "netIncomeFromContinuingOps": 872738000, "discontinuedOperations": {}, "extraordinaryItems": {}, "effectOfAccountingCharges": {}, "otherItems": {}, "netIncome": 872738000, "netIncomeApplicableToCommonShares": 872738000}, {"maxAge": 1, "endDate": "2017-03-31", "totalRevenue": 17517870000, "costOfRevenue": 12076666000, "grossProfit": 5441204000, "researchDevelopment": {}, "sellingGeneralAdministrative": 960348000, "nonRecurring": {}, "otherOperatingExpenses": 975447000, "totalOperatingExpenses": 14706982000, "operatingIncome": 2810888000, "totalOtherIncomeExpenseNet": -942335000, "ebit": 2810888000, "interestExpense": -954062000, "incomeBeforeTax": 1868553000, "incomeTaxExpense": 416898000, "minorityInterest": {}, "netIncomeFromContinuingOps": 1451655000, "discontinuedOperations": {}, "extraordinaryItems": {}, "effectOfAccountingCharges": {}, "otherItems": {}, "netIncome": 1451655000, "netIncomeApplicableToCommonShares": 1451655000}], "maxAge": 86400}, "fundOwnership": {"maxAge": 1, "ownershipList": [{"maxAge": 1, "reportDate": "2020-07-31", "organization": "DFA Emerging Markets Small Cap Series", "pctHeld": 0.0011, "position": 14297, "value": 18228675}, {"maxAge": 1, "reportDate": "2020-07-31", "organization": "DFA Emerging Markets Core Equity Portfolio", "pctHeld": 0.0001, "position": 1491, "value": 1901025}, {"maxAge": 1, "reportDate": "2020-07-31", "organization": "DFA Investment Dimensions-Emerging Markets Social Core Equity", "pctHeld": 0.0001, "position": 894, "value": 1139850}]}, "summaryDetail": {"maxAge": 1, "priceHint": 2, "previousClose": 1648.0, "open": 1660.55, "dayLow": 1660.55, "dayHigh": 1875.0, "regularMarketPreviousClose": 1648.0, "regularMarketOpen": 1660.55, "regularMarketDayLow": 1660.55, "regularMarketDayHigh": 1875.0, "trailingPE": 21.353462, "volume": 1298, "regularMarketVolume": 1298, "averageVolume": 223, "averageVolume10days": 825, "averageDailyVolume10Day": 825, "bid": 1740.05, "ask": 1795.0, "bidSize": 0, "askSize": 0, "marketCap": 21975824384, "fiftyTwoWeekLow": 636.05, "fiftyTwoWeekHigh": 1875.0, "fiftyDayAverage": 1514.7185, "twoHundredDayAverage": 1382.2635, "trailingAnnualDividendRate": 10.0, "trailingAnnualDividendYield": 0.006067961, "currency": "INR", "fromCurrency": null, "toCurrency": null, "lastMarket": null, "algorithm": null, "tradeable": false}, "sectorTrend": {"maxAge": 1, "symbol": null, "estimates": []}, "incomeStatementHistoryQuarterly": {"incomeStatementHistory": [{"maxAge": 1, "endDate": "2020-06-30", "totalRevenue": 3258008000, "costOfRevenue": 2282314000, "grossProfit": 975694000, "researchDevelopment": {}, "sellingGeneralAdministrative": 275645000, "nonRecurring": {}, "otherOperatingExpenses": 272504000, "totalOperatingExpenses": 2992105000, "operatingIncome": 265903000, "totalOtherIncomeExpenseNet": -99976000, "ebit": 265903000, "interestExpense": -107515000, "incomeBeforeTax": 165927000, "incomeTaxExpense": 37800000, "minorityInterest": {}, "netIncomeFromContinuingOps": 128127000, "discontinuedOperations": {}, "extraordinaryItems": {}, "effectOfAccountingCharges": {}, "otherItems": {}, "netIncome": 128127000, "netIncomeApplicableToCommonShares": 128127000}, {"maxAge": 1, "endDate": "2020-03-31", "totalRevenue": 4784239000, "costOfRevenue": 3634988000, "grossProfit": 1149251000, "researchDevelopment": {}, "sellingGeneralAdministrative": 325963000, "nonRecurring": {}, "otherOperatingExpenses": 152418000, "totalOperatingExpenses": 4278732000, "operatingIncome": 505507000, "totalOtherIncomeExpenseNet": -85699000, "ebit": 505507000, "interestExpense": -101270000, "incomeBeforeTax": 419808000, "incomeTaxExpense": 106529000, "minorityInterest": {}, "netIncomeFromContinuingOps": 313279000, "discontinuedOperations": {}, "extraordinaryItems": {}, "effectOfAccountingCharges": {}, "otherItems": {}, "netIncome": 313279000, "netIncomeApplicableToCommonShares": 313279000}, {"maxAge": 1, "endDate": "2019-12-31", "totalRevenue": 4315052000, "costOfRevenue": 2965147000, "grossProfit": 1349905000, "researchDevelopment": {}, "sellingGeneralAdministrative": 289400000, "nonRecurring": {}, "otherOperatingExpenses": 350164000, "totalOperatingExpenses": 3767682000, "operatingIncome": 547370000, "totalOtherIncomeExpenseNet": -89362000, "ebit": 547370000, "interestExpense": -98863000, "incomeBeforeTax": 458008000, "incomeTaxExpense": 97250000, "minorityInterest": {}, "netIncomeFromContinuingOps": 360758000, "discontinuedOperations": {}, "extraordinaryItems": {}, "effectOfAccountingCharges": {}, "otherItems": {}, "netIncome": 360758000, "netIncomeApplicableToCommonShares": 360758000}, {"maxAge": 1, "endDate": "2019-09-30", "totalRevenue": 4385071000, "costOfRevenue": 3035754000, "grossProfit": 1349317000, "researchDevelopment": {}, "sellingGeneralAdministrative": 253366000, "nonRecurring": {}, "otherOperatingExpenses": 542475000, "totalOperatingExpenses": 3993237000, "operatingIncome": 391834000, "totalOtherIncomeExpenseNet": -85636000, "ebit": 391834000, "interestExpense": -93416000, "incomeBeforeTax": 306198000, "incomeTaxExpense": 79470000, "minorityInterest": {}, "netIncomeFromContinuingOps": 226728000, "discontinuedOperations": {}, "extraordinaryItems": {}, "effectOfAccountingCharges": {}, "otherItems": {}, "netIncome": 226728000, "netIncomeApplicableToCommonShares": 226728000}], "maxAge": 86400}, "cashflowStatementHistoryQuarterly": {"cashflowStatements": [{"maxAge": 1, "endDate": "2020-06-30", "netIncome": 128127000, "changeToLiabilities": 0}, {"maxAge": 1, "endDate": "2020-03-31", "netIncome": 313279000, "changeToLiabilities": 0}, {"maxAge": 1, "endDate": "2019-12-31", "netIncome": 360758000, "changeToLiabilities": 0}, {"maxAge": 1, "endDate": "2019-09-30", "netIncome": 226728000, "changeToLiabilities": 0}], "maxAge": 86400}, "insiderHolders": {"holders": [{"maxAge": 1, "name": "Annamallai Enterprise Pvt Ltd", "relation": "Promoter", "url": "", "transactionDescription": "Sale", "latestTransDate": "2020-09-23", "positionDirect": 0, "positionDirectDate": "2020-09-23"}, {"maxAge": 1, "name": "SVB Holdings Pvt Ltd", "relation": "Promoter", "url": "", "transactionDescription": "Sale", "latestTransDate": "2020-09-23", "positionDirect": 0, "positionDirectDate": "2020-09-23"}, {"maxAge": 1, "name": "Shiva Cargo Movers Ltd", "relation": "Promoter", "url": "", "transactionDescription": "Sale", "latestTransDate": "2020-09-23", "positionDirect": 0, "positionDirectDate": "2020-09-23"}], "maxAge": 1}, "earnings": {"maxAge": 86400, "earningsChart": {"quarterly": [], "earningsDate": []}, "financialsChart": {"yearly": [{"date": 2017, "revenue": 17517870000, "earnings": 1451655000}, {"date": 2018, "revenue": 14807509000, "earnings": 872738000}, {"date": 2019, "revenue": 11249861000, "earnings": 759385000}, {"date": 2020, "revenue": 16092913000, "earnings": 956358000}], "quarterly": [{"date": "3Q2019", "revenue": 4385071000, "earnings": 226728000}, {"date": "4Q2019", "revenue": 4315052000, "earnings": 360758000}, {"date": "1Q2020", "revenue": 4784239000, "earnings": 313279000}, {"date": "2Q2020", "revenue": 3258008000, "earnings": 128127000}]}, "financialCurrency": "INR"}, "calendarEvents": {"maxAge": 1, "earnings": {"earningsDate": []}}, "price": {"maxAge": 1, "regularMarketChangePercent": 0.06341019, "regularMarketChange": 104.5, "regularMarketTime": "2021-04-30 15:26:52", "priceHint": 2, "regularMarketPrice": 1752.5, "regularMarketDayHigh": 1875.0, "regularMarketDayLow": 1660.55, "regularMarketVolume": 1298, "averageDailyVolume10Day": 825, "averageDailyVolume3Month": 223, "regularMarketPreviousClose": 1648.0, "regularMarketSource": "FREE_REALTIME", "regularMarketOpen": 1660.55, "exchange": "BSE", "exchangeName": "BSE", "exchangeDataDelayedBy": 0, "marketState": "CLOSED", "quoteType": "EQUITY", "symbol": "BANARISUG.BO", "underlyingSymbol": null, "shortName": "BANNARI AMMAN SUGARS LTD.", "longName": "Bannari Amman Sugars Limited", "currency": "INR", "quoteSourceName": "Delayed Quote", "currencySymbol": "\u20b9", "fromCurrency": null, "toCurrency": null, "lastMarket": null, "marketCap": 21975824384}, "balanceSheetHistory": {"balanceSheetStatements": [{"maxAge": 1, "endDate": "2020-03-31", "cash": 77217000, "netReceivables": 2930792000, "inventory": 9601422000, "otherCurrentAssets": 367916000, "totalCurrentAssets": 13017591000, "longTermInvestments": 6562000, "propertyPlantEquipment": 10943103000, "otherAssets": 376652000, "totalAssets": 24343908000, "accountsPayable": 616319000, "shortLongTermDebt": 245306000, "otherCurrentLiab": 742485000, "longTermDebt": 2485854000, "otherLiab": 214035000, "totalCurrentLiabilities": 8888112000, "totalLiab": 11594559000, "commonStock": 125397000, "retainedEarnings": 11528384000, "treasuryStock": 245233000, "capitalSurplus": 850335000, "otherStockholderEquity": 245233000, "totalStockholderEquity": 12749349000, "netTangibleAssets": 12749349000}, {"maxAge": 1, "endDate": "2019-03-31", "cash": 34791000, "netReceivables": 1443277000, "inventory": 9342855000, "otherCurrentAssets": 215650000, "totalCurrentAssets": 11089686000, "longTermInvestments": 11214000, "propertyPlantEquipment": 10507940000, "otherAssets": 414618000, "totalAssets": 22023458000, "accountsPayable": 1671822000, "shortLongTermDebt": 317986000, "otherCurrentLiab": 548059000, "longTermDebt": 2463566000, "otherLiab": 93219000, "totalCurrentLiabilities": 7507833000, "totalLiab": 10064618000, "commonStock": 125397000, "retainedEarnings": 10723199000, "treasuryStock": 259909000, "capitalSurplus": 850335000, "otherStockholderEquity": 259909000, "totalStockholderEquity": 11958840000, "netTangibleAssets": 11958840000}, {"maxAge": 1, "endDate": "2018-03-31", "cash": 31532000, "netReceivables": 811409000, "inventory": 5349418000, "otherCurrentAssets": 419305000, "totalCurrentAssets": 6683074000, "longTermInvestments": 13803000, "propertyPlantEquipment": 10861747000, "otherAssets": 303699000, "totalAssets": 17862323000, "accountsPayable": 794461000, "shortLongTermDebt": 668190000, "otherCurrentLiab": 492546000, "longTermDebt": 2657591000, "otherLiab": 88596000, "totalCurrentLiabilities": 3760464000, "totalLiab": 6506651000, "commonStock": 125397000, "retainedEarnings": 10114987000, "treasuryStock": 264953000, "capitalSurplus": 850335000, "otherStockholderEquity": 264953000, "totalStockholderEquity": 11355672000, "netTangibleAssets": 11355672000}, {"maxAge": 1, "endDate": "2017-03-31", "cash": 91826000, "netReceivables": 1440005000, "inventory": 9392450000, "otherCurrentAssets": 184409000, "totalCurrentAssets": 11185061000, "longTermInvestments": 15765000, "propertyPlantEquipment": 11372857000, "otherAssets": 1445507000, "totalAssets": 24019190000, "accountsPayable": 578763000, "shortLongTermDebt": 1338524000, "otherCurrentLiab": 458862000, "longTermDebt": 4443635000, "otherLiab": 1096854000, "totalCurrentLiabilities": 7807926000, "totalLiab": 13348415000, "commonStock": 125397000, "retainedEarnings": 9430905000, "treasuryStock": 264138000, "capitalSurplus": 850335000, "otherStockholderEquity": 264138000, "totalStockholderEquity": 10670775000, "netTangibleAssets": 10670775000}], "maxAge": 86400}, "earningsTrend": {"trend": [{"maxAge": 1, "period": "0q", "endDate": null, "growth": {}, "earningsEstimate": {"avg": 0.0, "low": 0.0, "high": 0.0, "yearAgoEps": {}, "numberOfAnalysts": 0, "growth": {}}, "revenueEstimate": {"avg": 0, "low": 0, "high": 0, "numberOfAnalysts": 0, "yearAgoRevenue": {}, "growth": {}}, "epsTrend": {"current": 0.0, "7daysAgo": 0.0, "30daysAgo": 0.0, "60daysAgo": 0.0, "90daysAgo": 0.0}, "epsRevisions": {"upLast7days": 0, "upLast30days": 0, "downLast30days": 0, "downLast90days": {}}}, {"maxAge": 1, "period": "+1q", "endDate": null, "growth": {}, "earningsEstimate": {"avg": 0.0, "low": 0.0, "high": 0.0, "yearAgoEps": {}, "numberOfAnalysts": 0, "growth": {}}, "revenueEstimate": {"avg": 0, "low": 0, "high": 0, "numberOfAnalysts": 0, "yearAgoRevenue": {}, "growth": {}}, "epsTrend": {"current": 0.0, "7daysAgo": 0.0, "30daysAgo": 0.0, "60daysAgo": 0.0, "90daysAgo": 0.0}, "epsRevisions": {"upLast7days": 0, "upLast30days": 0, "downLast30days": 0, "downLast90days": {}}}, {"maxAge": 1, "period": "0y", "endDate": null, "growth": {}, "earningsEstimate": {"avg": 0.0, "low": 0.0, "high": 0.0, "yearAgoEps": {}, "numberOfAnalysts": 0, "growth": {}}, "revenueEstimate": {"avg": 0, "low": 0, "high": 0, "numberOfAnalysts": 0, "yearAgoRevenue": {}, "growth": {}}, "epsTrend": {"current": 0.0, "7daysAgo": 0.0, "30daysAgo": 0.0, "60daysAgo": 0.0, "90daysAgo": 0.0}, "epsRevisions": {"upLast7days": 0, "upLast30days": 0, "downLast30days": 0, "downLast90days": {}}}, {"maxAge": 1, "period": "+1y", "endDate": null, "growth": {}, "earningsEstimate": {"avg": 0.0, "low": 0.0, "high": 0.0, "yearAgoEps": {}, "numberOfAnalysts": 0, "growth": {}}, "revenueEstimate": {"avg": 0, "low": 0, "high": 0, "numberOfAnalysts": 0, "yearAgoRevenue": {}, "growth": {}}, "epsTrend": {"current": 0.0, "7daysAgo": 0.0, "30daysAgo": 0.0, "60daysAgo": 0.0, "90daysAgo": 0.0}, "epsRevisions": {"upLast7days": 0, "upLast30days": 0, "downLast30days": 0, "downLast90days": {}}}, {"maxAge": 1, "period": "+5y", "endDate": null, "growth": {}, "earningsEstimate": {"avg": {}, "low": {}, "high": {}, "yearAgoEps": {}, "numberOfAnalysts": {}, "growth": {}}, "revenueEstimate": {"avg": {}, "low": {}, "high": {}, "numberOfAnalysts": {}, "yearAgoRevenue": {}, "growth": {}}, "epsTrend": {"current": {}, "7daysAgo": {}, "30daysAgo": {}, "60daysAgo": {}, "90daysAgo": {}}, "epsRevisions": {"upLast7days": {}, "upLast30days": {}, "downLast30days": {}, "downLast90days": {}}}, {"maxAge": 1, "period": "-5y", "endDate": null, "growth": {}, "earningsEstimate": {"avg": {}, "low": {}, "high": {}, "yearAgoEps": {}, "numberOfAnalysts": {}, "growth": {}}, "revenueEstimate": {"avg": {}, "low": {}, "high": {}, "numberOfAnalysts": {}, "yearAgoRevenue": {}, "growth": {}}, "epsTrend": {"current": {}, "7daysAgo": {}, "30daysAgo": {}, "60daysAgo": {}, "90daysAgo": {}}, "epsRevisions": {"upLast7days": {}, "upLast30days": {}, "downLast30days": {}, "downLast90days": {}}}], "maxAge": 1}, "financialData": {"maxAge": 86400, "currentPrice": 1752.5, "targetHighPrice": 1390.0, "targetLowPrice": 1390.0, "targetMeanPrice": 1390.0, "targetMedianPrice": 1390.0, "recommendationKey": "none", "numberOfAnalystOpinions": 1, "grossProfits": 4802967000, "financialCurrency": "INR"}}}