{"BANASFN.BO": {"cashflowStatementHistory": {"cashflowStatements": [{"maxAge": 1, "endDate": "2020-03-31", "netIncome": 17723604, "depreciation": 21540, "changeToNetincome": 20633014, "changeToLiabilities": -3030866, "changeToOperatingActivities": 23735400, "totalCashFromOperatingActivities": 59082692, "capitalExpenditures": -26785, "investments": -36565894, "otherCashflowsFromInvestingActivities": 1601335, "totalCashflowsFromInvestingActivities": -34991344, "netBorrowings": 9480678, "otherCashflowsFromFinancingActivities": -5102814, "totalCashFromFinancingActivities": 4377864, "changeInCash": 28469213}, {"maxAge": 1, "endDate": "2019-03-31", "netIncome": -54739777, "depreciation": 37234, "changeToNetincome": 100258468, "changeToLiabilities": 3343929, "changeToOperatingActivities": -7214286, "totalCashFromOperatingActivities": 41685568, "capitalExpenditures": -26785, "investments": -7744953, "otherCashflowsFromInvestingActivities": 482285, "totalCashflowsFromInvestingActivities": -7262668, "netBorrowings": -2190000, "otherCashflowsFromFinancingActivities": -1439754, "totalCashFromFinancingActivities": -3629754, "changeInCash": 30793146}, {"maxAge": 1, "endDate": "2018-03-31", "netIncome": 1187894, "depreciation": 37234, "changeToNetincome": 20451911, "changeToLiabilities": -23736, "changeToOperatingActivities": 15589585, "totalCashFromOperatingActivities": 37205654, "capitalExpenditures": -26785, "investments": -15545465, "otherCashflowsFromInvestingActivities": 705985, "totalCashflowsFromInvestingActivities": -14839480, "netBorrowings": -20292434, "otherCashflowsFromFinancingActivities": -50624, "totalCashFromFinancingActivities": -20343058, "changeInCash": 2023117}, {"maxAge": 1, "endDate": "2017-03-31", "netIncome": -51379546, "depreciation": 37234, "changeToNetincome": 18220999, "changeToLiabilities": 0, "changeToInventory": 69003879, "changeToOperatingActivities": -17258755, "totalCashFromOperatingActivities": 18586577, "capitalExpenditures": -26785, "investments": -15545465, "otherCashflowsFromInvestingActivities": 705985, "totalCashflowsFromInvestingActivities": -14839480, "netBorrowings": -20292434, "otherCashflowsFromFinancingActivities": -18253235, "totalCashFromFinancingActivities": -18253235, "changeInCash": 333342}], "maxAge": 86400}, "institutionOwnership": {"maxAge": 1, "ownershipList": []}, "balanceSheetHistoryQuarterly": {"balanceSheetStatements": [{"maxAge": 1, "endDate": "2020-06-30", "totalStockholderEquity": 812017555, "netTangibleAssets": 812017555}, {"maxAge": 1, "endDate": "2020-03-31", "cash": 74834378, "netReceivables": 579664718, "inventory": 790215, "otherCurrentAssets": 1088767, "totalCurrentAssets": 689089605, "longTermInvestments": 206422721, "propertyPlantEquipment": 296051, "otherAssets": 25252722, "deferredLongTermAssetCharges": 4763658, "totalAssets": 921061099, "accountsPayable": 744038, "otherLiab": 1428695, "totalCurrentLiabilities": 107614849, "totalLiab": 109043544, "commonStock": 113760000, "retainedEarnings": -199081780, "treasuryStock": 373207035, "capitalSurplus": 524132300, "otherStockholderEquity": 373207035, "totalStockholderEquity": 812017555, "netTangibleAssets": 812017555}, {"maxAge": 1, "endDate": "2019-12-31", "totalStockholderEquity": 324103000, "netTangibleAssets": 324103000}, {"maxAge": 1, "endDate": "2019-09-30", "cash": 4579000, "netReceivables": 353151000, "inventory": 31892000, "otherCurrentAssets": 6422000, "totalCurrentAssets": 396044000, "longTermInvestments": 38641000, "propertyPlantEquipment": 212000, "totalAssets": 434897000, "accountsPayable": 336000, "otherCurrentLiab": 30709000, "totalCurrentLiabilities": 110794000, "totalLiab": 110794000, "commonStock": 113760000, "treasuryStock": 210343000, "otherStockholderEquity": 210343000, "totalStockholderEquity": 324103000, "netTangibleAssets": 324103000}], "maxAge": 86400}, "indexTrend": {"maxAge": 1, "symbol": "SP5", "peRatio": 19.7411, "pegRatio": 1.34172, "estimates": [{"period": "0q", "growth": 0.549}, {"period": "+1q", "growth": 0.431}, {"period": "0y", "growth": 0.305}, {"period": "+1y", "growth": 0.109}, {"period": "+5y", "growth": 0.120859005}, {"period": "-5y"}]}, "insiderTransactions": {"transactions": [{"maxAge": 1, "shares": 497122, "filerUrl": "", "transactionText": "", "filerName": "Handful Investrade Pvt Ltd", "filerRelation": "Promoter", "moneyText": "", "startDate": "2020-06-10", "ownership": "D"}], "maxAge": 1}, "quoteType": {"exchange": "BSE", "quoteType": "EQUITY", "symbol": "BANASFN.BO", "underlyingSymbol": "BANASFN.BO", "shortName": "BANAS FINANCE LTD.", "longName": "Banas Finance Limited", "firstTradeDateEpochUtc": "2010-11-03 09:15:00", "timeZoneFullName": "Asia/Kolkata", "timeZoneShortName": "IST", "uuid": "1bfd4969-0e2e-37ef-a1cc-01a4544f4dc3", "messageBoardId": null, "gmtOffSetMilliseconds": 19800000, "maxAge": 1}, "incomeStatementHistory": {"incomeStatementHistory": [{"maxAge": 1, "endDate": "2020-03-31", "totalRevenue": 84273463, "costOfRevenue": 13037892, "grossProfit": 71235571, "researchDevelopment": {}, "sellingGeneralAdministrative": 4502621, "nonRecurring": {}, "otherOperatingExpenses": 8197479, "totalOperatingExpenses": 25759532, "operatingIncome": 58513931, "totalOtherIncomeExpenseNet": -37121189, "ebit": 0, "interestExpense": {}, "incomeBeforeTax": 21392742, "incomeTaxExpense": 3669138, "minorityInterest": {}, "netIncomeFromContinuingOps": 17723604, "discontinuedOperations": {}, "extraordinaryItems": {}, "effectOfAccountingCharges": {}, "otherItems": {}, "netIncome": 17723604, "netIncomeApplicableToCommonShares": 17723604}, {"maxAge": 1, "endDate": "2019-03-31", "totalRevenue": 131321342, "costOfRevenue": 78336153, "grossProfit": 52985189, "researchDevelopment": {}, "sellingGeneralAdministrative": 6636998, "nonRecurring": {}, "otherOperatingExpenses": 79629406, "totalOperatingExpenses": 164639791, "operatingIncome": -33318449, "totalOtherIncomeExpenseNet": -39139006, "ebit": 0, "interestExpense": {}, "incomeBeforeTax": -72457455, "incomeTaxExpense": -17717678, "minorityInterest": {}, "netIncomeFromContinuingOps": -54739777, "discontinuedOperations": {}, "extraordinaryItems": {}, "effectOfAccountingCharges": {}, "otherItems": {}, "netIncome": -54739777, "netIncomeApplicableToCommonShares": -54739777}, {"maxAge": 1, "endDate": "2018-03-31", "totalRevenue": 42662178, "costOfRevenue": 19223100, "grossProfit": 23439078, "researchDevelopment": {}, "sellingGeneralAdministrative": 1116659, "nonRecurring": {}, "otherOperatingExpenses": 1264201, "totalOperatingExpenses": 21603960, "operatingIncome": 21058218, "totalOtherIncomeExpenseNet": -19666664, "ebit": 0, "interestExpense": {}, "incomeBeforeTax": 1391554, "incomeTaxExpense": 203660, "minorityInterest": {}, "netIncomeFromContinuingOps": 1187894, "discontinuedOperations": {}, "extraordinaryItems": {}, "effectOfAccountingCharges": {}, "otherItems": {}, "netIncome": 1187894, "netIncomeApplicableToCommonShares": 1187894}, {"maxAge": 1, "endDate": "2017-03-31", "totalRevenue": 77287450, "costOfRevenue": 114097695, "grossProfit": -36810245, "researchDevelopment": {}, "sellingGeneralAdministrative": 1551029, "nonRecurring": {}, "otherOperatingExpenses": 13024654, "totalOperatingExpenses": 128673378, "operatingIncome": -51385928, "totalOtherIncomeExpenseNet": -1, "ebit": 0, "interestExpense": {}, "incomeBeforeTax": -51385929, "incomeTaxExpense": -6383, "minorityInterest": {}, "netIncomeFromContinuingOps": -51379546, "discontinuedOperations": {}, "extraordinaryItems": {}, "effectOfAccountingCharges": {}, "otherItems": {}, "netIncome": -51379546, "netIncomeApplicableToCommonShares": -51379546}], "maxAge": 86400}, "fundOwnership": {"maxAge": 1, "ownershipList": []}, "summaryDetail": {"maxAge": 1, "priceHint": 2, "previousClose": 5.23, "open": 5.23, "dayLow": 5.13, "dayHigh": 5.33, "regularMarketPreviousClose": 5.23, "regularMarketOpen": 5.23, "regularMarketDayLow": 5.13, "regularMarketDayHigh": 5.33, "trailingPE": 6.353523, "volume": 3220, "regularMarketVolume": 3220, "averageVolume": 1705, "averageVolume10days": 2241, "averageDailyVolume10Day": 2241, "bid": 5.33, "ask": 0.0, "bidSize": 0, "askSize": 0, "marketCap": 58472640, "fiftyTwoWeekLow": 0.57, "fiftyTwoWeekHigh": 6.16, "fiftyDayAverage": 4.6954284, "twoHundredDayAverage": 4.237007, "currency": "INR", "fromCurrency": null, "toCurrency": null, "lastMarket": null, "algorithm": null, "tradeable": false}, "incomeStatementHistoryQuarterly": {"incomeStatementHistory": [{"maxAge": 1, "endDate": "2020-06-30", "totalRevenue": 37618000, "costOfRevenue": 558000, "grossProfit": 37060000, "researchDevelopment": {}, "sellingGeneralAdministrative": 287000, "nonRecurring": {}, "otherOperatingExpenses": 1571000, "totalOperatingExpenses": 2418000, "operatingIncome": 35200000, "totalOtherIncomeExpenseNet": -40809000, "ebit": 0, "interestExpense": {}, "incomeBeforeTax": -5609000, "incomeTaxExpense": 0, "minorityInterest": {}, "netIncomeFromContinuingOps": -5609000, "discontinuedOperations": {}, "extraordinaryItems": {}, "effectOfAccountingCharges": {}, "otherItems": {}, "netIncome": -5609000, "netIncomeApplicableToCommonShares": -5609000}, {"maxAge": 1, "endDate": "2020-03-31", "totalRevenue": 50574463, "costOfRevenue": 691892, "grossProfit": 49882571, "researchDevelopment": {}, "sellingGeneralAdministrative": 2784621, "nonRecurring": {}, "otherOperatingExpenses": 7173479, "totalOperatingExpenses": 10662532, "operatingIncome": 39911931, "totalOtherIncomeExpenseNet": -25891189, "ebit": 0, "interestExpense": {}, "incomeBeforeTax": 14020742, "incomeTaxExpense": 3669138, "minorityInterest": {}, "netIncomeFromContinuingOps": 10351604, "discontinuedOperations": {}, "extraordinaryItems": {}, "effectOfAccountingCharges": {}, "otherItems": {}, "netIncome": 10351604, "netIncomeApplicableToCommonShares": 10351604}, {"maxAge": 1, "endDate": "2019-12-31", "totalRevenue": 11116000, "costOfRevenue": 433000, "grossProfit": 10683000, "researchDevelopment": {}, "sellingGeneralAdministrative": 603000, "nonRecurring": {}, "otherOperatingExpenses": 157000, "totalOperatingExpenses": 1196000, "operatingIncome": 9920000, "totalOtherIncomeExpenseNet": -4661000, "ebit": 0, "interestExpense": {}, "incomeBeforeTax": 5259000, "incomeTaxExpense": 0, "minorityInterest": {}, "netIncomeFromContinuingOps": 5259000, "discontinuedOperations": {}, "extraordinaryItems": {}, "effectOfAccountingCharges": {}, "otherItems": {}, "netIncome": 5259000, "netIncomeApplicableToCommonShares": 5259000}, {"maxAge": 1, "endDate": "2019-09-30", "totalRevenue": 11983000, "costOfRevenue": 587000, "grossProfit": 11396000, "researchDevelopment": {}, "sellingGeneralAdministrative": 565000, "nonRecurring": {}, "otherOperatingExpenses": 3546000, "totalOperatingExpenses": 4701000, "operatingIncome": 7282000, "totalOtherIncomeExpenseNet": -1134000, "ebit": 0, "interestExpense": {}, "incomeBeforeTax": 6148000, "incomeTaxExpense": -1134000, "minorityInterest": {}, "netIncomeFromContinuingOps": 7282000, "discontinuedOperations": {}, "extraordinaryItems": {}, "effectOfAccountingCharges": {}, "otherItems": {}, "netIncome": 7282000, "netIncomeApplicableToCommonShares": 7282000}], "maxAge": 86400}, "cashflowStatementHistoryQuarterly": {"cashflowStatements": [{"maxAge": 1, "endDate": "2020-06-30", "netIncome": -5609000, "changeToLiabilities": 0}, {"maxAge": 1, "endDate": "2020-03-31", "netIncome": 10351604, "changeToLiabilities": 0}, {"maxAge": 1, "endDate": "2019-12-31", "netIncome": 5259000, "changeToLiabilities": 0}, {"maxAge": 1, "endDate": "2019-09-30", "netIncome": 7282000, "changeToLiabilities": 0}], "maxAge": 86400}, "insiderHolders": {"holders": [{"maxAge": 1, "name": "Handful Investrade Pvt Ltd", "relation": "Promoter", "url": "", "transactionDescription": "Acquisition", "latestTransDate": "2020-06-10", "positionDirect": 1947122, "positionDirectDate": "2020-06-10"}], "maxAge": 1}, "calendarEvents": {"maxAge": 1, "earnings": {"earningsDate": []}}, "price": {"maxAge": 1, "regularMarketChangePercent": -0.017208442, "regularMarketChange": -0.09000015, "regularMarketTime": "2021-04-30 15:13:18", "priceHint": 2, "regularMarketPrice": 5.14, "regularMarketDayHigh": 5.33, "regularMarketDayLow": 5.13, "regularMarketVolume": 3220, "averageDailyVolume10Day": 2241, "averageDailyVolume3Month": 1705, "regularMarketPreviousClose": 5.23, "regularMarketSource": "FREE_REALTIME", "regularMarketOpen": 5.23, "exchange": "BSE", "exchangeName": "BSE", "exchangeDataDelayedBy": 0, "marketState": "CLOSED", "quoteType": "EQUITY", "symbol": "BANASFN.BO", "underlyingSymbol": null, "shortName": "BANAS FINANCE LTD.", "longName": "Banas Finance Limited", "currency": "INR", "quoteSourceName": "Delayed Quote", "currencySymbol": "\u20b9", "fromCurrency": null, "toCurrency": null, "lastMarket": null, "marketCap": 58472640}, "balanceSheetHistory": {"balanceSheetStatements": [{"maxAge": 1, "endDate": "2020-03-31", "cash": 74834378, "netReceivables": 579664718, "inventory": 790215, "otherCurrentAssets": 1088767, "totalCurrentAssets": 689089605, "longTermInvestments": 206422721, "propertyPlantEquipment": 296051, "otherAssets": 25252722, "deferredLongTermAssetCharges": 4763658, "totalAssets": 921061099, "accountsPayable": 744038, "otherLiab": 1428695, "totalCurrentLiabilities": 107614849, "totalLiab": 109043544, "commonStock": 113760000, "retainedEarnings": -199081780, "treasuryStock": 373207035, "capitalSurplus": 524132300, "otherStockholderEquity": 373207035, "totalStockholderEquity": 812017555, "netTangibleAssets": 812017555}, {"maxAge": 1, "endDate": "2019-03-31", "cash": 46365164, "netReceivables": 639347806, "inventory": 1894161, "otherCurrentAssets": 1000000, "totalCurrentAssets": 718481937, "longTermInvestments": 152779453, "propertyPlantEquipment": 290806, "otherAssets": 27135718, "deferredLongTermAssetCharges": 9576423, "totalAssets": 898687914, "accountsPayable": 3798858, "otherLiab": 2749323, "totalCurrentLiabilities": 101125960, "totalLiab": 103875283, "commonStock": 113760000, "retainedEarnings": -216286707, "treasuryStock": 373207038, "capitalSurplus": 524132300, "otherStockholderEquity": 373207038, "totalStockholderEquity": 794812631, "netTangibleAssets": 794812631}, {"maxAge": 1, "endDate": "2018-03-31", "cash": 12029004, "netReceivables": 314175157, "totalCurrentAssets": 361813247, "longTermInvestments": 15545465, "propertyPlantEquipment": 190160, "otherAssets": 8713597, "deferredLongTermAssetCharges": 139251, "totalAssets": 386262469, "accountsPayable": 117814, "otherLiab": 39235462, "totalCurrentLiabilities": 48687853, "totalLiab": 87923315, "commonStock": 113760000, "retainedEarnings": -102580846, "capitalSurplus": 287160000, "totalStockholderEquity": 298339154, "netTangibleAssets": 298339154}, {"maxAge": 1, "endDate": "2017-03-31", "cash": 9500421, "netReceivables": 347052248, "inventory": 36593409, "otherCurrentAssets": 11156204, "totalCurrentAssets": 404302282, "propertyPlantEquipment": 230920, "otherAssets": 136580, "deferredLongTermAssetCharges": 136580, "totalAssets": 404669782, "otherCurrentLiab": 38650471, "otherLiab": 1, "totalCurrentLiabilities": 107518521, "totalLiab": 107518522, "commonStock": 113760000, "retainedEarnings": -103768740, "capitalSurplus": 287160000, "totalStockholderEquity": 297151260, "netTangibleAssets": 297151260}], "maxAge": 86400}, "financialData": {"maxAge": 86400, "currentPrice": 5.14, "recommendationKey": "none", "grossProfits": 71235571, "financialCurrency": "INR"}}}