{"BANARISUG.NS": {"assetProfile": {"address1": "1212, Trichy Road", "city": "Coimbatore", "zip": "641018", "country": "India", "phone": "91 42 2220 4100", "fax": "91 42 2230 9999", "website": "http://www.bannari.com", "industry": "Confectioners", "sector": "Consumer Defensive", "longBusinessSummary": "Bannari Amman Sugars Limited primarily produces and sells sugar in India. It operates through Sugar, Power, Distillery, and Granite Products segments. The company manufactures and sells cane crush; industrial alcohol and extra neutral spirits; and granite blocks, and polished granite slabs and tiles. It also generates power through co-generation power plants and wind mills. The company was incorporated in 1983 and is based in Coimbatore, India.", "fullTimeEmployees": 1846, "companyOfficers": [{"maxAge": 1, "name": "Dr. S. V. Balasubramaniam", "age": 80, "title": "Exec. Chairman", "yearBorn": 1940, "fiscalYear": 2020, "totalPay": 40638000, "exercisedValue": 0, "unexercisedValue": 0}, {"maxAge": 1, "name": "Mr. B.  Saravanan B.Com., BCom", "age": 47, "title": "MD & Exec. Director", "yearBorn": 1973, "fiscalYear": 2020, "totalPay": 28356000, "exercisedValue": 0, "unexercisedValue": 0}, {"maxAge": 1, "name": "Mr. M.  Ramprabhu B.Com., F.C.A.", "age": 38, "title": "Chief Financial Officer", "yearBorn": 1982, "fiscalYear": 2020, "totalPay": 2146000, "exercisedValue": 0, "unexercisedValue": 0}, {"maxAge": 1, "name": "Mr. C.  Palaniswamy", "age": 57, "title": "Company Sec. & Compliance Officer", "yearBorn": 1963, "fiscalYear": 2020, "totalPay": 3917000, "exercisedValue": 0, "unexercisedValue": 0}, {"maxAge": 1, "name": "Mr. A. R. Palanisamy B.E.", "age": 46, "title": "Exec. Pres", "yearBorn": 1974, "fiscalYear": 2018, "exercisedValue": 0, "unexercisedValue": 0}, {"maxAge": 1, "name": "Mr. M.  Rameshkumar M.B.A.", "age": 50, "title": "Chief Exec.", "yearBorn": 1970, "fiscalYear": 2018, "exercisedValue": 0, "unexercisedValue": 0}, {"maxAge": 1, "name": "S.  Venkateshmurthy B.A.", "age": 57, "title": "Pres of Karnataka Operations", "yearBorn": 1963, "fiscalYear": 2018, "exercisedValue": 0, "unexercisedValue": 0}, {"maxAge": 1, "name": "T.  Lingeswaran", "age": 59, "title": "Pres of Distillery Unit", "yearBorn": 1961, "fiscalYear": 2018, "exercisedValue": 0, "unexercisedValue": 0}, {"maxAge": 1, "name": "G.  Saravanan B.Sc.", "age": 52, "title": "Sr. VP", "yearBorn": 1968, "fiscalYear": 2018, "exercisedValue": 0, "unexercisedValue": 0}, {"maxAge": 1, "name": "V.  Sugumar B.Sc.", "age": 56, "title": "Assistant VP of Purchase", "yearBorn": 1964, "fiscalYear": 2018, "exercisedValue": 0, "unexercisedValue": 0}], "compensationAsOfEpochDate": "2020-12-31 05:30:00", "maxAge": 86400}, "cashflowStatementHistory": {"cashflowStatements": [{"maxAge": 1, "endDate": "2020-03-31", "netIncome": 956358000, "depreciation": 649404000, "changeToNetincome": 548424000, "changeToAccountReceivables": -602089000, "changeToLiabilities": -863287000, "changeToInventory": -258567000, "changeToOperatingActivities": -1002603000, "totalCashFromOperatingActivities": -572360000, "capitalExpenditures": -1069987000, "otherCashflowsFromInvestingActivities": 8291000, "totalCashflowsFromInvestingActivities": -1059979000, "dividendsPaid": -125397000, "netBorrowings": 2263991000, "otherCashflowsFromFinancingActivities": -463829000, "totalCashFromFinancingActivities": 1674765000, "changeInCash": 42426000}, {"maxAge": 1, "endDate": "2019-03-31", "netIncome": 759385000, "depreciation": 667749000, "changeToNetincome": 250223000, "changeToAccountReceivables": -617103000, "changeToLiabilities": 937438000, "changeToInventory": -3993437000, "changeToOperatingActivities": 75857000, "totalCashFromOperatingActivities": -1919888000, "capitalExpenditures": -343089000, "otherCashflowsFromInvestingActivities": 34164000, "totalCashflowsFromInvestingActivities": -270846000, "dividendsPaid": -125397000, "netBorrowings": 2610000000, "otherCashflowsFromFinancingActivities": -300611000, "totalCashFromFinancingActivities": 2193992000, "changeInCash": 3259000, "issuanceOfStock": 10000000}, {"maxAge": 1, "endDate": "2018-03-31", "netIncome": 872738000, "depreciation": 696050000, "changeToNetincome": 353224000, "changeToAccountReceivables": 487665000, "changeToLiabilities": 0, "changeToInventory": 4043032000, "changeToOperatingActivities": -568723000, "totalCashFromOperatingActivities": 5883986000, "capitalExpenditures": -196629000, "investments": -28000, "otherCashflowsFromInvestingActivities": 30794000, "totalCashflowsFromInvestingActivities": -157010000, "dividendsPaid": -156746000, "netBorrowings": -5270816000, "otherCashflowsFromFinancingActivities": -359708000, "totalCashFromFinancingActivities": -5787270000, "changeInCash": -60294000, "issuanceOfStock": 10000000}, {"maxAge": 1, "endDate": "2017-03-31", "netIncome": 1451655000, "depreciation": 694521000, "changeToNetincome": 954472000, "changeToAccountReceivables": 163575000, "changeToLiabilities": 0, "changeToInventory": 3375093000, "changeToOperatingActivities": -192790000, "totalCashFromOperatingActivities": 6446526000, "capitalExpenditures": -545448000, "investments": -28000, "otherCashflowsFromInvestingActivities": 8666000, "totalCashflowsFromInvestingActivities": -523532000, "dividendsPaid": -85798000, "netBorrowings": -4960419000, "otherCashflowsFromFinancingActivities": -989603000, "totalCashFromFinancingActivities": -6035820000, "changeInCash": -112826000, "issuanceOfStock": 10000000}], "maxAge": 86400}, "institutionOwnership": {"maxAge": 1, "ownershipList": []}, "majorHoldersBreakdown": {"maxAge": 1, "insidersPercentHeld": 0.76889, "institutionsPercentHeld": 0.0177, "institutionsFloatPercentHeld": 0.076570004, "institutionsCount": 5}, "balanceSheetHistoryQuarterly": {"balanceSheetStatements": [{"maxAge": 1, "endDate": "2020-12-31", "totalStockholderEquity": 13008056000, "netTangibleAssets": 13008056000}, {"maxAge": 1, "endDate": "2020-09-30", "cash": 34882000, "shortTermInvestments": 1343326000, "netReceivables": 1635772000, "inventory": 8397641000, "otherCurrentAssets": 478174000, "totalCurrentAssets": 11889795000, "longTermInvestments": 7396000, "propertyPlantEquipment": 10930349000, "otherAssets": 303750000, "totalAssets": 23131290000, "accountsPayable": 940785000, "shortLongTermDebt": 264367000, "otherCurrentLiab": 619065000, "longTermDebt": 2194777000, "otherLiab": 201599000, "totalCurrentLiabilities": 7669424000, "totalLiab": 10123234000, "commonStock": 125397000, "treasuryStock": 12882659000, "otherStockholderEquity": 12882659000, "totalStockholderEquity": 13008056000, "netTangibleAssets": 13008056000}, {"maxAge": 1, "endDate": "2020-06-30", "totalStockholderEquity": 12749349000, "netTangibleAssets": 12749349000}, {"maxAge": 1, "endDate": "2020-03-31", "cash": 77217000, "netReceivables": 2930792000, "inventory": 9601422000, "otherCurrentAssets": 367916000, "totalCurrentAssets": 13017591000, "longTermInvestments": 6562000, "propertyPlantEquipment": 10943103000, "otherAssets": 376652000, "totalAssets": 24343908000, "accountsPayable": 616319000, "shortLongTermDebt": 245306000, "otherCurrentLiab": 742485000, "longTermDebt": 2485854000, "otherLiab": 214035000, "totalCurrentLiabilities": 8888112000, "totalLiab": 11594559000, "commonStock": 125397000, "retainedEarnings": 11528384000, "treasuryStock": 245233000, "capitalSurplus": 850335000, "otherStockholderEquity": 245233000, "totalStockholderEquity": 12749349000, "netTangibleAssets": 12749349000}], "maxAge": 86400}, "indexTrend": {"maxAge": 1, "symbol": "SP5", "peRatio": 19.7411, "pegRatio": 1.34172, "estimates": [{"period": "0q", "growth": 0.549}, {"period": "+1q", "growth": 0.431}, {"period": "0y", "growth": 0.305}, {"period": "+1y", "growth": 0.109}, {"period": "+5y", "growth": 0.120865}, {"period": "-5y"}]}, "defaultKeyStatistics": {"maxAge": 1, "priceHint": 2, "enterpriseValue": 27787900928, "profitMargins": 0.06093, "floatShares": 2041589, "sharesOutstanding": 12539700, "heldPercentInsiders": 0.76889, "heldPercentInstitutions": 0.0177, "beta": 0.668798, "category": null, "bookValue": 1037.35, "priceToBook": 1.6886296, "fundFamily": null, "legalType": null, "lastFiscalYearEnd": "2020-03-31 05:30:00", "nextFiscalYearEnd": "2022-03-31 05:30:00", "mostRecentQuarter": "2020-12-31 05:30:00", "earningsQuarterlyGrowth": -0.115, "netIncomeToCommon": 1016158016, "trailingEps": 81.037, "lastSplitFactor": null, "enterpriseToRevenue": 1.666, "enterpriseToEbitda": 12.106, "52WeekChange": 1.0328422, "SandP52WeekChange": 0.48148263, "lastDividendValue": 10.0, "lastDividendDate": 1598313600}, "summaryProfile": {"address1": "1212, Trichy Road", "city": "Coimbatore", "zip": "641018", "country": "India", "phone": "91 42 2220 4100", "fax": "91 42 2230 9999", "website": "http://www.bannari.com", "industry": "Confectioners", "sector": "Consumer Defensive", "longBusinessSummary": "Bannari Amman Sugars Limited primarily produces and sells sugar in India. It operates through Sugar, Power, Distillery, and Granite Products segments. The company manufactures and sells cane crush; industrial alcohol and extra neutral spirits; and granite blocks, and polished granite slabs and tiles. It also generates power through co-generation power plants and wind mills. The company was incorporated in 1983 and is based in Coimbatore, India.", "fullTimeEmployees": 1846, "companyOfficers": [], "maxAge": 86400}, "netSharePurchaseActivity": {"maxAge": 1, "period": "6m", "buyInfoCount": 0, "buyInfoShares": 0, "sellInfoCount": 0, "netInfoCount": 0, "netInfoShares": 0, "netPercentInsiderShares": 0.0, "totalInsiderShares": 9641650}, "insiderTransactions": {"transactions": [{"maxAge": 1, "shares": 255732, "value": 25, "filerUrl": "", "transactionText": "Sale at price 0.00 per share.", "filerName": "Annamallai Enterprise Pvt Ltd", "filerRelation": "Promoter", "moneyText": "", "startDate": "2020-09-23", "ownership": "D"}, {"maxAge": 1, "shares": 106500, "value": 10, "filerUrl": "", "transactionText": "Sale at price 0.00 per share.", "filerName": "Shiva Cargo Movers Ltd", "filerRelation": "Promoter", "moneyText": "", "startDate": "2020-09-23", "ownership": "D"}, {"maxAge": 1, "shares": 87193, "value": 8, "filerUrl": "", "transactionText": "Sale at price 0.00 per share.", "filerName": "SVB Holdings Pvt Ltd", "filerRelation": "Promoter", "moneyText": "", "startDate": "2020-09-23", "ownership": "D"}, {"maxAge": 1, "shares": 9703, "value": 16, "filerUrl": "", "transactionText": "Sale at price 0.00 per share.", "filerName": "SVB Holdings Pvt Ltd", "filerRelation": "Promoter", "moneyText": "", "startDate": "2020-09-23", "ownership": "D"}, {"maxAge": 1, "shares": 469828, "filerUrl": "", "transactionText": "Acquisition at price 0.00 per share.", "filerName": "SVB Holdings Pvt Ltd", "filerRelation": "Promoter", "moneyText": "", "startDate": "2020-09-23", "ownership": "D"}, {"maxAge": 1, "shares": 10700, "value": 17, "filerUrl": "", "transactionText": "Sale at price 0.00 per share.", "filerName": "SVB Holdings Pvt Ltd", "filerRelation": "Promoter", "moneyText": "", "startDate": "2020-09-23", "ownership": "D"}, {"maxAge": 1, "shares": 116038, "filerUrl": "", "transactionText": "", "filerName": "Balasubramaniam (S V)", "filerRelation": "Chairman of the Board", "moneyText": "", "startDate": "2011-03-23", "ownership": "D"}], "maxAge": 1}, "quoteType": {"exchange": "NSI", "quoteType": "EQUITY", "symbol": "BANARISUG.NS", "underlyingSymbol": "BANARISUG.NS", "shortName": "BANNARI AMMAN SUG", "longName": "Bannari Amman Sugars Limited", "firstTradeDateEpochUtc": "2002-07-01 09:15:00", "timeZoneFullName": "Asia/Kolkata", "timeZoneShortName": "IST", "uuid": "bcba13e5-611d-3156-b759-c3e4f52d31c5", "messageBoardId": "finmb_882759", "gmtOffSetMilliseconds": 19800000, "maxAge": 1}, "incomeStatementHistory": {"incomeStatementHistory": [{"maxAge": 1, "endDate": "2020-03-31", "totalRevenue": 16092913000, "costOfRevenue": 11289946000, "grossProfit": 4802967000, "researchDevelopment": {}, "sellingGeneralAdministrative": 1127207000, "nonRecurring": {}, "otherOperatingExpenses": 1361179000, "totalOperatingExpenses": 14427736000, "operatingIncome": 1665177000, "totalOtherIncomeExpenseNet": -404739000, "ebit": 1665177000, "interestExpense": -445028000, "incomeBeforeTax": 1260438000, "incomeTaxExpense": 304080000, "minorityInterest": {}, "netIncomeFromContinuingOps": 956358000, "discontinuedOperations": {}, "extraordinaryItems": {}, "effectOfAccountingCharges": {}, "otherItems": {}, "netIncome": 956358000, "netIncomeApplicableToCommonShares": 956358000}, {"maxAge": 1, "endDate": "2019-03-31", "totalRevenue": 11249861000, "costOfRevenue": 7043672000, "grossProfit": 4206189000, "researchDevelopment": {}, "sellingGeneralAdministrative": 1031012000, "nonRecurring": {}, "otherOperatingExpenses": 1359660000, "totalOperatingExpenses": 10102093000, "operatingIncome": 1147768000, "totalOtherIncomeExpenseNet": -219382000, "ebit": 1147768000, "interestExpense": -300730000, "incomeBeforeTax": 928386000, "incomeTaxExpense": 169001000, "minorityInterest": {}, "netIncomeFromContinuingOps": 759385000, "discontinuedOperations": {}, "extraordinaryItems": {}, "effectOfAccountingCharges": {}, "otherItems": {}, "netIncome": 759385000, "netIncomeApplicableToCommonShares": 759385000}, {"maxAge": 1, "endDate": "2018-03-31", "totalRevenue": 14807509000, "costOfRevenue": 10915316000, "grossProfit": 3892193000, "researchDevelopment": {}, "sellingGeneralAdministrative": 978238000, "nonRecurring": {}, "otherOperatingExpenses": 808745000, "totalOperatingExpenses": 13398349000, "operatingIncome": 1409160000, "totalOtherIncomeExpenseNet": -285363000, "ebit": 1409160000, "interestExpense": -339867000, "incomeBeforeTax": 1123797000, "incomeTaxExpense": 251059000, "minorityInterest": {}, "netIncomeFromContinuingOps": 872738000, "discontinuedOperations": {}, "extraordinaryItems": {}, "effectOfAccountingCharges": {}, "otherItems": {}, "netIncome": 872738000, "netIncomeApplicableToCommonShares": 872738000}, {"maxAge": 1, "endDate": "2017-03-31", "totalRevenue": 17517870000, "costOfRevenue": 12076666000, "grossProfit": 5441204000, "researchDevelopment": {}, "sellingGeneralAdministrative": 960348000, "nonRecurring": {}, "otherOperatingExpenses": 975447000, "totalOperatingExpenses": 14706982000, "operatingIncome": 2810888000, "totalOtherIncomeExpenseNet": -942335000, "ebit": 2810888000, "interestExpense": -954062000, "incomeBeforeTax": 1868553000, "incomeTaxExpense": 416898000, "minorityInterest": {}, "netIncomeFromContinuingOps": 1451655000, "discontinuedOperations": {}, "extraordinaryItems": {}, "effectOfAccountingCharges": {}, "otherItems": {}, "netIncome": 1451655000, "netIncomeApplicableToCommonShares": 1451655000}], "maxAge": 86400}, "fundOwnership": {"maxAge": 1, "ownershipList": [{"maxAge": 1, "reportDate": "2021-01-31", "organization": "DFA Emerging Markets Small Cap Series", "pctHeld": 0.001, "position": 12765, "value": 18632432}, {"maxAge": 1, "reportDate": "2021-01-31", "organization": "DFA Emerging Markets Core Equity Portfolio", "pctHeld": 0.0001, "position": 1491, "value": 2176338}, {"maxAge": 1, "reportDate": "2021-01-31", "organization": "DFA Investment Dimensions-Emerging Markets Social Core Equity", "pctHeld": 0.0001, "position": 894, "value": 1304927}]}, "summaryDetail": {"maxAge": 1, "priceHint": 2, "previousClose": 1667.45, "open": 1667.4, "dayLow": 1647.35, "dayHigh": 1885.8, "regularMarketPreviousClose": 1667.45, "regularMarketOpen": 1667.4, "regularMarketDayLow": 1647.35, "regularMarketDayHigh": 1885.8, "dividendRate": 10.0, "dividendYield": 0.006, "exDividendDate": "2020-08-25 05:30:00", "payoutRatio": 0.1234, "beta": 0.668798, "trailingPE": 21.61605, "volume": 8745, "regularMarketVolume": 8745, "averageVolume": 2461, "averageVolume10days": 2077, "averageDailyVolume10Day": 2077, "bid": 0.0, "ask": 0.0, "bidSize": 0, "askSize": 0, "marketCap": 21709518848, "fiftyTwoWeekLow": 811.0, "fiftyTwoWeekHigh": 1999.0, "priceToSalesTrailing12Months": 1.3017538, "fiftyDayAverage": 1646.5045, "twoHundredDayAverage": 1503.0112, "trailingAnnualDividendRate": 10.0, "trailingAnnualDividendYield": 0.0059971814, "currency": "INR", "fromCurrency": null, "toCurrency": null, "lastMarket": null, "algorithm": null, "tradeable": false}, "incomeStatementHistoryQuarterly": {"incomeStatementHistory": [{"maxAge": 1, "endDate": "2020-12-31", "totalRevenue": 4532604000, "costOfRevenue": 3267251000, "grossProfit": 1265353000, "researchDevelopment": {}, "sellingGeneralAdministrative": 283301000, "nonRecurring": {}, "otherOperatingExpenses": 347804000, "totalOperatingExpenses": 4063694000, "operatingIncome": 468910000, "totalOtherIncomeExpenseNet": -54387000, "ebit": 468910000, "interestExpense": -100908000, "incomeBeforeTax": 414523000, "incomeTaxExpense": 95230000, "minorityInterest": {}, "netIncomeFromContinuingOps": 319293000, "discontinuedOperations": {}, "extraordinaryItems": {}, "effectOfAccountingCharges": {}, "otherItems": {}, "netIncome": 319293000, "netIncomeApplicableToCommonShares": 319293000}, {"maxAge": 1, "endDate": "2020-09-30", "totalRevenue": 4102281000, "costOfRevenue": 2852237000, "grossProfit": 1250044000, "researchDevelopment": {}, "sellingGeneralAdministrative": 269335000, "nonRecurring": {}, "otherOperatingExpenses": 390574000, "totalOperatingExpenses": 3678191000, "operatingIncome": 424090000, "totalOtherIncomeExpenseNet": -87991000, "ebit": 424090000, "interestExpense": -96668000, "incomeBeforeTax": 336099000, "incomeTaxExpense": 80640000, "minorityInterest": {}, "netIncomeFromContinuingOps": 255459000, "discontinuedOperations": {}, "extraordinaryItems": {}, "effectOfAccountingCharges": {}, "otherItems": {}, "netIncome": 255459000, "netIncomeApplicableToCommonShares": 255459000}, {"maxAge": 1, "endDate": "2020-06-30", "totalRevenue": 3258008000, "costOfRevenue": 2282314000, "grossProfit": 975694000, "researchDevelopment": {}, "sellingGeneralAdministrative": 275645000, "nonRecurring": {}, "otherOperatingExpenses": 272504000, "totalOperatingExpenses": 2992105000, "operatingIncome": 265903000, "totalOtherIncomeExpenseNet": -99976000, "ebit": 265903000, "interestExpense": -107515000, "incomeBeforeTax": 165927000, "incomeTaxExpense": 37800000, "minorityInterest": {}, "netIncomeFromContinuingOps": 128127000, "discontinuedOperations": {}, "extraordinaryItems": {}, "effectOfAccountingCharges": {}, "otherItems": {}, "netIncome": 128127000, "netIncomeApplicableToCommonShares": 128127000}, {"maxAge": 1, "endDate": "2020-03-31", "totalRevenue": 4784239000, "costOfRevenue": 3634988000, "grossProfit": 1149251000, "researchDevelopment": {}, "sellingGeneralAdministrative": 325963000, "nonRecurring": {}, "otherOperatingExpenses": 152418000, "totalOperatingExpenses": 4278732000, "operatingIncome": 505507000, "totalOtherIncomeExpenseNet": -85699000, "ebit": 505507000, "interestExpense": -101270000, "incomeBeforeTax": 419808000, "incomeTaxExpense": 106529000, "minorityInterest": {}, "netIncomeFromContinuingOps": 313279000, "discontinuedOperations": {}, "extraordinaryItems": {}, "effectOfAccountingCharges": {}, "otherItems": {}, "netIncome": 313279000, "netIncomeApplicableToCommonShares": 313279000}], "maxAge": 86400}, "cashflowStatementHistoryQuarterly": {"cashflowStatements": [{"maxAge": 1, "endDate": "2020-12-31", "netIncome": 319293000, "changeToLiabilities": 0}, {"maxAge": 1, "endDate": "2020-09-30", "netIncome": 255459000, "changeToLiabilities": 0}, {"maxAge": 1, "endDate": "2020-06-30", "netIncome": 128127000, "changeToLiabilities": 0}, {"maxAge": 1, "endDate": "2020-03-31", "netIncome": 313279000, "changeToLiabilities": 0}], "maxAge": 86400}, "insiderHolders": {"holders": [{"maxAge": 1, "name": "Annamallai Enterprise Pvt Ltd", "relation": "Promoter", "url": "", "transactionDescription": "Sale", "latestTransDate": "2020-09-23", "positionDirect": 0, "positionDirectDate": "2020-09-23"}, {"maxAge": 1, "name": "Balasubramaniam (S V)", "relation": "Chairman of the Board", "url": "", "transactionDescription": "Acquisition", "latestTransDate": "2011-03-23", "positionDirect": 1056232, "positionDirectDate": "2011-03-23"}, {"maxAge": 1, "name": "SVB Holdings Pvt Ltd", "relation": "Promoter", "url": "", "transactionDescription": "Sale", "latestTransDate": "2020-09-23", "positionDirect": 0, "positionDirectDate": "2020-09-23"}, {"maxAge": 1, "name": "Shiva Cargo Movers Ltd", "relation": "Promoter", "url": "", "transactionDescription": "Sale", "latestTransDate": "2020-09-23", "positionDirect": 0, "positionDirectDate": "2020-09-23"}], "maxAge": 1}, "calendarEvents": {"maxAge": 1, "earnings": {"earningsDate": []}, "exDividendDate": "2020-08-25 05:30:00"}, "price": {"maxAge": 1, "regularMarketChangePercent": 0.05052625, "regularMarketChange": 84.25, "regularMarketTime": "2021-04-30 15:29:38", "priceHint": 2, "regularMarketPrice": 1751.7, "regularMarketDayHigh": 1885.8, "regularMarketDayLow": 1647.35, "regularMarketVolume": 8745, "averageDailyVolume10Day": 2077, "averageDailyVolume3Month": 2461, "regularMarketPreviousClose": 1667.45, "regularMarketSource": "FREE_REALTIME", "regularMarketOpen": 1667.4, "exchange": "NSI", "exchangeName": "NSE", "exchangeDataDelayedBy": 15, "marketState": "CLOSED", "quoteType": "EQUITY", "symbol": "BANARISUG.NS", "underlyingSymbol": null, "shortName": "BANNARI AMMAN SUG", "longName": "Bannari Amman Sugars Limited", "currency": "INR", "quoteSourceName": "Delayed Quote", "currencySymbol": "\u20b9", "fromCurrency": null, "toCurrency": null, "lastMarket": null, "marketCap": 21709518848}, "balanceSheetHistory": {"balanceSheetStatements": [{"maxAge": 1, "endDate": "2020-03-31", "cash": 77217000, "netReceivables": 2930792000, "inventory": 9601422000, "otherCurrentAssets": 367916000, "totalCurrentAssets": 13017591000, "longTermInvestments": 6562000, "propertyPlantEquipment": 10943103000, "otherAssets": 376652000, "totalAssets": 24343908000, "accountsPayable": 616319000, "shortLongTermDebt": 245306000, "otherCurrentLiab": 742485000, "longTermDebt": 2485854000, "otherLiab": 214035000, "totalCurrentLiabilities": 8888112000, "totalLiab": 11594559000, "commonStock": 125397000, "retainedEarnings": 11528384000, "treasuryStock": 245233000, "capitalSurplus": 850335000, "otherStockholderEquity": 245233000, "totalStockholderEquity": 12749349000, "netTangibleAssets": 12749349000}, {"maxAge": 1, "endDate": "2019-03-31", "cash": 34791000, "netReceivables": 1443277000, "inventory": 9342855000, "otherCurrentAssets": 215650000, "totalCurrentAssets": 11089686000, "longTermInvestments": 11214000, "propertyPlantEquipment": 10507940000, "otherAssets": 414618000, "totalAssets": 22023458000, "accountsPayable": 1671822000, "shortLongTermDebt": 317986000, "otherCurrentLiab": 548059000, "longTermDebt": 2463566000, "otherLiab": 93219000, "totalCurrentLiabilities": 7507833000, "totalLiab": 10064618000, "commonStock": 125397000, "retainedEarnings": 10723199000, "treasuryStock": 259909000, "capitalSurplus": 850335000, "otherStockholderEquity": 259909000, "totalStockholderEquity": 11958840000, "netTangibleAssets": 11958840000}, {"maxAge": 1, "endDate": "2018-03-31", "cash": 31532000, "netReceivables": 811409000, "inventory": 5349418000, "otherCurrentAssets": 419305000, "totalCurrentAssets": 6683074000, "longTermInvestments": 13803000, "propertyPlantEquipment": 10861747000, "otherAssets": 303699000, "totalAssets": 17862323000, "accountsPayable": 794461000, "shortLongTermDebt": 668190000, "otherCurrentLiab": 492546000, "longTermDebt": 2657591000, "otherLiab": 88596000, "totalCurrentLiabilities": 3760464000, "totalLiab": 6506651000, "commonStock": 125397000, "retainedEarnings": 10114987000, "treasuryStock": 264953000, "capitalSurplus": 850335000, "otherStockholderEquity": 264953000, "totalStockholderEquity": 11355672000, "netTangibleAssets": 11355672000}, {"maxAge": 1, "endDate": "2017-03-31", "cash": 91826000, "netReceivables": 1440005000, "inventory": 9392450000, "otherCurrentAssets": 184409000, "totalCurrentAssets": 11185061000, "longTermInvestments": 15765000, "propertyPlantEquipment": 11372857000, "otherAssets": 1445507000, "totalAssets": 24019190000, "accountsPayable": 578763000, "shortLongTermDebt": 1338524000, "otherCurrentLiab": 458862000, "longTermDebt": 4443635000, "otherLiab": 1096854000, "totalCurrentLiabilities": 7807926000, "totalLiab": 13348415000, "commonStock": 125397000, "retainedEarnings": 9430905000, "treasuryStock": 264138000, "capitalSurplus": 850335000, "otherStockholderEquity": 264138000, "totalStockholderEquity": 10670775000, "netTangibleAssets": 10670775000}], "maxAge": 86400}, "financialData": {"maxAge": 86400, "currentPrice": 1751.7, "recommendationKey": "none", "totalCash": 1378208000, "totalCashPerShare": 109.908, "ebitda": 2295291648, "totalDebt": 8256786944, "totalRevenue": 16677132288, "debtToEquity": 63.474, "revenuePerShare": 1329.973, "grossProfits": 4802967000, "earningsGrowth": -0.115, "revenueGrowth": 0.05, "grossMargins": 0.27825, "ebitdaMargins": 0.13763, "operatingMargins": 0.0998, "profitMargins": 0.06093, "financialCurrency": "INR"}}}