{"BANCOINDIA.BO": {"recommendationTrend": {"trend": [{"period": "0m", "strongBuy": 0, "buy": 0, "hold": 0, "sell": 0, "strongSell": 0}, {"period": "-1m", "strongBuy": 0, "buy": 0, "hold": 0, "sell": 0, "strongSell": 0}, {"period": "-2m", "strongBuy": 0, "buy": 0, "hold": 0, "sell": 0, "strongSell": 0}, {"period": "-3m", "strongBuy": 0, "buy": 0, "hold": 0, "sell": 0, "strongSell": 0}], "maxAge": 86400}, "cashflowStatementHistory": {"cashflowStatements": [{"maxAge": 1, "endDate": "2020-03-31", "netIncome": 765767000, "depreciation": 325582000, "changeToNetincome": -83869000, "changeToAccountReceivables": -255503000, "changeToLiabilities": -311837000, "changeToInventory": 32411000, "changeToOperatingActivities": 46475000, "totalCashFromOperatingActivities": 521153000, "capitalExpenditures": -346863000, "investments": 1623259000, "otherCashflowsFromInvestingActivities": 129025000, "totalCashflowsFromInvestingActivities": 1494800000, "dividendsPaid": -1644929000, "netBorrowings": 488646000, "otherCashflowsFromFinancingActivities": -369081000, "totalCashFromFinancingActivities": -1525364000, "changeInCash": 490589000}, {"maxAge": 1, "endDate": "2019-03-31", "netIncome": 690827000, "depreciation": 289531000, "changeToNetincome": 562866000, "changeToAccountReceivables": -260336000, "changeToLiabilities": 113782000, "changeToInventory": -464150000, "changeToOperatingActivities": -311066000, "totalCashFromOperatingActivities": 624090000, "capitalExpenditures": -415596000, "investments": -393836000, "otherCashflowsFromInvestingActivities": 101737000, "totalCashflowsFromInvestingActivities": -515913000, "dividendsPaid": -772404000, "netBorrowings": 342100000, "otherCashflowsFromFinancingActivities": -63516000, "totalCashFromFinancingActivities": -493820000, "changeInCash": -385643000}, {"maxAge": 1, "endDate": "2018-03-31", "netIncome": 1167718000, "depreciation": 268375000, "changeToNetincome": 157206000, "changeToAccountReceivables": -514412000, "changeToLiabilities": 871110000, "changeToInventory": -1169884000, "changeToOperatingActivities": 201675000, "totalCashFromOperatingActivities": 990365000, "capitalExpenditures": -503261000, "investments": -57985000, "otherCashflowsFromInvestingActivities": 104254000, "totalCashflowsFromInvestingActivities": -222069000, "dividendsPaid": -586452000, "netBorrowings": -57366000, "otherCashflowsFromFinancingActivities": -35575000, "totalCashFromFinancingActivities": -679393000, "changeInCash": 88903000}, {"maxAge": 1, "endDate": "2017-03-31", "netIncome": 972048000, "depreciation": 324577000, "changeToNetincome": -455886000, "changeToAccountReceivables": 152365000, "changeToLiabilities": -262151000, "changeToInventory": 43349000, "changeToOperatingActivities": 119967000, "totalCashFromOperatingActivities": 902959000, "capitalExpenditures": -120800000, "investments": -886717000, "otherCashflowsFromInvestingActivities": 120663000, "totalCashflowsFromInvestingActivities": -586775000, "dividendsPaid": -643667000, "netBorrowings": 95944000, "otherCashflowsFromFinancingActivities": -66789000, "totalCashFromFinancingActivities": -614512000, "changeInCash": -298328000}], "maxAge": 86400}, "institutionOwnership": {"maxAge": 1, "ownershipList": []}, "balanceSheetHistoryQuarterly": {"balanceSheetStatements": [{"maxAge": 1, "endDate": "2020-06-30", "totalStockholderEquity": 7100300000, "netTangibleAssets": 6969800000}, {"maxAge": 1, "endDate": "2020-03-31", "cash": 569259000, "shortTermInvestments": 100243000, "netReceivables": 2942343000, "inventory": 4761980000, "otherCurrentAssets": 78194000, "totalCurrentAssets": 8577679000, "longTermInvestments": 92142000, "propertyPlantEquipment": 1829841000, "intangibleAssets": 130496000, "otherAssets": 503547000, "deferredLongTermAssetCharges": 248367000, "totalAssets": 11133705000, "accountsPayable": 2241334000, "shortLongTermDebt": 4826000, "otherCurrentLiab": 41301000, "longTermDebt": 61984000, "otherLiab": 789104000, "totalCurrentLiabilities": 3182300000, "totalLiab": 4033388000, "commonStock": 143037000, "retainedEarnings": 5275569000, "treasuryStock": 1561680000, "capitalSurplus": 120031000, "otherStockholderEquity": 1561680000, "totalStockholderEquity": 7100317000, "netTangibleAssets": 6969821000}, {"maxAge": 1, "endDate": "2019-12-31", "totalStockholderEquity": 8556700000, "netTangibleAssets": 8550500000}, {"maxAge": 1, "endDate": "2019-09-30", "cash": 1549900000, "shortTermInvestments": 618900000, "netReceivables": 3268800000, "inventory": 5064800000, "otherCurrentAssets": 335300000, "totalCurrentAssets": 10837700000, "longTermInvestments": 177100000, "propertyPlantEquipment": 1977700000, "intangibleAssets": 6200000, "otherAssets": 265600000, "deferredLongTermAssetCharges": 77400000, "totalAssets": 13264300000, "accountsPayable": 1958200000, "otherCurrentLiab": 1341400000, "longTermDebt": 64200000, "otherLiab": 658700000, "totalCurrentLiabilities": 3984700000, "totalLiab": 4707600000, "commonStock": 143000000, "treasuryStock": 8413700000, "otherStockholderEquity": 8413700000, "totalStockholderEquity": 8556700000, "netTangibleAssets": 8550500000}], "maxAge": 86400}, "earningsHistory": {"history": [{"maxAge": 1, "epsActual": {}, "epsEstimate": {}, "epsDifference": {}, "surprisePercent": {}, "quarter": {}, "period": "-4q"}, {"maxAge": 1, "epsActual": {}, "epsEstimate": {}, "epsDifference": {}, "surprisePercent": {}, "quarter": {}, "period": "-3q"}, {"maxAge": 1, "epsActual": {}, "epsEstimate": {}, "epsDifference": {}, "surprisePercent": {}, "quarter": {}, "period": "-2q"}, {"maxAge": 1, "epsActual": 4.12, "epsEstimate": 2.94, "epsDifference": 1.18, "surprisePercent": 0.401, "quarter": "2017-12-31", "period": "-1q"}], "maxAge": 86400}, "indexTrend": {"maxAge": 1, "symbol": "SP5", "peRatio": 19.7411, "pegRatio": 1.34172, "estimates": [{"period": "0q", "growth": 0.549}, {"period": "+1q", "growth": 0.431}, {"period": "0y", "growth": 0.305}, {"period": "+1y", "growth": 0.109}, {"period": "+5y", "growth": 0.120865}, {"period": "-5y"}]}, "industryTrend": {"maxAge": 1, "symbol": null, "estimates": []}, "insiderTransactions": {"transactions": [{"maxAge": 1, "shares": 6158591, "filerUrl": "", "transactionText": "Gift at price 0.00 per share.", "filerName": "Patel (Mehul Kanubhai)", "filerRelation": "Promoter", "moneyText": "", "startDate": "2020-09-28", "ownership": "D"}, {"maxAge": 1, "shares": 0, "filerUrl": "", "transactionText": "", "filerName": "Patel (Mehul Kanubhai)", "filerRelation": "Promoter", "moneyText": "", "startDate": "2020-09-28", "ownership": "I"}, {"maxAge": 1, "shares": 1182085, "filerUrl": "", "transactionText": "Gift at price 0.00 per share.", "filerName": "Patel (Pritty Vimal)", "filerRelation": "Promoter", "moneyText": "", "startDate": "2020-09-28", "ownership": "D"}, {"maxAge": 1, "shares": 1182085, "filerUrl": "", "transactionText": "Gift at price 0.00 per share.", "filerName": "Patel (Pritty Vimal)", "filerRelation": "Promoter", "moneyText": "", "startDate": "2020-09-28", "ownership": "D"}, {"maxAge": 1, "shares": 1950414, "filerUrl": "", "transactionText": "", "filerName": "Patel (Vimal K & Pritty V)", "filerRelation": "UNREPORTED", "moneyText": "", "startDate": "2020-09-28", "ownership": "D"}, {"maxAge": 1, "shares": 3026092, "filerUrl": "", "transactionText": "Gift at price 0.00 per share.", "filerName": "Patel (Vimal K)", "filerRelation": "Promoter", "moneyText": "", "startDate": "2020-09-28", "ownership": "D"}, {"maxAge": 1, "shares": 1950414, "filerUrl": "", "transactionText": "Gift at price 0.00 per share.", "filerName": "Patel (Vimal K)", "filerRelation": "Promoter", "moneyText": "", "startDate": "2020-09-28", "ownership": "D"}, {"maxAge": 1, "shares": 1950414, "filerUrl": "", "transactionText": "Gift at price 0.00 per share.", "filerName": "Patel (Vimal K)", "filerRelation": "Promoter", "moneyText": "", "startDate": "2020-09-28", "ownership": "D"}, {"maxAge": 1, "shares": 3026092, "filerUrl": "", "transactionText": "Gift at price 0.00 per share.", "filerName": "Patel (Vimal K)", "filerRelation": "Promoter", "moneyText": "", "startDate": "2020-09-28", "ownership": "D"}, {"maxAge": 1, "shares": 596330, "value": 737600, "filerUrl": "", "transactionText": "Sale at price 1.24 per share.", "filerName": "Banco Aluminium, Ltd.", "filerRelation": "Institution- Corporation", "moneyText": "", "startDate": "2020-09-23", "ownership": "D"}, {"maxAge": 1, "shares": 596330, "value": 737600, "filerUrl": "", "transactionText": "Purchase at price 1.24 per share.", "filerName": "Patel (Mehul Kanubhai)", "filerRelation": "Chairman of the Board", "moneyText": "", "startDate": "2020-09-23", "ownership": "D"}, {"maxAge": 1, "shares": 17939973, "value": 23548008, "filerUrl": "", "transactionText": "Other at price 1.31 per share.", "filerName": "Overseas Pearl Ltd", "filerRelation": "Promoter", "moneyText": "", "startDate": "2020-08-27", "ownership": "D"}, {"maxAge": 1, "shares": 17939973, "value": 23548008, "filerUrl": "", "transactionText": "Other at price 1.31 per share.", "filerName": "Patel (Mehul Kanubhai)", "filerRelation": "Chairman of the Board", "moneyText": "", "startDate": "2020-08-27", "ownership": "D"}, {"maxAge": 1, "shares": 8969987, "value": 10194390, "filerUrl": "", "transactionText": "Sale at price 1.14 per share.", "filerName": "Overseas Pearl Ltd", "filerRelation": "Institution- Corporation", "moneyText": "", "startDate": "2020-08-12", "ownership": "D"}, {"maxAge": 1, "shares": 8969987, "value": 10194390, "filerUrl": "", "transactionText": "Sale at price 1.14 per share.", "filerName": "Patel (Mehul Kanubhai)", "filerRelation": "Chairman of the Board", "moneyText": "", "startDate": "2020-08-12", "ownership": "D"}], "maxAge": 1}, "quoteType": {"exchange": "BSE", "quoteType": "EQUITY", "symbol": "BANCOINDIA.BO", "underlyingSymbol": "BANCOINDIA.BO", "shortName": "BANCO PRODUCTS (INDIA) LTD.", "longName": "Banco Products (India) Limited", "firstTradeDateEpochUtc": "2002-07-01 09:15:00", "timeZoneFullName": "Asia/Kolkata", "timeZoneShortName": "IST", "uuid": "d8349361-52da-33a2-8fa3-01a91b221bab", "messageBoardId": null, "gmtOffSetMilliseconds": 19800000, "maxAge": 1}, "incomeStatementHistory": {"incomeStatementHistory": [{"maxAge": 1, "endDate": "2020-03-31", "totalRevenue": 14220760000, "costOfRevenue": 8350601000, "grossProfit": 5870159000, "researchDevelopment": {}, "sellingGeneralAdministrative": 2073624000, "nonRecurring": {}, "otherOperatingExpenses": 2494426000, "totalOperatingExpenses": 13246360000, "operatingIncome": 974400000, "totalOtherIncomeExpenseNet": 140308000, "ebit": 974400000, "interestExpense": -16640000, "incomeBeforeTax": 1114708000, "incomeTaxExpense": 348941000, "minorityInterest": {}, "netIncomeFromContinuingOps": 765767000, "discontinuedOperations": {}, "extraordinaryItems": {}, "effectOfAccountingCharges": {}, "otherItems": {}, "netIncome": 765767000, "netIncomeApplicableToCommonShares": 765767000}, {"maxAge": 1, "endDate": "2019-03-31", "totalRevenue": 15667312000, "costOfRevenue": 9328462000, "grossProfit": 6338850000, "researchDevelopment": {}, "sellingGeneralAdministrative": 1973530000, "nonRecurring": {}, "otherOperatingExpenses": 2528077000, "totalOperatingExpenses": 14122236000, "operatingIncome": 1545076000, "totalOtherIncomeExpenseNet": -19863000, "ebit": 1545076000, "interestExpense": -30702000, "incomeBeforeTax": 1525213000, "incomeTaxExpense": 692004000, "minorityInterest": {}, "netIncomeFromContinuingOps": 833209000, "discontinuedOperations": -142382000, "extraordinaryItems": {}, "effectOfAccountingCharges": {}, "otherItems": {}, "netIncome": 690827000, "netIncomeApplicableToCommonShares": 690827000}, {"maxAge": 1, "endDate": "2018-03-31", "totalRevenue": 13356443000, "costOfRevenue": 7532516000, "grossProfit": 5823927000, "researchDevelopment": {}, "sellingGeneralAdministrative": 1733512000, "nonRecurring": {}, "otherOperatingExpenses": 2246382000, "totalOperatingExpenses": 11789362000, "operatingIncome": 1567081000, "totalOtherIncomeExpenseNet": 74680000, "ebit": 1567081000, "interestExpense": -5720000, "incomeBeforeTax": 1641761000, "incomeTaxExpense": 502084000, "minorityInterest": {}, "netIncomeFromContinuingOps": 1139677000, "discontinuedOperations": 28041000, "extraordinaryItems": {}, "effectOfAccountingCharges": {}, "otherItems": {}, "netIncome": 1167718000, "netIncomeApplicableToCommonShares": 1167718000}, {"maxAge": 1, "endDate": "2017-03-31", "totalRevenue": 12393560000, "costOfRevenue": 7059365000, "grossProfit": 5334195000, "researchDevelopment": {}, "sellingGeneralAdministrative": 1665402000, "nonRecurring": {}, "otherOperatingExpenses": 2233460000, "totalOperatingExpenses": 11290615000, "operatingIncome": 1102945000, "totalOtherIncomeExpenseNet": 305145000, "ebit": 1102945000, "interestExpense": -7825000, "incomeBeforeTax": 1408090000, "incomeTaxExpense": 436042000, "minorityInterest": {}, "netIncomeFromContinuingOps": 972048000, "discontinuedOperations": 28041000, "extraordinaryItems": {}, "effectOfAccountingCharges": {}, "otherItems": {}, "netIncome": 972048000, "netIncomeApplicableToCommonShares": 972048000}], "maxAge": 86400}, "fundOwnership": {"maxAge": 1, "ownershipList": []}, "summaryDetail": {"maxAge": 1, "priceHint": 2, "previousClose": 153.0, "open": 155.0, "dayLow": 154.5, "dayHigh": 167.6, "regularMarketPreviousClose": 153.0, "regularMarketOpen": 155.0, "regularMarketDayLow": 154.5, "regularMarketDayHigh": 167.6, "trailingPE": 17.31946, "forwardPE": 8.623269, "volume": 71319, "regularMarketVolume": 71319, "averageVolume": 42660, "averageVolume10days": 19028, "averageDailyVolume10Day": 19028, "bid": 155.0, "ask": 155.1, "bidSize": 0, "askSize": 0, "marketCap": 11131869184, "fiftyTwoWeekLow": 55.0, "fiftyTwoWeekHigh": 174.9, "fiftyDayAverage": 146.94429, "twoHundredDayAverage": 115.274086, "trailingAnnualDividendRate": 20.0, "trailingAnnualDividendYield": 0.13071896, "currency": "INR", "fromCurrency": null, "toCurrency": null, "lastMarket": null, "algorithm": null, "tradeable": false}, "sectorTrend": {"maxAge": 1, "symbol": null, "estimates": []}, "incomeStatementHistoryQuarterly": {"incomeStatementHistory": [{"maxAge": 1, "endDate": "2020-06-30", "totalRevenue": 2742800000, "costOfRevenue": 1603300000, "grossProfit": 1139500000, "researchDevelopment": {}, "sellingGeneralAdministrative": 390900000, "nonRecurring": {}, "otherOperatingExpenses": 475000000, "totalOperatingExpenses": 2551400000, "operatingIncome": 191400000, "totalOtherIncomeExpenseNet": 7400000, "ebit": 191400000, "interestExpense": -5800000, "incomeBeforeTax": 198800000, "incomeTaxExpense": 23200000, "minorityInterest": {}, "netIncomeFromContinuingOps": 175600000, "discontinuedOperations": {}, "extraordinaryItems": {}, "effectOfAccountingCharges": {}, "otherItems": {}, "netIncome": 175600000, "netIncomeApplicableToCommonShares": 175600000}, {"maxAge": 1, "endDate": "2020-03-31", "totalRevenue": 3319360000, "costOfRevenue": 1911701000, "grossProfit": 1407659000, "researchDevelopment": {}, "sellingGeneralAdministrative": 651724000, "nonRecurring": {}, "otherOperatingExpenses": 340126000, "totalOperatingExpenses": 2998560000, "operatingIncome": 320800000, "totalOtherIncomeExpenseNet": -23792000, "ebit": 320800000, "interestExpense": -5800000, "incomeBeforeTax": 297008000, "incomeTaxExpense": 122841000, "minorityInterest": {}, "netIncomeFromContinuingOps": 174167000, "discontinuedOperations": {}, "extraordinaryItems": {}, "effectOfAccountingCharges": {}, "otherItems": {}, "netIncome": 174167000, "netIncomeApplicableToCommonShares": 174167000}, {"maxAge": 1, "endDate": "2019-12-31", "totalRevenue": 3179900000, "costOfRevenue": 1740700000, "grossProfit": 1439200000, "researchDevelopment": {}, "sellingGeneralAdministrative": 501500000, "nonRecurring": {}, "otherOperatingExpenses": 746100000, "totalOperatingExpenses": 3068400000, "operatingIncome": 111500000, "totalOtherIncomeExpenseNet": 49000000, "ebit": 111500000, "interestExpense": -5800000, "incomeBeforeTax": 160500000, "incomeTaxExpense": 27300000, "minorityInterest": {}, "netIncomeFromContinuingOps": 133200000, "discontinuedOperations": {}, "extraordinaryItems": {}, "effectOfAccountingCharges": {}, "otherItems": {}, "netIncome": 133200000, "netIncomeApplicableToCommonShares": 133200000}, {"maxAge": 1, "endDate": "2019-09-30", "totalRevenue": 3796100000, "costOfRevenue": 2341000000, "grossProfit": 1455100000, "researchDevelopment": {}, "sellingGeneralAdministrative": 459300000, "nonRecurring": {}, "otherOperatingExpenses": 736800000, "totalOperatingExpenses": 3615700000, "operatingIncome": 180400000, "totalOtherIncomeExpenseNet": 30100000, "ebit": 180400000, "interestExpense": -9600000, "incomeBeforeTax": 210500000, "incomeTaxExpense": 51400000, "minorityInterest": {}, "netIncomeFromContinuingOps": 159100000, "discontinuedOperations": {}, "extraordinaryItems": {}, "effectOfAccountingCharges": {}, "otherItems": {}, "netIncome": 159100000, "netIncomeApplicableToCommonShares": 159100000}], "maxAge": 86400}, "cashflowStatementHistoryQuarterly": {"cashflowStatements": [{"maxAge": 1, "endDate": "2020-06-30", "netIncome": 175600000, "changeToLiabilities": 0}, {"maxAge": 1, "endDate": "2020-03-31", "netIncome": 174167000, "changeToLiabilities": 0}, {"maxAge": 1, "endDate": "2019-12-31", "netIncome": 133200000, "changeToLiabilities": 0}, {"maxAge": 1, "endDate": "2019-09-30", "netIncome": 159100000, "changeToLiabilities": 0}], "maxAge": 86400}, "insiderHolders": {"holders": [{"maxAge": 1, "name": "Banco Aluminium, Ltd.", "relation": "Institution- Corporation", "url": "", "transactionDescription": "Sale", "latestTransDate": "2020-09-23", "positionDirect": 1192660, "positionDirectDate": "2020-09-23"}, {"maxAge": 1, "name": "Overseas Pearl Ltd", "relation": "Promoter", "url": "", "transactionDescription": "Other", "latestTransDate": "2020-08-27", "positionDirect": 0, "positionDirectDate": "2020-08-27"}, {"maxAge": 1, "name": "Patel (Mehul Kanubhai)", "relation": "Promoter", "url": "", "transactionDescription": "Gift", "latestTransDate": "2020-09-28", "positionDirect": 38683933, "positionDirectDate": "2020-09-28"}, {"maxAge": 1, "name": "Patel (Pritty Vimal)", "relation": "Promoter", "url": "", "transactionDescription": "Gift", "latestTransDate": "2020-09-28", "positionDirect": 0, "positionDirectDate": "2020-09-28"}, {"maxAge": 1, "name": "Patel (Vimal K & Pritty V)", "relation": "UNREPORTED", "url": "", "transactionDescription": "Gift", "latestTransDate": "2020-09-28", "positionDirect": 0, "positionDirectDate": "2020-09-28"}, {"maxAge": 1, "name": "Patel (Vimal K)", "relation": "Promoter", "url": "", "transactionDescription": "Gift", "latestTransDate": "2020-09-28", "positionDirect": 0, "positionDirectDate": "2020-09-28"}], "maxAge": 1}, "earnings": {"maxAge": 86400, "earningsChart": {"quarterly": [{"date": "4Q2017", "actual": 4.12, "estimate": 2.94}], "currentQuarterEstimateDate": "1Q", "currentQuarterEstimateYear": 2018, "earningsDate": []}, "financialsChart": {"yearly": [{"date": 2017, "revenue": 12393560000, "earnings": 972048000}, {"date": 2018, "revenue": 13356443000, "earnings": 1167718000}, {"date": 2019, "revenue": 15667312000, "earnings": 690827000}, {"date": 2020, "revenue": 14220760000, "earnings": 765767000}], "quarterly": [{"date": "3Q2019", "revenue": 3796100000, "earnings": 159100000}, {"date": "4Q2019", "revenue": 3179900000, "earnings": 133200000}, {"date": "1Q2020", "revenue": 3319360000, "earnings": 174167000}, {"date": "2Q2020", "revenue": 2742800000, "earnings": 175600000}]}, "financialCurrency": "INR"}, "calendarEvents": {"maxAge": 1, "earnings": {"earningsDate": [], "revenueAverage": 3082900000}}, "price": {"maxAge": 1, "regularMarketChangePercent": 0.017320221, "regularMarketChange": 2.649994, "regularMarketTime": "2021-04-30 15:46:15", "priceHint": 2, "regularMarketPrice": 155.65, "regularMarketDayHigh": 167.6, "regularMarketDayLow": 154.5, "regularMarketVolume": 71319, "averageDailyVolume10Day": 19028, "averageDailyVolume3Month": 42660, "regularMarketPreviousClose": 153.0, "regularMarketSource": "FREE_REALTIME", "regularMarketOpen": 155.0, "exchange": "BSE", "exchangeName": "BSE", "exchangeDataDelayedBy": 0, "marketState": "CLOSED", "quoteType": "EQUITY", "symbol": "BANCOINDIA.BO", "underlyingSymbol": null, "shortName": "BANCO PRODUCTS (INDIA) LTD.", "longName": "Banco Products (India) Limited", "currency": "INR", "quoteSourceName": "Delayed Quote", "currencySymbol": "\u20b9", "fromCurrency": null, "toCurrency": null, "lastMarket": null, "marketCap": 11131869184}, "balanceSheetHistory": {"balanceSheetStatements": [{"maxAge": 1, "endDate": "2020-03-31", "cash": 569259000, "shortTermInvestments": 100243000, "netReceivables": 2942343000, "inventory": 4761980000, "otherCurrentAssets": 78194000, "totalCurrentAssets": 8577679000, "longTermInvestments": 92142000, "propertyPlantEquipment": 1829841000, "intangibleAssets": 130496000, "otherAssets": 503547000, "deferredLongTermAssetCharges": 248367000, "totalAssets": 11133705000, "accountsPayable": 2241334000, "shortLongTermDebt": 4826000, "otherCurrentLiab": 41301000, "longTermDebt": 61984000, "otherLiab": 789104000, "totalCurrentLiabilities": 3182300000, "totalLiab": 4033388000, "commonStock": 143037000, "retainedEarnings": 5275569000, "treasuryStock": 1561680000, "capitalSurplus": 120031000, "otherStockholderEquity": 1561680000, "totalStockholderEquity": 7100317000, "netTangibleAssets": 6969821000}, {"maxAge": 1, "endDate": "2019-03-31", "cash": 50274000, "shortTermInvestments": 1179181000, "netReceivables": 2756357000, "inventory": 4794391000, "otherCurrentAssets": 81567000, "totalCurrentAssets": 9553018000, "longTermInvestments": 185278000, "propertyPlantEquipment": 1960361000, "intangibleAssets": 8284000, "otherAssets": 436601000, "deferredLongTermAssetCharges": 196681000, "totalAssets": 12143542000, "accountsPayable": 2557030000, "shortLongTermDebt": 4190000, "otherCurrentLiab": 43925000, "longTermDebt": 62272000, "otherLiab": 751328000, "totalCurrentLiabilities": 3003096000, "totalLiab": 3816696000, "commonStock": 143037000, "retainedEarnings": 6458719000, "treasuryStock": 1605059000, "capitalSurplus": 120031000, "otherStockholderEquity": 1605059000, "totalStockholderEquity": 8326846000, "netTangibleAssets": 8318562000}, {"maxAge": 1, "endDate": "2018-03-31", "cash": 478527000, "shortTermInvestments": 1186174000, "netReceivables": 2603044000, "inventory": 4389980000, "otherCurrentAssets": 425105000, "totalCurrentAssets": 9390957000, "longTermInvestments": 142969000, "propertyPlantEquipment": 2027912000, "intangibleAssets": 13683000, "otherAssets": 657631000, "deferredLongTermAssetCharges": 258143000, "totalAssets": 12233152000, "accountsPayable": 1824905000, "shortLongTermDebt": 477000, "otherCurrentLiab": 1139274000, "longTermDebt": 10592000, "otherLiab": 788134000, "totalCurrentLiabilities": 3357366000, "totalLiab": 4156092000, "commonStock": 143037000, "retainedEarnings": 6555087000, "treasuryStock": 1258905000, "capitalSurplus": 120031000, "otherStockholderEquity": 1258905000, "totalStockholderEquity": 8077060000, "netTangibleAssets": 8063377000}, {"maxAge": 1, "endDate": "2017-03-31", "cash": 379371000, "shortTermInvestments": 443094000, "netReceivables": 2135367000, "inventory": 3220097000, "otherCurrentAssets": 127201000, "totalCurrentAssets": 7223602000, "longTermInvestments": 144625000, "propertyPlantEquipment": 1946347000, "intangibleAssets": 14024000, "otherAssets": 614555000, "deferredLongTermAssetCharges": 251569000, "totalAssets": 9943153000, "accountsPayable": 959040000, "otherCurrentLiab": 641584000, "otherLiab": 710615000, "totalCurrentLiabilities": 2037382000, "totalLiab": 2747997000, "commonStock": 143037000, "retainedEarnings": 5989988000, "treasuryStock": 942100000, "capitalSurplus": 120031000, "otherStockholderEquity": 942100000, "totalStockholderEquity": 7195156000, "netTangibleAssets": 7181132000}], "maxAge": 86400}, "earningsTrend": {"trend": [{"maxAge": 1, "period": "0q", "endDate": "2018-03-31", "growth": {}, "earningsEstimate": {"avg": 0.0, "low": 0.0, "high": 0.0, "yearAgoEps": {}, "numberOfAnalysts": 0, "growth": {}}, "revenueEstimate": {"avg": 3082900000, "low": 0, "high": 0, "numberOfAnalysts": 0, "yearAgoRevenue": {}, "growth": {}}, "epsTrend": {"current": 0.0, "7daysAgo": 0.0, "30daysAgo": 0.0, "60daysAgo": 0.0, "90daysAgo": 0.0}, "epsRevisions": {"upLast7days": 0, "upLast30days": 0, "downLast30days": 0, "downLast90days": {}}}, {"maxAge": 1, "period": "+1q", "endDate": "2018-06-30", "growth": {}, "earningsEstimate": {"avg": 0.0, "low": 0.0, "high": 0.0, "yearAgoEps": {}, "numberOfAnalysts": 0, "growth": {}}, "revenueEstimate": {"avg": 4563700000, "low": 0, "high": 0, "numberOfAnalysts": 0, "yearAgoRevenue": {}, "growth": {}}, "epsTrend": {"current": 0.0, "7daysAgo": 0.0, "30daysAgo": 0.0, "60daysAgo": 0.0, "90daysAgo": 0.0}, "epsRevisions": {"upLast7days": 0, "upLast30days": 0, "downLast30days": 0, "downLast90days": {}}}, {"maxAge": 1, "period": "0y", "endDate": "2018-03-31", "growth": {}, "earningsEstimate": {"avg": 0.0, "low": 0.0, "high": 0.0, "yearAgoEps": {}, "numberOfAnalysts": 0, "growth": {}}, "revenueEstimate": {"avg": 13814900000, "low": 14633400000, "high": 14633400000, "numberOfAnalysts": 1, "yearAgoRevenue": {}, "growth": {}}, "epsTrend": {"current": 0.0, "7daysAgo": 15.44, "30daysAgo": 15.44, "60daysAgo": 15.44, "90daysAgo": 15.44}, "epsRevisions": {"upLast7days": 0, "upLast30days": 0, "downLast30days": 0, "downLast90days": {}}}, {"maxAge": 1, "period": "+1y", "endDate": "2019-03-31", "growth": {}, "earningsEstimate": {"avg": 0.0, "low": 0.0, "high": 0.0, "yearAgoEps": {}, "numberOfAnalysts": 0, "growth": {}}, "revenueEstimate": {"avg": 15792100000, "low": 15792100000, "high": 15792100000, "numberOfAnalysts": 1, "yearAgoRevenue": 13814900000, "growth": 0.143}, "epsTrend": {"current": 0.0, "7daysAgo": 18.05, "30daysAgo": 18.05, "60daysAgo": 18.05, "90daysAgo": 18.05}, "epsRevisions": {"upLast7days": 0, "upLast30days": 0, "downLast30days": 0, "downLast90days": {}}}, {"maxAge": 1, "period": "+5y", "endDate": null, "growth": 0.264, "earningsEstimate": {"avg": {}, "low": {}, "high": {}, "yearAgoEps": {}, "numberOfAnalysts": {}, "growth": {}}, "revenueEstimate": {"avg": {}, "low": {}, "high": {}, "numberOfAnalysts": {}, "yearAgoRevenue": {}, "growth": {}}, "epsTrend": {"current": {}, "7daysAgo": {}, "30daysAgo": {}, "60daysAgo": {}, "90daysAgo": {}}, "epsRevisions": {"upLast7days": {}, "upLast30days": {}, "downLast30days": {}, "downLast90days": {}}}, {"maxAge": 1, "period": "-5y", "endDate": null, "growth": {}, "earningsEstimate": {"avg": {}, "low": {}, "high": {}, "yearAgoEps": {}, "numberOfAnalysts": {}, "growth": {}}, "revenueEstimate": {"avg": {}, "low": {}, "high": {}, "numberOfAnalysts": {}, "yearAgoRevenue": {}, "growth": {}}, "epsTrend": {"current": {}, "7daysAgo": {}, "30daysAgo": {}, "60daysAgo": {}, "90daysAgo": {}}, "epsRevisions": {"upLast7days": {}, "upLast30days": {}, "downLast30days": {}, "downLast90days": {}}}], "maxAge": 1}, "financialData": {"maxAge": 86400, "currentPrice": 155.65, "targetHighPrice": 162.0, "targetLowPrice": 162.0, "targetMeanPrice": 162.0, "targetMedianPrice": 162.0, "recommendationKey": "none", "numberOfAnalystOpinions": 1, "grossProfits": 5870159000, "financialCurrency": "INR"}}}