{"BANG.NS": {"assetProfile": {"address1": "405/406, Kewal Industrial Estate", "address2": "4th Floor Senapati Bapat Marg Lower Parel (West)", "city": "Mumbai", "zip": "400013", "country": "India", "phone": "91 22 6660 7965", "fax": "91 22 6660 7970", "website": "http://www.banggroup.com", "industry": "Apparel Manufacturing", "sector": "Consumer Cyclical", "longBusinessSummary": "Bang Overseas Limited, together with its subsidiaries, manufactures and trades in textile and textile products in India and internationally. The company offers men's formal and casual wear under the Thomas Scott, Italian Gold, Hammersmith, Bang & Scott, Bang Europa, and FCC brands. It is also involved in the trading of fabric products. Bang Overseas Limited was founded in 1992 and is headquartered in Mumbai, India.", "fullTimeEmployees": 562, "companyOfficers": [{"maxAge": 1, "name": "Mr. Brijgopal Balaram Bang", "age": 53, "title": "Chairman & MD", "yearBorn": 1967, "fiscalYear": 2020, "totalPay": 4392000, "exercisedValue": 0, "unexercisedValue": 0}, {"maxAge": 1, "name": "Mr. Jaydas Tulshiram Dighe B.Com", "age": 47, "title": "Chief Financial Officer", "yearBorn": 1973, "fiscalYear": 2020, "totalPay": 816171, "exercisedValue": 0, "unexercisedValue": 0}, {"maxAge": 1, "name": "Ms. Labdhi S. Shah", "title": "Company Sec. & Compliance Officer", "exercisedValue": 0, "unexercisedValue": 0}, {"maxAge": 1, "name": "Ms. Vandana Brijgopal Bang", "age": 47, "title": "GM of Design Division & Exec. Director", "yearBorn": 1973, "exercisedValue": 0, "unexercisedValue": 0}], "compensationAsOfEpochDate": "2020-12-31 05:30:00", "maxAge": 86400}, "cashflowStatementHistory": {"cashflowStatements": [{"maxAge": 1, "endDate": "2020-03-31", "netIncome": 72894809, "depreciation": 21710992, "changeToNetincome": -2226725, "changeToAccountReceivables": 4264076, "changeToLiabilities": -31622716, "changeToInventory": 5258892, "changeToOperatingActivities": -60013012, "totalCashFromOperatingActivities": 10576812, "capitalExpenditures": -11795189, "investments": 17103462, "otherCashflowsFromInvestingActivities": 15652332, "totalCashflowsFromInvestingActivities": 21731296, "netBorrowings": -23188840, "otherCashflowsFromFinancingActivities": -8061981, "totalCashFromFinancingActivities": -31250821, "changeInCash": 1057287}, {"maxAge": 1, "endDate": "2019-03-31", "netIncome": 895258, "depreciation": 22910989, "changeToNetincome": 13534623, "changeToAccountReceivables": 159086789, "changeToLiabilities": -90174711, "changeToInventory": -80623206, "changeToOperatingActivities": 4833020, "totalCashFromOperatingActivities": 30887900, "capitalExpenditures": -22844908, "investments": -37244133, "otherCashflowsFromInvestingActivities": 6905532, "totalCashflowsFromInvestingActivities": -45927681, "netBorrowings": 21563202, "otherCashflowsFromFinancingActivities": -7991568, "totalCashFromFinancingActivities": 13571634, "changeInCash": -1468146}, {"maxAge": 1, "endDate": "2018-03-31", "netIncome": 31941403, "depreciation": 20879956, "changeToNetincome": 1006994, "changeToAccountReceivables": -241914827, "changeToLiabilities": 179021898, "changeToInventory": 52459362, "changeToOperatingActivities": 22051110, "totalCashFromOperatingActivities": 66007052, "capitalExpenditures": -57895139, "investments": 20985021, "otherCashflowsFromInvestingActivities": 8414213, "totalCashflowsFromInvestingActivities": -28472221, "netBorrowings": -64672933, "otherCashflowsFromFinancingActivities": -3556392, "totalCashFromFinancingActivities": -68229325, "changeInCash": -30694494}, {"maxAge": 1, "endDate": "2017-03-31", "netIncome": 37968518, "depreciation": 21619072, "changeToNetincome": 37218996, "changeToAccountReceivables": -105134084, "changeToLiabilities": 601470, "changeToInventory": -31758055, "changeToOperatingActivities": 37816570, "totalCashFromOperatingActivities": -846669, "capitalExpenditures": -4530516, "investments": -22129415, "otherCashflowsFromInvestingActivities": 11026017, "totalCashflowsFromInvestingActivities": -15146213, "netBorrowings": 20213871, "otherCashflowsFromFinancingActivities": -8900274, "totalCashFromFinancingActivities": 11313597, "changeInCash": -4679284}], "maxAge": 86400}, "institutionOwnership": {"maxAge": 1, "ownershipList": []}, "majorHoldersBreakdown": {"maxAge": 1, "insidersPercentHeld": 0.78301, "institutionsPercentHeld": 0.0, "institutionsFloatPercentHeld": 0.0, "institutionsCount": 0}, "balanceSheetHistoryQuarterly": {"balanceSheetStatements": [{"maxAge": 1, "endDate": "2020-12-31", "totalStockholderEquity": 894300000, "netTangibleAssets": 893662000}, {"maxAge": 1, "endDate": "2020-09-30", "cash": 78332000, "shortTermInvestments": 168868000, "netReceivables": 538781000, "inventory": 332954000, "otherCurrentAssets": 63334000, "totalCurrentAssets": 1182269000, "longTermInvestments": 5010000, "propertyPlantEquipment": 192204000, "intangibleAssets": 638000, "otherAssets": 40546000, "deferredLongTermAssetCharges": 5479000, "totalAssets": 1420667000, "accountsPayable": 240614000, "shortLongTermDebt": 4465000, "otherCurrentLiab": 19126000, "longTermDebt": 50006000, "otherLiab": 14378000, "totalCurrentLiabilities": 461983000, "totalLiab": 526367000, "commonStock": 135600000, "treasuryStock": 758700000, "otherStockholderEquity": 758700000, "totalStockholderEquity": 894300000, "netTangibleAssets": 893662000}, {"maxAge": 1, "endDate": "2020-06-30", "totalStockholderEquity": 902701000, "netTangibleAssets": 901961000}, {"maxAge": 1, "endDate": "2020-03-31", "cash": 4037101, "shortTermInvestments": 72621269, "netReceivables": 580995144, "inventory": 378724607, "otherCurrentAssets": 186597146, "totalCurrentAssets": 1251607941, "longTermInvestments": 5010000, "propertyPlantEquipment": 202788492, "intangibleAssets": 740058, "otherAssets": 57321340, "deferredLongTermAssetCharges": 18099606, "totalAssets": 1517467831, "accountsPayable": 305606146, "shortLongTermDebt": 7198634, "otherCurrentLiab": 7368574, "longTermDebt": 50304731, "otherLiab": 13878316, "totalCurrentLiabilities": 550584090, "totalLiab": 614767137, "commonStock": 135600000, "retainedEarnings": 161069039, "treasuryStock": 5139017, "capitalSurplus": 600892638, "otherStockholderEquity": 5139017, "totalStockholderEquity": 902700694, "netTangibleAssets": 901960636}], "maxAge": 86400}, "indexTrend": {"maxAge": 1, "symbol": "SP5", "peRatio": 19.7411, "pegRatio": 1.34172, "estimates": [{"period": "0q", "growth": 0.549}, {"period": "+1q", "growth": 0.431}, {"period": "0y", "growth": 0.305}, {"period": "+1y", "growth": 0.109}, {"period": "+5y", "growth": 0.120865}, {"period": "-5y"}]}, "defaultKeyStatistics": {"maxAge": 1, "priceHint": 2, "enterpriseValue": 379016672, "profitMargins": -0.01832, "floatShares": 2793654, "sharesOutstanding": 13560000, "heldPercentInsiders": 0.78301, "heldPercentInstitutions": 0.0, "beta": 0.246231, "category": null, "bookValue": 65.175, "priceToBook": 0.42194092, "fundFamily": null, "legalType": null, "lastFiscalYearEnd": "2020-03-31 05:30:00", "nextFiscalYearEnd": "2022-03-31 05:30:00", "mostRecentQuarter": "2020-12-31 05:30:00", "earningsQuarterlyGrowth": -0.764, "netIncomeToCommon": -11776191, "trailingEps": -0.87, "lastSplitFactor": null, "enterpriseToRevenue": 0.59, "enterpriseToEbitda": 16.535, "52WeekChange": 0.6768292, "SandP52WeekChange": 0.48148263}, "summaryProfile": {"address1": "405/406, Kewal Industrial Estate", "address2": "4th Floor Senapati Bapat Marg Lower Parel (West)", "city": "Mumbai", "zip": "400013", "country": "India", "phone": "91 22 6660 7965", "fax": "91 22 6660 7970", "website": "http://www.banggroup.com", "industry": "Apparel Manufacturing", "sector": "Consumer Cyclical", "longBusinessSummary": "Bang Overseas Limited, together with its subsidiaries, manufactures and trades in textile and textile products in India and internationally. The company offers men's formal and casual wear under the Thomas Scott, Italian Gold, Hammersmith, Bang & Scott, Bang Europa, and FCC brands. It is also involved in the trading of fabric products. Bang Overseas Limited was founded in 1992 and is headquartered in Mumbai, India.", "fullTimeEmployees": 562, "companyOfficers": [], "maxAge": 86400}, "netSharePurchaseActivity": {"maxAge": 1, "period": "6m", "buyInfoCount": 0, "buyInfoShares": 0, "sellInfoCount": 0, "netInfoCount": 0, "netInfoShares": 0, "netPercentInsiderShares": 0.0, "totalInsiderShares": 10667411}, "insiderTransactions": {"transactions": [{"maxAge": 1, "shares": 348600, "filerUrl": "", "transactionText": "", "filerName": "Bang (Ramanujdas)", "filerRelation": "Promoter", "moneyText": "", "startDate": "2019-01-24", "ownership": "D"}, {"maxAge": 1, "shares": 650000, "filerUrl": "", "transactionText": "", "filerName": "Bang (Venugopal)", "filerRelation": "Promoter", "moneyText": "", "startDate": "2014-03-24", "ownership": "D"}, {"maxAge": 1, "shares": 650000, "filerUrl": "", "transactionText": "", "filerName": "Bang (Raghvendra Venugopal)", "filerRelation": "External Director", "moneyText": "", "startDate": "2014-03-21", "ownership": "D"}, {"maxAge": 1, "shares": 114645, "filerUrl": "", "transactionText": "", "filerName": "Bang (Vandana Brijgopal)", "filerRelation": "UNREPORTED", "moneyText": "", "startDate": "2013-08-13", "ownership": "D"}, {"maxAge": 1, "shares": 50000, "filerUrl": "", "transactionText": "", "filerName": "Bang (Vandana Brijgopal)", "filerRelation": "UNREPORTED", "moneyText": "", "startDate": "2013-07-17", "ownership": "D"}, {"maxAge": 1, "shares": 52756, "filerUrl": "", "transactionText": "", "filerName": "Bang (Vandana Brijgopal)", "filerRelation": "UNREPORTED", "moneyText": "", "startDate": "2013-07-11", "ownership": "D"}, {"maxAge": 1, "shares": 96582, "filerUrl": "", "transactionText": "", "filerName": "Bang (Vandana Brijgopal)", "filerRelation": "UNREPORTED", "moneyText": "", "startDate": "2013-07-10", "ownership": "D"}, {"maxAge": 1, "shares": 25000, "filerUrl": "", "transactionText": "", "filerName": "Bang (Vandana Brijgopal)", "filerRelation": "UNREPORTED", "moneyText": "", "startDate": "2013-07-05", "ownership": "D"}, {"maxAge": 1, "shares": 80000, "filerUrl": "", "transactionText": "", "filerName": "Bang (Vandana Brijgopal)", "filerRelation": "UNREPORTED", "moneyText": "", "startDate": "2013-06-24", "ownership": "D"}, {"maxAge": 1, "shares": 65390, "filerUrl": "", "transactionText": "", "filerName": "Bang (Vandana Brijgopal)", "filerRelation": "UNREPORTED", "moneyText": "", "startDate": "2013-06-20", "ownership": "D"}, {"maxAge": 1, "shares": 28779, "filerUrl": "", "transactionText": "", "filerName": "Bang (Vandana Brijgopal)", "filerRelation": "UNREPORTED", "moneyText": "", "startDate": "2013-06-13", "ownership": "D"}, {"maxAge": 1, "shares": 28316, "filerUrl": "", "transactionText": "", "filerName": "Bang (Vandana Brijgopal)", "filerRelation": "UNREPORTED", "moneyText": "", "startDate": "2013-05-14", "ownership": "D"}, {"maxAge": 1, "shares": 51505, "filerUrl": "", "transactionText": "", "filerName": "Bang (Vandana Brijgopal)", "filerRelation": "UNREPORTED", "moneyText": "", "startDate": "2013-05-07", "ownership": "D"}, {"maxAge": 1, "shares": 25235, "filerUrl": "", "transactionText": "", "filerName": "Bang (Vandana Brijgopal)", "filerRelation": "UNREPORTED", "moneyText": "", "startDate": "2013-05-02", "ownership": "D"}, {"maxAge": 1, "shares": 654600, "filerUrl": "", "transactionText": "", "filerName": "Bang (Krishnakumar)", "filerRelation": "Promoter", "moneyText": "", "startDate": "2012-03-06", "ownership": "D"}], "maxAge": 1}, "quoteType": {"exchange": "NSI", "quoteType": "EQUITY", "symbol": "BANG.NS", "underlyingSymbol": "BANG.NS", "shortName": "BANG OVERSEAS LTD", "longName": "Bang Overseas Limited", "firstTradeDateEpochUtc": "2008-02-20 09:15:00", "timeZoneFullName": "Asia/Kolkata", "timeZoneShortName": "IST", "uuid": "c2f2ecc7-afb0-3a9a-a0a4-d5ffdc79acfc", "messageBoardId": "finmb_35951751", "gmtOffSetMilliseconds": 19800000, "maxAge": 1}, "incomeStatementHistory": {"incomeStatementHistory": [{"maxAge": 1, "endDate": "2020-03-31", "totalRevenue": 1106155592, "costOfRevenue": 886036056, "grossProfit": 220119536, "researchDevelopment": {}, "sellingGeneralAdministrative": 108554628, "nonRecurring": {}, "otherOperatingExpenses": 77299437, "totalOperatingExpenses": 1093911609, "operatingIncome": 12243983, "totalOtherIncomeExpenseNet": 64138315, "ebit": 12243983, "interestExpense": -8061980, "incomeBeforeTax": 76382298, "incomeTaxExpense": 3487489, "minorityInterest": {}, "netIncomeFromContinuingOps": 72894809, "discontinuedOperations": {}, "extraordinaryItems": {}, "effectOfAccountingCharges": {}, "otherItems": {}, "netIncome": 72894809, "netIncomeApplicableToCommonShares": 72894809}, {"maxAge": 1, "endDate": "2019-03-31", "totalRevenue": 1679891527, "costOfRevenue": 1437003342, "grossProfit": 242888185, "researchDevelopment": {}, "sellingGeneralAdministrative": 131360177, "nonRecurring": {}, "otherOperatingExpenses": 63362237, "totalOperatingExpenses": 1655061883, "operatingIncome": 24829644, "totalOtherIncomeExpenseNet": -6864419, "ebit": 24829644, "interestExpense": -7981312, "incomeBeforeTax": 17965225, "incomeTaxExpense": 17069967, "minorityInterest": {}, "netIncomeFromContinuingOps": 895258, "discontinuedOperations": {}, "extraordinaryItems": {}, "effectOfAccountingCharges": {}, "otherItems": {}, "netIncome": 895258, "netIncomeApplicableToCommonShares": 895258}, {"maxAge": 1, "endDate": "2018-03-31", "totalRevenue": 1871231147, "costOfRevenue": 1549154542, "grossProfit": 322076605, "researchDevelopment": {}, "sellingGeneralAdministrative": 183298827, "nonRecurring": {}, "otherOperatingExpenses": 77947509, "totalOperatingExpenses": 1831841990, "operatingIncome": 39389157, "totalOtherIncomeExpenseNet": -2688256, "ebit": 39389157, "interestExpense": -3556392, "incomeBeforeTax": 36700901, "incomeTaxExpense": 4759498, "minorityInterest": {}, "netIncomeFromContinuingOps": 31941403, "discontinuedOperations": {}, "extraordinaryItems": {}, "effectOfAccountingCharges": {}, "otherItems": {}, "netIncome": 31941403, "netIncomeApplicableToCommonShares": 31941403}, {"maxAge": 1, "endDate": "2017-03-31", "totalRevenue": 1750380487, "costOfRevenue": 1341073230, "grossProfit": 409307257, "researchDevelopment": {}, "sellingGeneralAdministrative": 209163470, "nonRecurring": {}, "otherOperatingExpenses": 115340744, "totalOperatingExpenses": 1688017360, "operatingIncome": 62363127, "totalOtherIncomeExpenseNet": -3830557, "ebit": 62363127, "interestExpense": -8900275, "incomeBeforeTax": 58532570, "incomeTaxExpense": 20564052, "minorityInterest": {}, "netIncomeFromContinuingOps": 37968518, "discontinuedOperations": {}, "extraordinaryItems": {}, "effectOfAccountingCharges": {}, "otherItems": {}, "netIncome": 37968518, "netIncomeApplicableToCommonShares": 37968518}], "maxAge": 86400}, "fundOwnership": {"maxAge": 1, "ownershipList": []}, "summaryDetail": {"maxAge": 1, "priceHint": 2, "previousClose": 27.45, "open": 28.2, "dayLow": 26.85, "dayHigh": 28.25, "regularMarketPreviousClose": 27.45, "regularMarketOpen": 28.2, "regularMarketDayLow": 26.85, "regularMarketDayHigh": 28.25, "payoutRatio": 0.0, "beta": 0.246231, "volume": 3197, "regularMarketVolume": 3197, "averageVolume": 6817, "averageVolume10days": 7976, "averageDailyVolume10Day": 7976, "bid": 0.0, "ask": 0.0, "bidSize": 0, "askSize": 0, "marketCap": 372900000, "fiftyTwoWeekLow": 13.8, "fiftyTwoWeekHigh": 34.75, "priceToSalesTrailing12Months": 0.5800076, "fiftyDayAverage": 27.572727, "twoHundredDayAverage": 25.729788, "currency": "INR", "fromCurrency": null, "toCurrency": null, "lastMarket": null, "algorithm": null, "tradeable": false}, "incomeStatementHistoryQuarterly": {"incomeStatementHistory": [{"maxAge": 1, "endDate": "2020-12-31", "totalRevenue": 190928000, "costOfRevenue": 156596000, "grossProfit": 34332000, "researchDevelopment": {}, "sellingGeneralAdministrative": 9058000, "nonRecurring": {}, "otherOperatingExpenses": 19457000, "totalOperatingExpenses": 189885000, "operatingIncome": 1043000, "totalOtherIncomeExpenseNet": -5030000, "ebit": 1043000, "interestExpense": -5030000, "incomeBeforeTax": -3987000, "incomeTaxExpense": -16112000, "minorityInterest": {}, "netIncomeFromContinuingOps": 12125000, "discontinuedOperations": {}, "extraordinaryItems": {}, "effectOfAccountingCharges": {}, "otherItems": {}, "netIncome": 12125000, "netIncomeApplicableToCommonShares": 12125000}, {"maxAge": 1, "endDate": "2020-09-30", "totalRevenue": 124854000, "costOfRevenue": 97689000, "grossProfit": 27165000, "researchDevelopment": {}, "sellingGeneralAdministrative": 9250000, "nonRecurring": {}, "otherOperatingExpenses": 4533000, "totalOperatingExpenses": 116307000, "operatingIncome": 8547000, "totalOtherIncomeExpenseNet": -2507000, "ebit": 8547000, "interestExpense": -2507000, "incomeBeforeTax": 6040000, "incomeTaxExpense": 4119000, "minorityInterest": {}, "netIncomeFromContinuingOps": 1921000, "discontinuedOperations": {}, "extraordinaryItems": {}, "effectOfAccountingCharges": {}, "otherItems": {}, "netIncome": 1921000, "netIncomeApplicableToCommonShares": 1921000}, {"maxAge": 1, "endDate": "2020-06-30", "totalRevenue": 7225000, "costOfRevenue": 459000, "grossProfit": 6766000, "researchDevelopment": {}, "sellingGeneralAdministrative": 3888000, "nonRecurring": {}, "otherOperatingExpenses": -3542000, "totalOperatingExpenses": 5639000, "operatingIncome": 1586000, "totalOtherIncomeExpenseNet": -2683000, "ebit": 1586000, "interestExpense": -2683000, "incomeBeforeTax": -1097000, "incomeTaxExpense": 9159000, "minorityInterest": {}, "netIncomeFromContinuingOps": -10256000, "discontinuedOperations": {}, "extraordinaryItems": {}, "effectOfAccountingCharges": {}, "otherItems": {}, "netIncome": -10256000, "netIncomeApplicableToCommonShares": -10256000}, {"maxAge": 1, "endDate": "2020-03-31", "totalRevenue": 319915592, "costOfRevenue": 261223056, "grossProfit": 58692536, "researchDevelopment": {}, "sellingGeneralAdministrative": 36148628, "nonRecurring": {}, "otherOperatingExpenses": 26075437, "totalOperatingExpenses": 328979609, "operatingIncome": -9064017, "totalOtherIncomeExpenseNet": -8804685, "ebit": -9064017, "interestExpense": -2683000, "incomeBeforeTax": -17868702, "incomeTaxExpense": -2301511, "minorityInterest": {}, "netIncomeFromContinuingOps": -15567191, "discontinuedOperations": {}, "extraordinaryItems": {}, "effectOfAccountingCharges": {}, "otherItems": {}, "netIncome": -15567191, "netIncomeApplicableToCommonShares": -15567191}], "maxAge": 86400}, "cashflowStatementHistoryQuarterly": {"cashflowStatements": [{"maxAge": 1, "endDate": "2020-12-31", "netIncome": 12125000, "changeToLiabilities": 0}, {"maxAge": 1, "endDate": "2020-09-30", "netIncome": 1921000, "changeToLiabilities": 0}, {"maxAge": 1, "endDate": "2020-06-30", "netIncome": -10256000, "changeToLiabilities": 0}, {"maxAge": 1, "endDate": "2020-03-31", "netIncome": -15567191, "changeToLiabilities": 0}], "maxAge": 86400}, "insiderHolders": {"holders": [{"maxAge": 1, "name": "Bang (Krishnakumar)", "relation": "Promoter", "url": "", "transactionDescription": "Acquisition", "latestTransDate": "2012-03-06", "positionDirect": 1301700, "positionDirectDate": "2012-03-06"}, {"maxAge": 1, "name": "Bang (Raghvendra Venugopal)", "relation": "External Director", "url": "", "transactionDescription": "Purchase", "latestTransDate": "2014-03-21", "positionDirect": 689600, "positionDirectDate": "2014-03-21"}, {"maxAge": 1, "name": "Bang (Ramanujdas)", "relation": "Promoter", "url": "", "transactionDescription": "Other", "latestTransDate": "2019-01-24", "positionDirect": 1123200, "positionDirectDate": "2019-01-24"}, {"maxAge": 1, "name": "Bang (Vandana Brijgopal)", "relation": "UNREPORTED", "url": "", "transactionDescription": "Acquisition", "latestTransDate": "2013-08-13", "positionDirect": 618208, "positionDirectDate": "2013-08-13"}, {"maxAge": 1, "name": "Bang (Venugopal)", "relation": "Promoter", "url": "", "transactionDescription": "Sale", "latestTransDate": "2014-03-24", "positionDirect": 2056600, "positionDirectDate": "2014-03-24"}], "maxAge": 1}, "calendarEvents": {"maxAge": 1, "earnings": {"earningsDate": []}}, "price": {"maxAge": 1, "regularMarketChangePercent": 0.0018214658, "regularMarketChange": 0.049999237, "regularMarketTime": "2021-04-30 15:29:20", "priceHint": 2, "regularMarketPrice": 27.5, "regularMarketDayHigh": 28.25, "regularMarketDayLow": 26.85, "regularMarketVolume": 3197, "averageDailyVolume10Day": 7976, "averageDailyVolume3Month": 6817, "regularMarketPreviousClose": 27.45, "regularMarketSource": "FREE_REALTIME", "regularMarketOpen": 28.2, "exchange": "NSI", "exchangeName": "NSE", "exchangeDataDelayedBy": 15, "marketState": "CLOSED", "quoteType": "EQUITY", "symbol": "BANG.NS", "underlyingSymbol": null, "shortName": "BANG OVERSEAS LTD", "longName": "Bang Overseas Limited", "currency": "INR", "quoteSourceName": "Delayed Quote", "currencySymbol": "\u20b9", "fromCurrency": null, "toCurrency": null, "lastMarket": null, "marketCap": 372900000}, "balanceSheetHistory": {"balanceSheetStatements": [{"maxAge": 1, "endDate": "2020-03-31", "cash": 4037101, "shortTermInvestments": 72621269, "netReceivables": 580995144, "inventory": 378724607, "otherCurrentAssets": 186597146, "totalCurrentAssets": 1251607941, "longTermInvestments": 5010000, "propertyPlantEquipment": 202788492, "intangibleAssets": 740058, "otherAssets": 57321340, "deferredLongTermAssetCharges": 18099606, "totalAssets": 1517467831, "accountsPayable": 305606146, "shortLongTermDebt": 7198634, "otherCurrentLiab": 7368574, "longTermDebt": 50304731, "otherLiab": 13878316, "totalCurrentLiabilities": 550584090, "totalLiab": 614767137, "commonStock": 135600000, "retainedEarnings": 161069039, "treasuryStock": 5139017, "capitalSurplus": 600892638, "otherStockholderEquity": 5139017, "totalStockholderEquity": 902700694, "netTangibleAssets": 901960636}, {"maxAge": 1, "endDate": "2019-03-31", "cash": 2997530, "shortTermInvestments": 72106433, "netReceivables": 643627797, "inventory": 375866933, "otherCurrentAssets": 83340395, "totalCurrentAssets": 1181241839, "longTermInvestments": 5010000, "propertyPlantEquipment": 213077229, "intangibleAssets": 825603, "otherAssets": 173064171, "deferredLongTermAssetCharges": 22081634, "totalAssets": 1573218842, "accountsPayable": 377483202, "shortLongTermDebt": 7942394, "otherCurrentLiab": 5450590, "longTermDebt": 56581108, "otherLiab": 51678138, "totalCurrentLiabilities": 632225114, "totalLiab": 740484360, "commonStock": 135600000, "retainedEarnings": 91102827, "treasuryStock": 5139017, "capitalSurplus": 600892638, "otherStockholderEquity": 5139017, "totalStockholderEquity": 832734482, "netTangibleAssets": 831908879}, {"maxAge": 1, "endDate": "2018-03-31", "cash": 4465678, "shortTermInvestments": 71702852, "netReceivables": 809351172, "inventory": 302406200, "otherCurrentAssets": 56639403, "totalCurrentAssets": 1246261457, "longTermInvestments": 5010000, "propertyPlantEquipment": 218061572, "intangibleAssets": 1159756, "otherAssets": 188373459, "deferredLongTermAssetCharges": 39151772, "totalAssets": 1658866244, "accountsPayable": 473410057, "shortLongTermDebt": 5197991, "otherCurrentLiab": 12385491, "longTermDebt": 54756807, "otherLiab": 13518198, "totalCurrentLiabilities": 758481552, "totalLiab": 826756557, "commonStock": 135600000, "retainedEarnings": 90478032, "treasuryStock": 5139017, "capitalSurplus": 600892638, "otherStockholderEquity": 5139017, "totalStockholderEquity": 832109687, "netTangibleAssets": 830949931}, {"maxAge": 1, "endDate": "2017-03-31", "cash": 35160171, "shortTermInvestments": 123057277, "netReceivables": 581018391, "inventory": 366806014, "otherCurrentAssets": 24028196, "totalCurrentAssets": 1132050164, "longTermInvestments": 5010000, "propertyPlantEquipment": 180050369, "intangibleAssets": 1011097, "otherAssets": 190563040, "deferredLongTermAssetCharges": 35253183, "totalAssets": 1508684670, "accountsPayable": 231594399, "otherCurrentLiab": 5390956, "longTermDebt": 1766404, "otherLiab": 13303910, "totalCurrentLiabilities": 698758955, "totalLiab": 713829269, "commonStock": 135600000, "retainedEarnings": 53223746, "treasuryStock": 5139017, "capitalSurplus": 600892638, "otherStockholderEquity": 5139017, "totalStockholderEquity": 794855401, "netTangibleAssets": 793844304}], "maxAge": 86400}, "financialData": {"maxAge": 86400, "currentPrice": 27.5, "recommendationKey": "none", "totalCash": 247200000, "totalCashPerShare": 18.145, "ebitda": 22921976, "totalDebt": 252248992, "totalRevenue": 642922624, "debtToEquity": 28.206, "revenuePerShare": 47.488, "grossProfits": 220119536, "earningsGrowth": -0.765, "revenueGrowth": -0.319, "grossMargins": 0.19746, "ebitdaMargins": 0.03565, "operatingMargins": 0.00328, "profitMargins": -0.01832, "financialCurrency": "INR"}}}