{"BANG.BO": {"cashflowStatementHistory": {"cashflowStatements": [{"maxAge": 1, "endDate": "2020-03-31", "netIncome": 72895000, "depreciation": 22021000, "changeToNetincome": -2226000, "changeToAccountReceivables": 4264000, "changeToLiabilities": -31623000, "changeToInventory": 5259000, "changeToOperatingActivities": -60013000, "totalCashFromOperatingActivities": 10577000, "capitalExpenditures": -11795000, "investments": 17103000, "otherCashflowsFromInvestingActivities": 15652000, "totalCashflowsFromInvestingActivities": 21731000, "netBorrowings": -23188000, "otherCashflowsFromFinancingActivities": -8063000, "totalCashFromFinancingActivities": -31251000, "changeInCash": 1057000}, {"maxAge": 1, "endDate": "2019-03-31", "netIncome": 895258, "depreciation": 22910989, "changeToNetincome": 13534623, "changeToAccountReceivables": 159086789, "changeToLiabilities": -90174711, "changeToInventory": -80623206, "changeToOperatingActivities": 4833020, "totalCashFromOperatingActivities": 30887900, "capitalExpenditures": -22844908, "investments": -37244133, "otherCashflowsFromInvestingActivities": 6905532, "totalCashflowsFromInvestingActivities": -45927681, "netBorrowings": 21563202, "otherCashflowsFromFinancingActivities": -7991568, "totalCashFromFinancingActivities": 13571634, "changeInCash": -1468147}, {"maxAge": 1, "endDate": "2018-03-31", "netIncome": 31941403, "depreciation": 20879956, "changeToNetincome": 1006994, "changeToAccountReceivables": -241914827, "changeToLiabilities": 179021898, "changeToInventory": 52459362, "changeToOperatingActivities": 22051110, "totalCashFromOperatingActivities": 66007052, "capitalExpenditures": -57895139, "investments": 20985021, "otherCashflowsFromInvestingActivities": 8414213, "totalCashflowsFromInvestingActivities": -28472221, "netBorrowings": -64672933, "otherCashflowsFromFinancingActivities": -3556392, "totalCashFromFinancingActivities": -68229325, "changeInCash": -30694494}, {"maxAge": 1, "endDate": "2017-03-31", "netIncome": 37968518, "depreciation": 21619072, "changeToNetincome": 37218996, "changeToAccountReceivables": -105134084, "changeToLiabilities": 601470, "changeToInventory": -31758055, "changeToOperatingActivities": 37816570, "totalCashFromOperatingActivities": -846669, "capitalExpenditures": -4530516, "investments": -22129415, "otherCashflowsFromInvestingActivities": 11026017, "totalCashflowsFromInvestingActivities": -15146213, "netBorrowings": 20213871, "otherCashflowsFromFinancingActivities": -8900274, "totalCashFromFinancingActivities": 11313597, "changeInCash": -4679284}], "maxAge": 86400}, "institutionOwnership": {"maxAge": 1, "ownershipList": []}, "balanceSheetHistoryQuarterly": {"balanceSheetStatements": [{"maxAge": 1, "endDate": "2020-06-30", "totalStockholderEquity": 902701000, "netTangibleAssets": 901961000}, {"maxAge": 1, "endDate": "2020-03-31", "cash": 76658000, "shortTermInvestments": 172492000, "netReceivables": 575028000, "inventory": 356341000, "otherCurrentAssets": 71089000, "totalCurrentAssets": 1251608000, "longTermInvestments": 5010000, "propertyPlantEquipment": 202788000, "intangibleAssets": 740000, "otherAssets": 57322000, "deferredLongTermAssetCharges": 18100000, "totalAssets": 1517468000, "accountsPayable": 305606000, "shortLongTermDebt": 7199000, "otherCurrentLiab": 23686000, "longTermDebt": 50305000, "otherLiab": 13878000, "totalCurrentLiabilities": 550584000, "totalLiab": 614767000, "commonStock": 135600000, "treasuryStock": 767101000, "otherStockholderEquity": 767101000, "totalStockholderEquity": 902701000, "netTangibleAssets": 901961000}, {"maxAge": 1, "endDate": "2019-12-31"}, {"maxAge": 1, "endDate": "2019-09-30"}], "maxAge": 86400}, "indexTrend": {"maxAge": 1, "symbol": "SP5", "peRatio": 19.7411, "pegRatio": 1.34172, "estimates": [{"period": "0q", "growth": 0.549}, {"period": "+1q", "growth": 0.431}, {"period": "0y", "growth": 0.305}, {"period": "+1y", "growth": 0.109}, {"period": "+5y", "growth": 0.120865}, {"period": "-5y"}]}, "insiderTransactions": {"transactions": [{"maxAge": 1, "shares": 348600, "filerUrl": "", "transactionText": "", "filerName": "Bang (Ramanujdas)", "filerRelation": "Promoter", "moneyText": "", "startDate": "2019-01-24", "ownership": "D"}], "maxAge": 1}, "quoteType": {"exchange": "BSE", "quoteType": "EQUITY", "symbol": "BANG.BO", "underlyingSymbol": "BANG.BO", "shortName": "BANG OVERSEAS LTD.", "longName": "Bang Overseas Limited", "firstTradeDateEpochUtc": "2008-02-20 09:15:00", "timeZoneFullName": "Asia/Kolkata", "timeZoneShortName": "IST", "uuid": "892b6223-d962-37e3-a5c3-a3f847150811", "messageBoardId": null, "gmtOffSetMilliseconds": 19800000, "maxAge": 1}, "incomeStatementHistory": {"incomeStatementHistory": [{"maxAge": 1, "endDate": "2020-03-31", "totalRevenue": 1106156000, "costOfRevenue": 878789000, "grossProfit": 227367000, "researchDevelopment": {}, "sellingGeneralAdministrative": 96165000, "nonRecurring": {}, "otherOperatingExpenses": 81728000, "totalOperatingExpenses": 1078703000, "operatingIncome": 27453000, "totalOtherIncomeExpenseNet": 48929000, "ebit": 27453000, "interestExpense": -13068000, "incomeBeforeTax": 76382000, "incomeTaxExpense": 3487000, "minorityInterest": {}, "netIncomeFromContinuingOps": 72895000, "discontinuedOperations": {}, "extraordinaryItems": {}, "effectOfAccountingCharges": {}, "otherItems": {}, "netIncome": 72895000, "netIncomeApplicableToCommonShares": 72895000}, {"maxAge": 1, "endDate": "2019-03-31", "totalRevenue": 1679891527, "costOfRevenue": 1437003342, "grossProfit": 242888185, "researchDevelopment": {}, "sellingGeneralAdministrative": 131360177, "nonRecurring": {}, "otherOperatingExpenses": 63362237, "totalOperatingExpenses": 1655061883, "operatingIncome": 24829644, "totalOtherIncomeExpenseNet": -6864419, "ebit": 24829644, "interestExpense": -7981312, "incomeBeforeTax": 17965225, "incomeTaxExpense": 17069967, "minorityInterest": {}, "netIncomeFromContinuingOps": 895258, "discontinuedOperations": {}, "extraordinaryItems": {}, "effectOfAccountingCharges": {}, "otherItems": {}, "netIncome": 895258, "netIncomeApplicableToCommonShares": 895258}, {"maxAge": 1, "endDate": "2018-03-31", "totalRevenue": 1871231147, "costOfRevenue": 1549154542, "grossProfit": 322076605, "researchDevelopment": {}, "sellingGeneralAdministrative": 183298827, "nonRecurring": {}, "otherOperatingExpenses": 77947509, "totalOperatingExpenses": 1831841990, "operatingIncome": 39389157, "totalOtherIncomeExpenseNet": -2688256, "ebit": 39389157, "interestExpense": -3556392, "incomeBeforeTax": 36700901, "incomeTaxExpense": 4759498, "minorityInterest": {}, "netIncomeFromContinuingOps": 31941403, "discontinuedOperations": {}, "extraordinaryItems": {}, "effectOfAccountingCharges": {}, "otherItems": {}, "netIncome": 31941403, "netIncomeApplicableToCommonShares": 31941403}, {"maxAge": 1, "endDate": "2017-03-31", "totalRevenue": 1750380487, "costOfRevenue": 1341073230, "grossProfit": 409307257, "researchDevelopment": {}, "sellingGeneralAdministrative": 209163470, "nonRecurring": {}, "otherOperatingExpenses": 115340744, "totalOperatingExpenses": 1688017360, "operatingIncome": 62363127, "totalOtherIncomeExpenseNet": -3830557, "ebit": 62363127, "interestExpense": -8900275, "incomeBeforeTax": 58532570, "incomeTaxExpense": 20564052, "minorityInterest": {}, "netIncomeFromContinuingOps": 37968518, "discontinuedOperations": {}, "extraordinaryItems": {}, "effectOfAccountingCharges": {}, "otherItems": {}, "netIncome": 37968518, "netIncomeApplicableToCommonShares": 37968518}], "maxAge": 86400}, "fundOwnership": {"maxAge": 1, "ownershipList": []}, "summaryDetail": {"maxAge": 1, "priceHint": 2, "previousClose": 27.45, "open": 28.75, "dayLow": 26.55, "dayHigh": 29.5, "regularMarketPreviousClose": 27.45, "regularMarketOpen": 28.75, "regularMarketDayLow": 26.55, "regularMarketDayHigh": 29.5, "trailingPE": 298.35165, "volume": 5034, "regularMarketVolume": 5034, "averageVolume": 4039, "averageVolume10days": 1856, "averageDailyVolume10Day": 1856, "bid": 26.55, "ask": 27.85, "bidSize": 0, "askSize": 0, "marketCap": 368153984, "fiftyTwoWeekLow": 13.55, "fiftyTwoWeekHigh": 34.65, "fiftyDayAverage": 28.112858, "twoHundredDayAverage": 22.672628, "currency": "INR", "fromCurrency": null, "toCurrency": null, "lastMarket": null, "algorithm": null, "tradeable": false}, "incomeStatementHistoryQuarterly": {"incomeStatementHistory": [{"maxAge": 1, "endDate": "2020-06-30", "totalRevenue": 7225000, "costOfRevenue": 459000, "grossProfit": 6766000, "researchDevelopment": {}, "sellingGeneralAdministrative": 3888000, "nonRecurring": {}, "otherOperatingExpenses": -3542000, "totalOperatingExpenses": 5639000, "operatingIncome": 1586000, "totalOtherIncomeExpenseNet": -2683000, "ebit": 1586000, "interestExpense": -2683000, "incomeBeforeTax": -1097000, "incomeTaxExpense": 9159000, "minorityInterest": {}, "netIncomeFromContinuingOps": -10256000, "discontinuedOperations": {}, "extraordinaryItems": {}, "effectOfAccountingCharges": {}, "otherItems": {}, "netIncome": -10256000, "netIncomeApplicableToCommonShares": -10256000}, {"maxAge": 1, "endDate": "2020-03-31", "totalRevenue": 319916000, "costOfRevenue": 253975000, "grossProfit": 65941000, "researchDevelopment": {}, "sellingGeneralAdministrative": 23759000, "nonRecurring": {}, "otherOperatingExpenses": 30505000, "totalOperatingExpenses": 313772000, "operatingIncome": 6144000, "totalOtherIncomeExpenseNet": -24013000, "ebit": 6144000, "interestExpense": -3216000, "incomeBeforeTax": -17869000, "incomeTaxExpense": -2302000, "minorityInterest": {}, "netIncomeFromContinuingOps": -15567000, "discontinuedOperations": {}, "extraordinaryItems": {}, "effectOfAccountingCharges": {}, "otherItems": {}, "netIncome": -15567000, "netIncomeApplicableToCommonShares": -15567000}, {"maxAge": 1, "endDate": "2019-12-31", "totalRevenue": 280353000, "costOfRevenue": 212241000, "grossProfit": 68112000, "researchDevelopment": {}, "sellingGeneralAdministrative": 24757000, "nonRecurring": {}, "otherOperatingExpenses": -6992000, "totalOperatingExpenses": 235451000, "operatingIncome": 44902000, "totalOtherIncomeExpenseNet": -2951000, "ebit": 44902000, "interestExpense": -2951000, "incomeBeforeTax": 41951000, "incomeTaxExpense": -9508000, "minorityInterest": {}, "netIncomeFromContinuingOps": 51459000, "discontinuedOperations": {}, "extraordinaryItems": {}, "effectOfAccountingCharges": {}, "otherItems": {}, "netIncome": 51459000, "netIncomeApplicableToCommonShares": 51459000}, {"maxAge": 1, "endDate": "2019-09-30", "totalRevenue": 266820000, "costOfRevenue": 220340000, "grossProfit": 46480000, "researchDevelopment": {}, "sellingGeneralAdministrative": 24400000, "nonRecurring": {}, "otherOperatingExpenses": 43070000, "totalOperatingExpenses": 293200000, "operatingIncome": -26380000, "totalOtherIncomeExpenseNet": -3570000, "ebit": -26380000, "interestExpense": -3570000, "incomeBeforeTax": -29950000, "incomeTaxExpense": -5540000, "minorityInterest": {}, "netIncomeFromContinuingOps": -24410000, "discontinuedOperations": {}, "extraordinaryItems": {}, "effectOfAccountingCharges": {}, "otherItems": {}, "netIncome": -24410000, "netIncomeApplicableToCommonShares": -24410000}], "maxAge": 86400}, "cashflowStatementHistoryQuarterly": {"cashflowStatements": [{"maxAge": 1, "endDate": "2020-06-30", "netIncome": -10256000, "changeToLiabilities": 0}, {"maxAge": 1, "endDate": "2020-03-31", "netIncome": -15567000, "changeToLiabilities": 0}, {"maxAge": 1, "endDate": "2019-12-31", "netIncome": 51459000, "changeToLiabilities": 0}, {"maxAge": 1, "endDate": "2019-09-30", "netIncome": -24410000, "changeToLiabilities": 0}], "maxAge": 86400}, "insiderHolders": {"holders": [{"maxAge": 1, "name": "Bang (Ramanujdas)", "relation": "Promoter", "url": "", "transactionDescription": "Other", "latestTransDate": "2019-01-24", "positionDirect": 1123200, "positionDirectDate": "2019-01-24"}], "maxAge": 1}, "calendarEvents": {"maxAge": 1, "earnings": {"earningsDate": ["2020-09-15 05:30:S"]}}, "price": {"maxAge": 1, "regularMarketChangePercent": -0.010929002, "regularMarketChange": -0.30000114, "regularMarketTime": "2021-04-30 15:29:44", "priceHint": 2, "regularMarketPrice": 27.15, "regularMarketDayHigh": 29.5, "regularMarketDayLow": 26.55, "regularMarketVolume": 5034, "averageDailyVolume10Day": 1856, "averageDailyVolume3Month": 4039, "regularMarketPreviousClose": 27.45, "regularMarketSource": "FREE_REALTIME", "regularMarketOpen": 28.75, "exchange": "BSE", "exchangeName": "BSE", "exchangeDataDelayedBy": 0, "marketState": "CLOSED", "quoteType": "EQUITY", "symbol": "BANG.BO", "underlyingSymbol": null, "shortName": "BANG OVERSEAS LTD.", "longName": "Bang Overseas Limited", "currency": "INR", "quoteSourceName": "Delayed Quote", "currencySymbol": "\u20b9", "fromCurrency": null, "toCurrency": null, "lastMarket": null, "marketCap": 368153984}, "balanceSheetHistory": {"balanceSheetStatements": [{"maxAge": 1, "endDate": "2020-03-31", "cash": 76658000, "shortTermInvestments": 172492000, "netReceivables": 575028000, "inventory": 356341000, "otherCurrentAssets": 71089000, "totalCurrentAssets": 1251608000, "longTermInvestments": 5010000, "propertyPlantEquipment": 202788000, "intangibleAssets": 740000, "otherAssets": 57322000, "deferredLongTermAssetCharges": 18100000, "totalAssets": 1517468000, "accountsPayable": 305606000, "shortLongTermDebt": 7199000, "otherCurrentLiab": 23686000, "longTermDebt": 50305000, "otherLiab": 13878000, "totalCurrentLiabilities": 550584000, "totalLiab": 614767000, "commonStock": 135600000, "treasuryStock": 767101000, "otherStockholderEquity": 767101000, "totalStockholderEquity": 902701000, "netTangibleAssets": 901961000}, {"maxAge": 1, "endDate": "2019-03-31", "cash": 2997530, "shortTermInvestments": 72106433, "netReceivables": 643627797, "inventory": 375866933, "otherCurrentAssets": 83340395, "totalCurrentAssets": 1181241839, "longTermInvestments": 5010000, "propertyPlantEquipment": 213077229, "intangibleAssets": 825604, "otherAssets": 173064170, "deferredLongTermAssetCharges": 22081634, "totalAssets": 1573218842, "accountsPayable": 377483202, "shortLongTermDebt": 7942394, "otherCurrentLiab": 5450590, "longTermDebt": 56581108, "otherLiab": 51678138, "totalCurrentLiabilities": 632225114, "totalLiab": 740484360, "commonStock": 135600000, "retainedEarnings": 91102827, "treasuryStock": 5139017, "capitalSurplus": 600892638, "otherStockholderEquity": 5139017, "totalStockholderEquity": 832734482, "netTangibleAssets": 831908878}, {"maxAge": 1, "endDate": "2018-03-31", "cash": 4465678, "shortTermInvestments": 71702852, "netReceivables": 809351172, "inventory": 302406200, "otherCurrentAssets": 56639403, "totalCurrentAssets": 1246261457, "longTermInvestments": 5010000, "propertyPlantEquipment": 218061572, "intangibleAssets": 1159756, "otherAssets": 188373459, "deferredLongTermAssetCharges": 39151772, "totalAssets": 1658866244, "accountsPayable": 473410057, "shortLongTermDebt": 5197991, "otherCurrentLiab": 12385491, "longTermDebt": 54756807, "otherLiab": 13518198, "totalCurrentLiabilities": 758481552, "totalLiab": 826756557, "commonStock": 135600000, "retainedEarnings": 90478032, "treasuryStock": 5139017, "capitalSurplus": 600892638, "otherStockholderEquity": 5139017, "totalStockholderEquity": 832109687, "netTangibleAssets": 830949931}, {"maxAge": 1, "endDate": "2017-03-31", "cash": 35160171, "shortTermInvestments": 123057277, "netReceivables": 581018391, "inventory": 366806014, "otherCurrentAssets": 24028196, "totalCurrentAssets": 1132050164, "longTermInvestments": 5010000, "propertyPlantEquipment": 180050369, "intangibleAssets": 1011097, "otherAssets": 190563040, "deferredLongTermAssetCharges": 35253183, "totalAssets": 1508684670, "accountsPayable": 231594399, "otherCurrentLiab": 5390956, "longTermDebt": 1766404, "otherLiab": 13303910, "totalCurrentLiabilities": 698758955, "totalLiab": 713829269, "commonStock": 135600000, "retainedEarnings": 53223746, "treasuryStock": 5139017, "capitalSurplus": 600892638, "otherStockholderEquity": 5139017, "totalStockholderEquity": 794855401, "netTangibleAssets": 793844304}], "maxAge": 86400}, "financialData": {"maxAge": 86400, "currentPrice": 27.15, "recommendationKey": "none", "grossProfits": 227367000, "financialCurrency": "INR"}}}