{"BANKBARODA.BO": {"recommendationTrend": {"trend": [{"period": "0m", "strongBuy": 0, "buy": 0, "hold": 0, "sell": 0, "strongSell": 0}, {"period": "-1m", "strongBuy": 0, "buy": 0, "hold": 0, "sell": 0, "strongSell": 0}, {"period": "-2m", "strongBuy": 0, "buy": 0, "hold": 0, "sell": 0, "strongSell": 0}, {"period": "-3m", "strongBuy": 0, "buy": 0, "hold": 0, "sell": 0, "strongSell": 0}], "maxAge": 86400}, "cashflowStatementHistory": {"cashflowStatements": [{"maxAge": 1, "endDate": "2020-03-31", "netIncome": 9277510000, "depreciation": 16972271000, "changeToNetincome": 209315470000, "changeToLiabilities": 0, "changeToOperatingActivities": -532083311000, "totalCashFromOperatingActivities": -296518060000, "capitalExpenditures": -33033536000, "totalCashflowsFromInvestingActivities": -1389961000, "netBorrowings": 81097000000, "otherCashflowsFromFinancingActivities": 294967016000, "totalCashFromFinancingActivities": 458998051000, "changeInCash": 331202330000, "issuanceOfStock": 82934035000}, {"maxAge": 1, "endDate": "2019-03-31", "netIncome": 11001011000, "depreciation": 9482501000, "changeToNetincome": 113656301000, "changeToLiabilities": 0, "changeToOperatingActivities": -730003676000, "totalCashFromOperatingActivities": -595863863000, "capitalExpenditures": -26660343000, "totalCashflowsFromInvestingActivities": -25373735000, "netBorrowings": 5543000000, "otherCashflowsFromFinancingActivities": 569499367000, "totalCashFromFinancingActivities": 625858533000, "changeInCash": 4620935000, "issuanceOfStock": 50816166000}, {"maxAge": 1, "endDate": "2018-03-31", "netIncome": -18871074000, "depreciation": 9006900000, "changeToNetincome": 175316186000, "changeToLiabilities": 0, "changeToOperatingActivities": -664314017000, "totalCashFromOperatingActivities": -498862005000, "capitalExpenditures": -6130564000, "totalCashflowsFromInvestingActivities": -4136293000, "dividendsPaid": -3327878000, "netBorrowings": -4417502000, "otherCashflowsFromFinancingActivities": -109928856000, "totalCashFromFinancingActivities": -63924236000, "changeInCash": -566922534000, "issuanceOfStock": 53750000000}, {"maxAge": 1, "endDate": "2017-03-31", "netIncome": 18149773000, "depreciation": 5399737000, "changeToNetincome": 129887020000, "changeToLiabilities": 0, "changeToOperatingActivities": -280452231000, "totalCashFromOperatingActivities": -127015701000, "capitalExpenditures": -8284542000, "totalCashflowsFromInvestingActivities": -5506235000, "dividendsPaid": -3327878000, "netBorrowings": 9324750000, "otherCashflowsFromFinancingActivities": 294356643000, "totalCashFromFinancingActivities": 303681393000, "changeInCash": 171159457000, "issuanceOfStock": 53750000000}], "maxAge": 86400}, "institutionOwnership": {"maxAge": 1, "ownershipList": []}, "balanceSheetHistoryQuarterly": {"balanceSheetStatements": [{"maxAge": 1, "endDate": "2020-03-31", "cash": 1016482459000, "otherCurrentAssets": 447889834000, "totalCurrentAssets": 1464372293000, "longTermInvestments": 2897267230000, "propertyPlantEquipment": 90437847000, "goodWill": 2239076000, "otherAssets": 7545104914000, "deferredLongTermAssetCharges": 145746258000, "totalAssets": 11999421360000, "accountsPayable": 9732281492000, "otherCurrentLiab": 60723415000, "longTermDebt": 957526987000, "otherLiab": 432613553000, "minorityInterest": 3861746000, "totalCurrentLiabilities": 9844376095000, "totalLiab": 11234516635000, "commonStock": 9241133000, "retainedEarnings": 206274118000, "treasuryStock": 163316212000, "capitalSurplus": 382211516000, "otherStockholderEquity": 163316212000, "totalStockholderEquity": 761042979000, "netTangibleAssets": 758803903000}, {"maxAge": 1, "endDate": "2019-12-31", "cash": 381729900000, "netReceivables": 855977600000, "totalCurrentAssets": 1237707500000, "longTermInvestments": 2809790700000, "propertyPlantEquipment": 93686600000, "goodWill": 2239100000, "otherAssets": 7224492100000, "totalAssets": 11367916000000, "accountsPayable": 9234262000000, "longTermDebt": 933140900000, "otherLiab": 442498200000, "minorityInterest": 3610500000, "totalCurrentLiabilities": 9234262000000, "totalLiab": 10609901100000, "commonStock": 9253700000, "treasuryStock": 745150700000, "otherStockholderEquity": 745150700000, "totalStockholderEquity": 754404400000, "netTangibleAssets": 752165300000}, {"maxAge": 1, "endDate": "2019-09-30", "cash": 1211286600000, "totalCurrentAssets": 1211286600000, "longTermInvestments": 2784278200000, "propertyPlantEquipment": 97643500000, "goodWill": 2239100000, "otherAssets": 7032864300000, "totalAssets": 11128311700000, "accountsPayable": 9219991900000, "longTermDebt": 786987600000, "otherLiab": 366023800000, "minorityInterest": 3539500000, "totalCurrentLiabilities": 9219991900000, "totalLiab": 10373003300000, "commonStock": 7706100000, "treasuryStock": 744062800000, "otherStockholderEquity": 744062800000, "totalStockholderEquity": 751768900000, "netTangibleAssets": 749529800000}, {"maxAge": 1, "endDate": "2019-06-30", "cash": 390648200000, "netReceivables": 831601500000, "totalCurrentAssets": 1222249700000, "longTermInvestments": 2687366700000, "propertyPlantEquipment": 100344800000, "goodWill": 2239100000, "otherAssets": 7000724600000, "totalAssets": 11012924900000, "accountsPayable": 9229195200000, "longTermDebt": 725106300000, "otherLiab": 383790100000, "minorityInterest": 3373600000, "totalCurrentLiabilities": 9229195200000, "totalLiab": 10338091600000, "commonStock": 7706100000, "treasuryStock": 663753600000, "otherStockholderEquity": 663753600000, "totalStockholderEquity": 671459700000, "netTangibleAssets": 669220600000}], "maxAge": 86400}, "earningsHistory": {"history": [{"maxAge": 1, "epsActual": 0.49, "epsEstimate": 1.31, "epsDifference": -0.82, "surprisePercent": -0.626, "quarter": "2017-12-31", "period": "-4q"}, {"maxAge": 1, "epsActual": -13.44, "epsEstimate": 1.39, "epsDifference": -14.83, "surprisePercent": -10.669001, "quarter": "2018-03-31", "period": "-3q"}, {"maxAge": 1, "epsActual": 2.0, "epsEstimate": 0.33, "epsDifference": 1.67, "surprisePercent": 5.061, "quarter": "2018-06-30", "period": "-2q"}, {"maxAge": 1, "epsActual": 1.6, "epsEstimate": 1.94, "epsDifference": -0.34, "surprisePercent": -0.175, "quarter": "2018-09-30", "period": "-1q"}], "maxAge": 86400}, "indexTrend": {"maxAge": 1, "symbol": "SP5", "peRatio": 19.7411, "pegRatio": 1.34172, "estimates": [{"period": "0q", "growth": 0.549}, {"period": "+1q", "growth": 0.431}, {"period": "0y", "growth": 0.305}, {"period": "+1y", "growth": 0.109}, {"period": "+5y", "growth": 0.120865}, {"period": "-5y"}]}, "industryTrend": {"maxAge": 1, "symbol": null, "estimates": []}, "insiderTransactions": {"transactions": [{"maxAge": 1, "shares": 651465798, "filerUrl": "", "transactionText": "", "filerName": "President of India", "filerRelation": "Promoter", "moneyText": "", "startDate": "2019-12-12", "ownership": "D"}, {"maxAge": 1, "shares": 6461221, "filerUrl": "", "transactionText": "", "filerName": "President of India", "filerRelation": "Promoter", "moneyText": "", "startDate": "2019-10-10", "ownership": "D"}, {"maxAge": 1, "shares": 989721092, "filerUrl": "", "transactionText": "", "filerName": "President of India", "filerRelation": "Promoter", "moneyText": "", "startDate": "2019-06-17", "ownership": "D"}, {"maxAge": 1, "shares": 12835716, "filerUrl": "", "transactionText": "", "filerName": "President of India", "filerRelation": "Promoter", "moneyText": "", "startDate": "2019-02-18", "ownership": "D"}], "maxAge": 1}, "quoteType": {"exchange": "BSE", "quoteType": "EQUITY", "symbol": "BANKBARODA.BO", "underlyingSymbol": "BANKBARODA.BO", "shortName": "BANK OF BARODA", "longName": "Bank of Baroda", "firstTradeDateEpochUtc": "2000-01-03 09:15:00", "timeZoneFullName": "Asia/Kolkata", "timeZoneShortName": "IST", "uuid": "6adfa741-7cba-36ec-935c-fb287877a5a0", "messageBoardId": null, "gmtOffSetMilliseconds": 19800000, "maxAge": 1}, "incomeStatementHistory": {"incomeStatementHistory": [{"maxAge": 1, "endDate": "2020-03-31", "totalRevenue": 193423751000, "costOfRevenue": 0, "grossProfit": 193423751000, "researchDevelopment": {}, "sellingGeneralAdministrative": 156639591000, "nonRecurring": {}, "otherOperatingExpenses": 49123216000, "totalOperatingExpenses": 205762807000, "operatingIncome": -12339056000, "totalOtherIncomeExpenseNet": 385281000, "ebit": 0, "interestExpense": {}, "incomeBeforeTax": -11953775000, "incomeTaxExpense": -21760900000, "minorityInterest": 3861746000, "netIncomeFromContinuingOps": 9807125000, "discontinuedOperations": {}, "extraordinaryItems": {}, "effectOfAccountingCharges": {}, "otherItems": {}, "netIncome": 9277510000, "netIncomeApplicableToCommonShares": 9277510000}, {"maxAge": 1, "endDate": "2019-03-31", "totalRevenue": 142935511000, "costOfRevenue": 0, "grossProfit": 142935511000, "researchDevelopment": {}, "sellingGeneralAdministrative": 97203086000, "nonRecurring": {}, "otherOperatingExpenses": 30486585000, "totalOperatingExpenses": 127689671000, "operatingIncome": 15245840000, "totalOtherIncomeExpenseNet": 791927000, "ebit": 0, "interestExpense": {}, "incomeBeforeTax": 16037767000, "incomeTaxExpense": 4375100000, "minorityInterest": 3413648000, "netIncomeFromContinuingOps": 11662667000, "discontinuedOperations": {}, "extraordinaryItems": {}, "effectOfAccountingCharges": {}, "otherItems": {}, "netIncome": 11001011000, "netIncomeApplicableToCommonShares": 11001011000}, {"maxAge": 1, "endDate": "2018-03-31", "totalRevenue": 92208996000, "costOfRevenue": 0, "grossProfit": 92208996000, "researchDevelopment": {}, "sellingGeneralAdministrative": 87916209000, "nonRecurring": {}, "otherOperatingExpenses": 25349612000, "totalOperatingExpenses": 113265821000, "operatingIncome": -21056825000, "totalOtherIncomeExpenseNet": 762413000, "ebit": 0, "interestExpense": {}, "incomeBeforeTax": -20294412000, "incomeTaxExpense": -1936200000, "minorityInterest": 2725241000, "netIncomeFromContinuingOps": -18358212000, "discontinuedOperations": {}, "extraordinaryItems": {}, "effectOfAccountingCharges": {}, "otherItems": {}, "netIncome": -18871074000, "netIncomeApplicableToCommonShares": -18871074000}, {"maxAge": 1, "endDate": "2017-03-31", "totalRevenue": 133741469000, "costOfRevenue": 0, "grossProfit": 133741469000, "researchDevelopment": {}, "sellingGeneralAdministrative": 80692580000, "nonRecurring": {}, "otherOperatingExpenses": 22805458000, "totalOperatingExpenses": 103498038000, "operatingIncome": 30243431000, "totalOtherIncomeExpenseNet": 775678000, "ebit": 0, "interestExpense": {}, "incomeBeforeTax": 31019109000, "incomeTaxExpense": 12469300000, "minorityInterest": 2325279000, "netIncomeFromContinuingOps": 18549809000, "discontinuedOperations": {}, "extraordinaryItems": {}, "effectOfAccountingCharges": {}, "otherItems": {}, "netIncome": 18149773000, "netIncomeApplicableToCommonShares": 18149773000}], "maxAge": 86400}, "fundOwnership": {"maxAge": 1, "ownershipList": []}, "summaryDetail": {"maxAge": 1, "priceHint": 2, "previousClose": 66.75, "open": 66.0, "dayLow": 64.65, "dayHigh": 68.4, "regularMarketPreviousClose": 66.75, "regularMarketOpen": 66.0, "regularMarketDayLow": 64.65, "regularMarketDayHigh": 68.4, "trailingPE": 28.833693, "forwardPE": 3.1907265, "volume": 2565884, "regularMarketVolume": 2565884, "averageVolume": 4351136, "averageVolume10days": 7167900, "averageDailyVolume10Day": 7167900, "bid": 66.4, "ask": 66.75, "bidSize": 0, "askSize": 0, "marketCap": 308423065600, "fiftyTwoWeekLow": 36.05, "fiftyTwoWeekHigh": 99.8, "fiftyDayAverage": 75.891426, "twoHundredDayAverage": 55.949635, "currency": "INR", "fromCurrency": null, "toCurrency": null, "lastMarket": null, "algorithm": null, "tradeable": false}, "sectorTrend": {"maxAge": 1, "symbol": null, "estimates": []}, "incomeStatementHistoryQuarterly": {"incomeStatementHistory": [{"maxAge": 1, "endDate": "2020-03-31", "totalRevenue": 33393351000, "costOfRevenue": 0, "grossProfit": 33393351000, "researchDevelopment": {}, "sellingGeneralAdministrative": 73249591000, "nonRecurring": {}, "otherOperatingExpenses": -22520084000, "totalOperatingExpenses": 50729507000, "operatingIncome": -17336156000, "totalOtherIncomeExpenseNet": -168219000, "ebit": 0, "interestExpense": {}, "incomeBeforeTax": -17504375000, "incomeTaxExpense": -22147200000, "minorityInterest": 3861746000, "netIncomeFromContinuingOps": 4642825000, "discontinuedOperations": {}, "extraordinaryItems": {}, "effectOfAccountingCharges": {}, "otherItems": {}, "netIncome": 4594210000, "netIncomeApplicableToCommonShares": 4594210000}, {"maxAge": 1, "endDate": "2019-12-31", "totalRevenue": 35862300000, "costOfRevenue": 0, "grossProfit": 35862300000, "researchDevelopment": {}, "sellingGeneralAdministrative": 31117900000, "nonRecurring": {}, "otherOperatingExpenses": 24521500000, "totalOperatingExpenses": 55639400000, "operatingIncome": -19777100000, "totalOtherIncomeExpenseNet": 194000000, "ebit": 0, "interestExpense": {}, "incomeBeforeTax": -19583100000, "incomeTaxExpense": -7588400000, "minorityInterest": 3610500000, "netIncomeFromContinuingOps": -11994700000, "discontinuedOperations": {}, "extraordinaryItems": {}, "effectOfAccountingCharges": {}, "otherItems": {}, "netIncome": -12190400000, "netIncomeApplicableToCommonShares": -12190400000}, {"maxAge": 1, "endDate": "2019-09-30", "totalRevenue": 63718100000, "costOfRevenue": 0, "grossProfit": 63718100000, "researchDevelopment": {}, "sellingGeneralAdministrative": 28174900000, "nonRecurring": {}, "otherOperatingExpenses": 22540200000, "totalOperatingExpenses": 50715100000, "operatingIncome": 13003000000, "totalOtherIncomeExpenseNet": 158900000, "ebit": 0, "interestExpense": {}, "incomeBeforeTax": 13161900000, "incomeTaxExpense": 4464800000, "minorityInterest": 3539500000, "netIncomeFromContinuingOps": 8697100000, "discontinuedOperations": {}, "extraordinaryItems": {}, "effectOfAccountingCharges": {}, "otherItems": {}, "netIncome": 8534100000, "netIncomeApplicableToCommonShares": 8534100000}, {"maxAge": 1, "endDate": "2019-06-30", "totalRevenue": 60450000000, "costOfRevenue": 0, "grossProfit": 60450000000, "researchDevelopment": {}, "sellingGeneralAdministrative": 24097200000, "nonRecurring": {}, "otherOperatingExpenses": 24581600000, "totalOperatingExpenses": 48678800000, "operatingIncome": 11771200000, "totalOtherIncomeExpenseNet": 200600000, "ebit": 0, "interestExpense": {}, "incomeBeforeTax": 11971800000, "incomeTaxExpense": 3509900000, "minorityInterest": 3373600000, "netIncomeFromContinuingOps": 8461900000, "discontinuedOperations": {}, "extraordinaryItems": {}, "effectOfAccountingCharges": {}, "otherItems": {}, "netIncome": 8339600000, "netIncomeApplicableToCommonShares": 8339600000}], "maxAge": 86400}, "cashflowStatementHistoryQuarterly": {"cashflowStatements": [{"maxAge": 1, "endDate": "2020-03-31", "netIncome": 4594210000, "changeToLiabilities": 0}, {"maxAge": 1, "endDate": "2019-12-31", "netIncome": -12190400000, "changeToLiabilities": 0}, {"maxAge": 1, "endDate": "2019-09-30", "netIncome": 8534100000, "changeToLiabilities": 0}, {"maxAge": 1, "endDate": "2019-06-30", "netIncome": 8339600000, "changeToLiabilities": 0}], "maxAge": 86400}, "insiderHolders": {"holders": [{"maxAge": 1, "name": "President of India", "relation": "Promoter", "url": "", "transactionDescription": "Other", "latestTransDate": "2019-12-12", "positionDirect": 3308184689, "positionDirectDate": "2019-12-12"}], "maxAge": 1}, "earnings": {"maxAge": 86400, "earningsChart": {"quarterly": [{"date": "4Q2017", "actual": 0.49, "estimate": 1.31}, {"date": "1Q2018", "actual": -13.44, "estimate": 1.39}, {"date": "2Q2018", "actual": 2.0, "estimate": 0.33}, {"date": "3Q2018", "actual": 1.6, "estimate": 1.94}], "currentQuarterEstimateDate": "4Q", "currentQuarterEstimateYear": 2018, "earningsDate": []}, "financialsChart": {"yearly": [{"date": 2017, "revenue": 133741469000, "earnings": 18149773000}, {"date": 2018, "revenue": 92208996000, "earnings": -18871074000}, {"date": 2019, "revenue": 142935511000, "earnings": 11001011000}, {"date": 2020, "revenue": 193423751000, "earnings": 9277510000}], "quarterly": [{"date": "2Q2019", "revenue": 60450000000, "earnings": 8339600000}, {"date": "3Q2019", "revenue": 63718100000, "earnings": 8534100000}, {"date": "4Q2019", "revenue": 35862300000, "earnings": -12190400000}, {"date": "1Q2020", "revenue": 33393351000, "earnings": 4594210000}]}, "financialCurrency": "INR"}, "calendarEvents": {"maxAge": 1, "earnings": {"earningsDate": [], "revenueAverage": 62484000000, "revenueLow": 62484000000, "revenueHigh": 62484000000}}, "price": {"maxAge": 1, "regularMarketChangePercent": 0.0, "regularMarketChange": 0.0, "regularMarketTime": "2021-04-30 15:58:12", "priceHint": 2, "regularMarketPrice": 66.75, "regularMarketDayHigh": 68.4, "regularMarketDayLow": 64.65, "regularMarketVolume": 2565884, "averageDailyVolume10Day": 7167900, "averageDailyVolume3Month": 4351136, "regularMarketPreviousClose": 66.75, "regularMarketSource": "FREE_REALTIME", "regularMarketOpen": 66.0, "exchange": "BSE", "exchangeName": "BSE", "exchangeDataDelayedBy": 0, "marketState": "CLOSED", "quoteType": "EQUITY", "symbol": "BANKBARODA.BO", "underlyingSymbol": null, "shortName": "BANK OF BARODA", "longName": "Bank of Baroda", "currency": "INR", "quoteSourceName": "Delayed Quote", "currencySymbol": "\u20b9", "fromCurrency": null, "toCurrency": null, "lastMarket": null, "marketCap": 308423065600}, "balanceSheetHistory": {"balanceSheetStatements": [{"maxAge": 1, "endDate": "2020-03-31", "cash": 1016482459000, "otherCurrentAssets": 447889834000, "totalCurrentAssets": 1464372293000, "longTermInvestments": 2897267230000, "propertyPlantEquipment": 90437847000, "goodWill": 2239076000, "otherAssets": 7545104914000, "deferredLongTermAssetCharges": 145746258000, "totalAssets": 11999421360000, "accountsPayable": 9732281492000, "otherCurrentLiab": 60723415000, "longTermDebt": 957526987000, "otherLiab": 432613553000, "minorityInterest": 3861746000, "totalCurrentLiabilities": 9844376095000, "totalLiab": 11234516635000, "commonStock": 9241133000, "retainedEarnings": 206274118000, "treasuryStock": 163316212000, "capitalSurplus": 382211516000, "otherStockholderEquity": 163316212000, "totalStockholderEquity": 761042979000, "netTangibleAssets": 758803903000}, {"maxAge": 1, "endDate": "2019-03-31", "cash": 731184349000, "otherCurrentAssets": 370165338000, "totalCurrentAssets": 1101349687000, "longTermInvestments": 1957162404000, "propertyPlantEquipment": 71437076000, "goodWill": 2239076000, "otherAssets": 5064531203000, "deferredLongTermAssetCharges": 74465517000, "totalAssets": 8196719446000, "accountsPayable": 6655886854000, "otherCurrentLiab": 30098156000, "longTermDebt": 688675317000, "otherLiab": 230203226000, "minorityInterest": 3413648000, "totalCurrentLiabilities": 6724466055000, "totalLiab": 7643344598000, "commonStock": 5291032000, "retainedEarnings": 247988387000, "treasuryStock": 135356235000, "capitalSurplus": 161325546000, "otherStockholderEquity": 135356235000, "totalStockholderEquity": 549961200000, "netTangibleAssets": 547722124000}, {"maxAge": 1, "endDate": "2018-03-31", "cash": 765371375000, "otherCurrentAssets": 311513293000, "totalCurrentAssets": 1076884668000, "longTermInvestments": 1751372281000, "propertyPlantEquipment": 55322812000, "otherAssets": 4594469425000, "deferredLongTermAssetCharges": 63522628000, "totalAssets": 7478049186000, "accountsPayable": 6074513648000, "otherCurrentLiab": 26111718000, "longTermDebt": 648598170000, "otherLiab": 225964645000, "minorityInterest": 2725241000, "totalCurrentLiabilities": 6135098801000, "totalLiab": 7009661616000, "commonStock": 5291032000, "retainedEarnings": 234076862000, "treasuryStock": 65365055000, "capitalSurplus": 160929380000, "otherStockholderEquity": 65365055000, "totalStockholderEquity": 465662329000, "netTangibleAssets": 465662329000}, {"maxAge": 1, "endDate": "2017-03-31", "cash": 1332514511000, "otherCurrentAssets": 289306373000, "totalCurrentAssets": 1621820884000, "longTermInvestments": 1407164332000, "propertyPlantEquipment": 59296750000, "otherAssets": 4103923166000, "deferredLongTermAssetCharges": 43357019000, "totalAssets": 7192205132000, "accountsPayable": 6172568665000, "otherCurrentLiab": 34586889000, "longTermDebt": 312420017000, "otherLiab": 205263162000, "minorityInterest": 2325279000, "totalCurrentLiabilities": 6241520949000, "totalLiab": 6759204128000, "commonStock": 4608319000, "retainedEarnings": 250596107000, "treasuryStock": 67609206000, "capitalSurplus": 107862093000, "otherStockholderEquity": 67609206000, "totalStockholderEquity": 430675725000, "netTangibleAssets": 430675725000}], "maxAge": 86400}, "earningsTrend": {"trend": [{"maxAge": 1, "period": "0q", "endDate": "2018-12-31", "growth": {}, "earningsEstimate": {"avg": 0.0, "low": 0.0, "high": 0.0, "yearAgoEps": 0.49, "numberOfAnalysts": 0, "growth": {}}, "revenueEstimate": {"avg": 62484000000, "low": 62484000000, "high": 62484000000, "numberOfAnalysts": 1, "yearAgoRevenue": 60670700000, "growth": 0.03}, "epsTrend": {"current": 0.0, "7daysAgo": 1.76, "30daysAgo": 1.76, "60daysAgo": 1.76, "90daysAgo": 1.76}, "epsRevisions": {"upLast7days": 0, "upLast30days": 0, "downLast30days": 0, "downLast90days": {}}}, {"maxAge": 1, "period": "+1q", "endDate": "2019-03-31", "growth": {}, "earningsEstimate": {"avg": 0.0, "low": 0.0, "high": 0.0, "yearAgoEps": -13.44, "numberOfAnalysts": 0, "growth": {}}, "revenueEstimate": {"avg": 66108000000, "low": 66108000000, "high": 66108000000, "numberOfAnalysts": 1, "yearAgoRevenue": 56981600000, "growth": 0.16}, "epsTrend": {"current": 0.0, "7daysAgo": 0.62, "30daysAgo": 0.62, "60daysAgo": 0.62, "90daysAgo": 0.62}, "epsRevisions": {"upLast7days": 0, "upLast30days": 0, "downLast30days": 0, "downLast90days": {}}}, {"maxAge": 1, "period": "0y", "endDate": "2019-03-31", "growth": {}, "earningsEstimate": {"avg": 0.0, "low": 0.0, "high": 0.0, "yearAgoEps": {}, "numberOfAnalysts": 0, "growth": {}}, "revenueEstimate": {"avg": 243209000000, "low": 219840000000, "high": 266197000000, "numberOfAnalysts": 36, "yearAgoRevenue": 221789000000, "growth": 0.096999995}, "epsTrend": {"current": 0.0, "7daysAgo": 12.16, "30daysAgo": 12.16, "60daysAgo": 12.16, "90daysAgo": 12.16}, "epsRevisions": {"upLast7days": 1, "upLast30days": 1, "downLast30days": 0, "downLast90days": {}}}, {"maxAge": 1, "period": "+1y", "endDate": "2020-03-31", "growth": {}, "earningsEstimate": {"avg": 0.0, "low": 0.0, "high": 0.0, "yearAgoEps": {}, "numberOfAnalysts": 0, "growth": {}}, "revenueEstimate": {"avg": 277082000000, "low": 257487000000, "high": 294480000000, "numberOfAnalysts": 36, "yearAgoRevenue": 243209000000, "growth": 0.139}, "epsTrend": {"current": 0.0, "7daysAgo": 20.92, "30daysAgo": 20.92, "60daysAgo": 20.92, "90daysAgo": 20.92}, "epsRevisions": {"upLast7days": 1, "upLast30days": 1, "downLast30days": 0, "downLast90days": {}}}, {"maxAge": 1, "period": "+5y", "endDate": null, "growth": 0.06, "earningsEstimate": {"avg": {}, "low": {}, "high": {}, "yearAgoEps": {}, "numberOfAnalysts": {}, "growth": {}}, "revenueEstimate": {"avg": {}, "low": {}, "high": {}, "numberOfAnalysts": {}, "yearAgoRevenue": {}, "growth": {}}, "epsTrend": {"current": {}, "7daysAgo": {}, "30daysAgo": {}, "60daysAgo": {}, "90daysAgo": {}}, "epsRevisions": {"upLast7days": {}, "upLast30days": {}, "downLast30days": {}, "downLast90days": {}}}, {"maxAge": 1, "period": "-5y", "endDate": null, "growth": {}, "earningsEstimate": {"avg": {}, "low": {}, "high": {}, "yearAgoEps": {}, "numberOfAnalysts": {}, "growth": {}}, "revenueEstimate": {"avg": {}, "low": {}, "high": {}, "numberOfAnalysts": {}, "yearAgoRevenue": {}, "growth": {}}, "epsTrend": {"current": {}, "7daysAgo": {}, "30daysAgo": {}, "60daysAgo": {}, "90daysAgo": {}}, "epsRevisions": {"upLast7days": {}, "upLast30days": {}, "downLast30days": {}, "downLast90days": {}}}], "maxAge": 1}, "financialData": {"maxAge": 86400, "currentPrice": 66.75, "targetHighPrice": 190.0, "targetLowPrice": 90.0, "targetMeanPrice": 143.4, "targetMedianPrice": 145.5, "recommendationKey": "none", "numberOfAnalystOpinions": 40, "grossProfits": 193423751000, "financialCurrency": "INR"}}}