{"BANKA.NS": {"assetProfile": {"address1": "56, Nagarjuna Hills Road", "address2": "3rd Floor Mothi Nagar, Nagarjuna Hills Punjagutta", "city": "Hyderabad", "zip": "500082", "country": "India", "phone": "91 40 2980 1495", "fax": "91 40 6668 8028", "website": "http://www.bankabio.com", "industry": "Pollution & Treatment Controls", "sector": "Industrials", "longBusinessSummary": "Banka BioLoo Limited provides products and services for human waste management system in India. It manufactures, supplies, and installs bio-tanks for digestion of human waste. The company is also involved in the operation and maintenance of bio-toilets and CDTS; sale of spares of control discharge toilet system to Indian railways; and treatment and management of fecal sludge, as well as waste water treatment and recycling solutions. The company was founded in 2008 and is based in Hyderabad, India.", "companyOfficers": [{"maxAge": 1, "name": "Mr. Sanjay Kumar Banka", "age": 51, "title": "Exec. Chairman", "yearBorn": 1969, "fiscalYear": 2020, "totalPay": 4688302, "exercisedValue": 0, "unexercisedValue": 0}, {"maxAge": 1, "name": "Mr. Vishal  Murarka", "age": 46, "title": "CEO & Whole Time Director", "yearBorn": 1974, "fiscalYear": 2020, "totalPay": 2105800, "exercisedValue": 0, "unexercisedValue": 0}, {"maxAge": 1, "name": "Ms. Namita Sanjay Banka", "age": 47, "title": "Founder, MD & Director", "yearBorn": 1973, "fiscalYear": 2020, "totalPay": 4739252, "exercisedValue": 0, "unexercisedValue": 0}, {"maxAge": 1, "name": "Mr. Tadepalli Venkata Rama Krishna", "age": 46, "title": "CFO & Whole Time Director", "yearBorn": 1974, "fiscalYear": 2020, "totalPay": 2750000, "exercisedValue": 0, "unexercisedValue": 0}, {"maxAge": 1, "name": "Mr. Akhilesh Kumar Tripathi", "age": 47, "title": "Director of Technical & Railways and Whole Time Director", "yearBorn": 1973, "fiscalYear": 2020, "totalPay": 3000000, "exercisedValue": 0, "unexercisedValue": 0}, {"maxAge": 1, "name": "Mr. Bala Aditya Yanamandra", "title": "Company Sec. & Compliance Officer", "fiscalYear": 2020, "totalPay": 300000, "exercisedValue": 0, "unexercisedValue": 0}, {"maxAge": 1, "name": "Ms. D. V. L. Padmavati", "title": "HR Head", "exercisedValue": 0, "unexercisedValue": 0}], "compensationAsOfEpochDate": "2020-12-31 05:30:00", "maxAge": 86400}, "cashflowStatementHistory": {"cashflowStatements": [{"maxAge": 1, "endDate": "2020-03-31", "netIncome": 60456142, "depreciation": 4664963, "changeToNetincome": 35362292, "changeToAccountReceivables": -52542750, "changeToLiabilities": 20025029, "changeToInventory": -13442522, "changeToOperatingActivities": -114518800, "totalCashFromOperatingActivities": -59995646, "capitalExpenditures": -14083249, "otherCashflowsFromInvestingActivities": 4317865, "totalCashflowsFromInvestingActivities": -9765384, "netBorrowings": 85435959, "otherCashflowsFromFinancingActivities": -9518672, "totalCashFromFinancingActivities": 75917287, "changeInCash": -34695796}, {"maxAge": 1, "endDate": "2019-03-31", "netIncome": 45052467, "depreciation": 3175509, "changeToNetincome": 32118010, "changeToAccountReceivables": -4516094, "changeToLiabilities": -9627225, "changeToInventory": -9805689, "changeToOperatingActivities": -66102140, "totalCashFromOperatingActivities": -9705162, "capitalExpenditures": -16722477, "otherCashflowsFromInvestingActivities": 2691815, "totalCashflowsFromInvestingActivities": -14030662, "netBorrowings": -24568003, "otherCashflowsFromFinancingActivities": -5764463, "totalCashFromFinancingActivities": -30332466, "changeInCash": -74724390}, {"maxAge": 1, "endDate": "2018-03-31", "netIncome": 18908632, "depreciation": 1929015, "changeToNetincome": 21546421, "changeToAccountReceivables": -25299288, "changeToLiabilities": -4013361, "changeToInventory": -6721541, "changeToOperatingActivities": -34691293, "totalCashFromOperatingActivities": -28341415, "capitalExpenditures": -3083713, "otherCashflowsFromInvestingActivities": 901829, "totalCashflowsFromInvestingActivities": -2181884, "netBorrowings": 112772497, "otherCashflowsFromFinancingActivities": -7495235, "totalCashFromFinancingActivities": 105277262, "changeInCash": 22729774}, {"maxAge": 1, "endDate": "2017-03-31", "netIncome": 10370910, "depreciation": 1712865, "changeToNetincome": 10324729, "changeToAccountReceivables": -10022022, "changeToLiabilities": -8899480, "changeToInventory": 5381085, "changeToOperatingActivities": -4606389, "totalCashFromOperatingActivities": 4261698, "capitalExpenditures": -2398529, "otherCashflowsFromInvestingActivities": 440486, "totalCashflowsFromInvestingActivities": -1958043, "netBorrowings": 7328417, "otherCashflowsFromFinancingActivities": -6097044, "totalCashFromFinancingActivities": 1231373, "changeInCash": -210843}], "maxAge": 86400}, "institutionOwnership": {"maxAge": 1, "ownershipList": []}, "majorHoldersBreakdown": {"maxAge": 1}, "balanceSheetHistoryQuarterly": {"balanceSheetStatements": [{"maxAge": 1, "endDate": "2020-09-30", "cash": 29100000, "netReceivables": 148900000, "inventory": 43800000, "otherCurrentAssets": 131600000, "totalCurrentAssets": 353400000, "longTermInvestments": 100000, "propertyPlantEquipment": 37600000, "intangibleAssets": 1400000, "otherAssets": 50500000, "deferredLongTermAssetCharges": 300000, "totalAssets": 443000000, "accountsPayable": 12700000, "otherCurrentLiab": 51900000, "longTermDebt": 78000000, "otherLiab": 5000000, "totalCurrentLiabilities": 71600000, "totalLiab": 154600000, "commonStock": 102800000, "treasuryStock": 185600000, "otherStockholderEquity": 185600000, "totalStockholderEquity": 288400000, "netTangibleAssets": 287000000}, {"maxAge": 1, "endDate": "2020-06-30", "cash": 29100000, "netReceivables": 148900000, "inventory": 43800000, "otherCurrentAssets": 131600000, "totalCurrentAssets": 353400000, "longTermInvestments": 100000, "propertyPlantEquipment": 37600000, "intangibleAssets": 1400000, "otherAssets": 50500000, "deferredLongTermAssetCharges": 300000, "totalAssets": 443000000, "accountsPayable": 12700000, "otherCurrentLiab": 51900000, "longTermDebt": 78000000, "otherLiab": 5000000, "totalCurrentLiabilities": 71600000, "totalLiab": 154600000, "commonStock": 102800000, "treasuryStock": 185600000, "otherStockholderEquity": 185600000, "totalStockholderEquity": 288400000, "netTangibleAssets": 287000000}, {"maxAge": 1, "endDate": "2020-03-31", "cash": 43316790, "netReceivables": 220516606, "inventory": 37618982, "otherCurrentAssets": 43997204, "totalCurrentAssets": 345449582, "propertyPlantEquipment": 39952733, "intangibleAssets": 248400, "otherAssets": 82092272, "totalAssets": 467742987, "accountsPayable": 31996973, "shortLongTermDebt": 22775468, "otherCurrentLiab": 2747606, "longTermDebt": 75253932, "otherLiab": 5468428, "totalCurrentLiabilities": 108064216, "totalLiab": 188786576, "commonStock": 41124480, "retainedEarnings": 128650043, "capitalSurplus": 109181888, "totalStockholderEquity": 278956411, "netTangibleAssets": 278708011}, {"maxAge": 1, "endDate": "2019-12-31", "cash": 43316790, "netReceivables": 220516606, "inventory": 37618982, "otherCurrentAssets": 43997204, "totalCurrentAssets": 345449582, "propertyPlantEquipment": 39952733, "intangibleAssets": 248400, "otherAssets": 82092272, "totalAssets": 467742987, "accountsPayable": 31996973, "shortLongTermDebt": 22775468, "otherCurrentLiab": 2747606, "longTermDebt": 75253932, "otherLiab": 5468428, "totalCurrentLiabilities": 108064216, "totalLiab": 188786576, "commonStock": 41124480, "retainedEarnings": 128650043, "capitalSurplus": 109181888, "totalStockholderEquity": 278956411, "netTangibleAssets": 278708011}], "maxAge": 86400}, "indexTrend": {"maxAge": 1, "symbol": "SP5", "peRatio": 19.7411, "pegRatio": 1.34172, "estimates": [{"period": "0q", "growth": 0.549}, {"period": "+1q", "growth": 0.431}, {"period": "0y", "growth": 0.305}, {"period": "+1y", "growth": 0.109}, {"period": "+5y", "growth": 0.120865}, {"period": "-5y"}]}, "defaultKeyStatistics": {"maxAge": 1, "priceHint": 2, "enterpriseValue": 706368768, "profitMargins": 0.12222, "floatShares": 1071040, "sharesOutstanding": 10281100, "beta": 0.497235, "category": null, "bookValue": 28.088, "priceToBook": 2.2554116, "fundFamily": null, "legalType": null, "lastFiscalYearEnd": "2020-03-31 05:30:00", "nextFiscalYearEnd": "2022-03-31 05:30:00", "mostRecentQuarter": "2020-09-30 05:30:00", "earningsQuarterlyGrowth": -0.477, "netIncomeToCommon": 49956144, "trailingEps": 4.862, "lastSplitFactor": "5:2", "lastSplitDate": "2020-09-08 05:30:00", "enterpriseToRevenue": 1.728, "enterpriseToEbitda": 9.367, "52WeekChange": 1.5627022, "SandP52WeekChange": 0.48148263, "lastDividendValue": 0.2, "lastDividendDate": 1599523200}, "summaryProfile": {"address1": "56, Nagarjuna Hills Road", "address2": "3rd Floor Mothi Nagar, Nagarjuna Hills Punjagutta", "city": "Hyderabad", "zip": "500082", "country": "India", "phone": "91 40 2980 1495", "fax": "91 40 6668 8028", "website": "http://www.bankabio.com", "industry": "Pollution & Treatment Controls", "sector": "Industrials", "longBusinessSummary": "Banka BioLoo Limited provides products and services for human waste management system in India. It manufactures, supplies, and installs bio-tanks for digestion of human waste. The company is also involved in the operation and maintenance of bio-toilets and CDTS; sale of spares of control discharge toilet system to Indian railways; and treatment and management of fecal sludge, as well as waste water treatment and recycling solutions. The company was founded in 2008 and is based in Hyderabad, India.", "companyOfficers": [], "maxAge": 86400}, "netSharePurchaseActivity": {"maxAge": 1, "period": "6m", "buyInfoCount": 0, "buyInfoShares": 0, "sellInfoCount": 0, "netInfoCount": 0, "netInfoShares": 0, "totalInsiderShares": 0}, "quoteType": {"exchange": "NSI", "quoteType": "EQUITY", "symbol": "BANKA.NS", "underlyingSymbol": "BANKA.NS", "shortName": "Banka BioLoo Limited", "longName": "Banka BioLoo Limited", "firstTradeDateEpochUtc": "2018-02-27 09:15:00", "timeZoneFullName": "Asia/Kolkata", "timeZoneShortName": "IST", "uuid": "f6ada2b0-4c19-3809-bc43-1b7b69c226a1", "messageBoardId": "finmb_265759811", "gmtOffSetMilliseconds": 19800000, "maxAge": 1}, "incomeStatementHistory": {"incomeStatementHistory": [{"maxAge": 1, "endDate": "2020-03-31", "totalRevenue": 478650597, "costOfRevenue": 88643770, "grossProfit": 390006827, "researchDevelopment": {}, "sellingGeneralAdministrative": 232402447, "nonRecurring": {}, "otherOperatingExpenses": 71403680, "totalOperatingExpenses": 397114860, "operatingIncome": 81535737, "totalOtherIncomeExpenseNet": -5259435, "ebit": 81535737, "interestExpense": -6968848, "incomeBeforeTax": 76276302, "incomeTaxExpense": 15820160, "minorityInterest": {}, "netIncomeFromContinuingOps": 60456142, "discontinuedOperations": {}, "extraordinaryItems": {}, "effectOfAccountingCharges": {}, "otherItems": {}, "netIncome": 60456142, "netIncomeApplicableToCommonShares": 60456142}, {"maxAge": 1, "endDate": "2019-03-31", "totalRevenue": 354212875, "costOfRevenue": 84616893, "grossProfit": 269595982, "researchDevelopment": {}, "sellingGeneralAdministrative": 152233064, "nonRecurring": {}, "otherOperatingExpenses": 55487054, "totalOperatingExpenses": 295512520, "operatingIncome": 58700355, "totalOtherIncomeExpenseNet": -2036269, "ebit": 58700355, "interestExpense": -5764463, "incomeBeforeTax": 56664086, "incomeTaxExpense": 11611619, "minorityInterest": {}, "netIncomeFromContinuingOps": 45052467, "discontinuedOperations": {}, "extraordinaryItems": {}, "effectOfAccountingCharges": {}, "otherItems": {}, "netIncome": 45052467, "netIncomeApplicableToCommonShares": 45052467}, {"maxAge": 1, "endDate": "2018-03-31", "totalRevenue": 165307694, "costOfRevenue": 52100941, "grossProfit": 113206753, "researchDevelopment": {}, "sellingGeneralAdministrative": 52719989, "nonRecurring": {}, "otherOperatingExpenses": 26962593, "totalOperatingExpenses": 133712538, "operatingIncome": 31595156, "totalOtherIncomeExpenseNet": -5853962, "ebit": 31595156, "interestExpense": -7495235, "incomeBeforeTax": 25741194, "incomeTaxExpense": 6832562, "minorityInterest": {}, "netIncomeFromContinuingOps": 18908632, "discontinuedOperations": {}, "extraordinaryItems": {}, "effectOfAccountingCharges": {}, "otherItems": {}, "netIncome": 18908632, "netIncomeApplicableToCommonShares": 18908632}, {"maxAge": 1, "endDate": "2017-03-31", "totalRevenue": 150532390, "costOfRevenue": 61668676, "grossProfit": 88863714, "researchDevelopment": {}, "sellingGeneralAdministrative": 31971492, "nonRecurring": {}, "otherOperatingExpenses": 32605889, "totalOperatingExpenses": 127958922, "operatingIncome": 22573468, "totalOtherIncomeExpenseNet": -5651034, "ebit": 22573468, "interestExpense": -6097045, "incomeBeforeTax": 16922434, "incomeTaxExpense": 6551524, "minorityInterest": {}, "netIncomeFromContinuingOps": 10370910, "discontinuedOperations": {}, "extraordinaryItems": {}, "effectOfAccountingCharges": {}, "otherItems": {}, "netIncome": 10370910, "netIncomeApplicableToCommonShares": 10370910}], "maxAge": 86400}, "fundOwnership": {"maxAge": 1, "ownershipList": []}, "summaryDetail": {"maxAge": 1, "priceHint": 2, "previousClose": 62.0, "open": 62.3, "dayLow": 62.0, "dayHigh": 63.85, "regularMarketPreviousClose": 62.0, "regularMarketOpen": 62.3, "regularMarketDayLow": 62.0, "regularMarketDayHigh": 63.85, "dividendRate": 0.4, "dividendYield": 0.0066000004, "exDividendDate": "2020-09-08 05:30:00", "payoutRatio": 0.068, "beta": 0.497235, "trailingPE": 13.029617, "volume": 3561, "regularMarketVolume": 3561, "averageVolume": 8579, "averageVolume10days": 6025, "averageDailyVolume10Day": 6025, "bid": 0.0, "ask": 0.0, "marketCap": 651307648, "fiftyTwoWeekLow": 22.7, "fiftyTwoWeekHigh": 84.1, "priceToSalesTrailing12Months": 1.5934108, "fiftyDayAverage": 61.512123, "twoHundredDayAverage": 55.912144, "trailingAnnualDividendRate": 0.2, "trailingAnnualDividendYield": 0.0032258064, "currency": "INR", "fromCurrency": null, "toCurrency": null, "lastMarket": null, "algorithm": null, "tradeable": false}, "incomeStatementHistoryQuarterly": {"incomeStatementHistory": [{"maxAge": 1, "endDate": "2020-09-30", "totalRevenue": 66200000, "costOfRevenue": 8450000, "grossProfit": 57750000, "researchDevelopment": {}, "sellingGeneralAdministrative": 30950000, "nonRecurring": {}, "otherOperatingExpenses": 15750000, "totalOperatingExpenses": 56450000, "operatingIncome": 9750000, "totalOtherIncomeExpenseNet": -2700000, "ebit": 9750000, "interestExpense": -3300000, "incomeBeforeTax": 7050000, "incomeTaxExpense": 1300000, "minorityInterest": {}, "netIncomeFromContinuingOps": 5750000, "discontinuedOperations": {}, "extraordinaryItems": {}, "effectOfAccountingCharges": {}, "otherItems": {}, "netIncome": 5750000, "netIncomeApplicableToCommonShares": 5750000}, {"maxAge": 1, "endDate": "2020-06-30", "totalRevenue": 66200000, "costOfRevenue": 8450000, "grossProfit": 57750000, "researchDevelopment": {}, "sellingGeneralAdministrative": 30950000, "nonRecurring": {}, "otherOperatingExpenses": 15750000, "totalOperatingExpenses": 56450000, "operatingIncome": 9750000, "totalOtherIncomeExpenseNet": -2700000, "ebit": 9750000, "interestExpense": -3300000, "incomeBeforeTax": 7050000, "incomeTaxExpense": 1300000, "minorityInterest": {}, "netIncomeFromContinuingOps": 5750000, "discontinuedOperations": {}, "extraordinaryItems": {}, "effectOfAccountingCharges": {}, "otherItems": {}, "netIncome": 5750000, "netIncomeApplicableToCommonShares": 5750000}, {"maxAge": 1, "endDate": "2020-03-31", "totalRevenue": 138175299, "costOfRevenue": 24121885, "grossProfit": 114053414, "researchDevelopment": {}, "sellingGeneralAdministrative": 66401224, "nonRecurring": {}, "otherOperatingExpenses": 21251840, "totalOperatingExpenses": 113057430, "operatingIncome": 25117869, "totalOtherIncomeExpenseNet": -1629719, "ebit": 25117869, "interestExpense": -1634424, "incomeBeforeTax": 23488151, "incomeTaxExpense": 4260080, "minorityInterest": {}, "netIncomeFromContinuingOps": 19228071, "discontinuedOperations": {}, "extraordinaryItems": {}, "effectOfAccountingCharges": {}, "otherItems": {}, "netIncome": 19228071, "netIncomeApplicableToCommonShares": 19228071}, {"maxAge": 1, "endDate": "2019-12-31", "totalRevenue": 138175299, "costOfRevenue": 24121885, "grossProfit": 114053414, "researchDevelopment": {}, "sellingGeneralAdministrative": 66401224, "nonRecurring": {}, "otherOperatingExpenses": 21251840, "totalOperatingExpenses": 113057430, "operatingIncome": 25117869, "totalOtherIncomeExpenseNet": -1629719, "ebit": 25117869, "interestExpense": -1634424, "incomeBeforeTax": 23488151, "incomeTaxExpense": 4260080, "minorityInterest": {}, "netIncomeFromContinuingOps": 19228071, "discontinuedOperations": {}, "extraordinaryItems": {}, "effectOfAccountingCharges": {}, "otherItems": {}, "netIncome": 19228071, "netIncomeApplicableToCommonShares": 19228071}], "maxAge": 86400}, "cashflowStatementHistoryQuarterly": {"cashflowStatements": [{"maxAge": 1, "endDate": "2020-09-30", "netIncome": 5750000, "depreciation": 1300000, "changeToNetincome": 4100000, "changeToAccountReceivables": 400000, "changeToLiabilities": -9650000, "changeToInventory": -3050000, "changeToOperatingActivities": 2650000, "totalCashFromOperatingActivities": 1500000, "capitalExpenditures": -650000, "otherCashflowsFromInvestingActivities": 500000, "totalCashflowsFromInvestingActivities": -150000, "netBorrowings": -5150000, "otherCashflowsFromFinancingActivities": -3300000, "totalCashFromFinancingActivities": -8450000, "changeInCash": -13450000}, {"maxAge": 1, "endDate": "2020-06-30", "netIncome": 5750000, "depreciation": 1300000, "changeToNetincome": 4100000, "changeToAccountReceivables": 400000, "changeToLiabilities": -9650000, "changeToInventory": -3050000, "changeToOperatingActivities": 2650000, "totalCashFromOperatingActivities": 1500000, "capitalExpenditures": -650000, "otherCashflowsFromInvestingActivities": 500000, "totalCashflowsFromInvestingActivities": -150000, "netBorrowings": -5150000, "otherCashflowsFromFinancingActivities": -3300000, "totalCashFromFinancingActivities": -8450000, "changeInCash": -13450000}, {"maxAge": 1, "endDate": "2020-03-31", "netIncome": 19228071, "depreciation": 1300000, "changeToNetincome": 4100000, "changeToAccountReceivables": 400000, "changeToLiabilities": 0, "changeToInventory": -3050000, "changeToOperatingActivities": 2650000, "totalCashFromOperatingActivities": 1500000, "capitalExpenditures": -650000, "otherCashflowsFromInvestingActivities": 500000, "totalCashflowsFromInvestingActivities": -150000, "netBorrowings": -5150000, "otherCashflowsFromFinancingActivities": -3300000, "totalCashFromFinancingActivities": -8450000, "changeInCash": -13450000}, {"maxAge": 1, "endDate": "2019-12-31", "netIncome": 19228071, "depreciation": 1300000, "changeToNetincome": 4100000, "changeToAccountReceivables": 400000, "changeToLiabilities": 0, "changeToInventory": -3050000, "changeToOperatingActivities": 2650000, "totalCashFromOperatingActivities": 1500000, "capitalExpenditures": -650000, "otherCashflowsFromInvestingActivities": 500000, "totalCashflowsFromInvestingActivities": -150000, "netBorrowings": -5150000, "otherCashflowsFromFinancingActivities": -3300000, "totalCashFromFinancingActivities": -8450000, "changeInCash": -13450000}], "maxAge": 86400}, "insiderHolders": {"holders": [], "maxAge": 1}, "calendarEvents": {"maxAge": 1, "earnings": {"earningsDate": []}, "exDividendDate": "2020-09-08 05:30:00"}, "price": {"maxAge": 1, "regularMarketChangePercent": 0.021774167, "regularMarketChange": 1.3499985, "regularMarketTime": "2021-04-30 15:27:37", "priceHint": 2, "regularMarketPrice": 63.35, "regularMarketDayHigh": 63.85, "regularMarketDayLow": 62.0, "regularMarketVolume": 3561, "averageDailyVolume10Day": 6025, "averageDailyVolume3Month": 8579, "regularMarketPreviousClose": 62.0, "regularMarketSource": "FREE_REALTIME", "regularMarketOpen": 62.3, "exchange": "NSI", "exchangeName": "NSE", "exchangeDataDelayedBy": 15, "marketState": "CLOSED", "quoteType": "EQUITY", "symbol": "BANKA.NS", "underlyingSymbol": null, "shortName": "Banka BioLoo Limited", "longName": "Banka BioLoo Limited", "currency": "INR", "quoteSourceName": "Delayed Quote", "currencySymbol": "\u20b9", "fromCurrency": null, "toCurrency": null, "lastMarket": null, "marketCap": 651307648}, "balanceSheetHistory": {"balanceSheetStatements": [{"maxAge": 1, "endDate": "2020-03-31", "cash": 43316790, "netReceivables": 220516606, "inventory": 37618982, "otherCurrentAssets": 43997204, "totalCurrentAssets": 345449582, "propertyPlantEquipment": 39952733, "intangibleAssets": 248400, "otherAssets": 82092272, "totalAssets": 467742987, "accountsPayable": 31996973, "shortLongTermDebt": 22775468, "otherCurrentLiab": 2747606, "longTermDebt": 75253932, "otherLiab": 5468428, "totalCurrentLiabilities": 108064216, "totalLiab": 188786576, "commonStock": 41124480, "retainedEarnings": 128650043, "capitalSurplus": 109181888, "totalStockholderEquity": 278956411, "netTangibleAssets": 278708011}, {"maxAge": 1, "endDate": "2019-03-31", "cash": 37160533, "netReceivables": 106427036, "inventory": 24176460, "otherCurrentAssets": 34647251, "totalCurrentAssets": 202411280, "propertyPlantEquipment": 27305947, "intangibleAssets": 3766438, "otherAssets": 49364213, "totalAssets": 282847878, "accountsPayable": 11971944, "shortLongTermDebt": 13757788, "otherCurrentLiab": 6820700, "longTermDebt": 7709769, "otherLiab": 2697224, "totalCurrentLiabilities": 53940617, "totalLiab": 64347610, "commonStock": 41124480, "retainedEarnings": 68193900, "capitalSurplus": 109181888, "totalStockholderEquity": 218500268, "netTangibleAssets": 214733830}, {"maxAge": 1, "endDate": "2018-03-31", "cash": 79256880, "netReceivables": 93422458, "inventory": 14370771, "otherCurrentAssets": 16172727, "totalCurrentAssets": 203222836, "propertyPlantEquipment": 17071816, "intangibleAssets": 453600, "otherAssets": 16745438, "totalAssets": 237493690, "accountsPayable": 11448970, "otherCurrentLiab": 19082261, "longTermDebt": 18983746, "otherLiab": 1236885, "totalCurrentLiabilities": 38867290, "totalLiab": 59087921, "commonStock": 41124480, "retainedEarnings": 28099401, "capitalSurplus": 109181888, "totalStockholderEquity": 178405769, "netTangibleAssets": 177952169}, {"maxAge": 1, "endDate": "2017-03-31", "cash": 4502917, "netReceivables": 68620859, "inventory": 7649230, "otherCurrentAssets": 7947228, "totalCurrentAssets": 88720234, "propertyPlantEquipment": 13938819, "intangibleAssets": 2431902, "otherAssets": 5393954, "totalAssets": 110484909, "accountsPayable": 15853237, "shortLongTermDebt": 11793813, "otherCurrentLiab": 6230950, "longTermDebt": 26373137, "otherLiab": 2590657, "totalCurrentLiabilities": 42185866, "totalLiab": 71149660, "commonStock": 1256020, "retainedEarnings": 17377422, "capitalSurplus": 20701807, "totalStockholderEquity": 39335249, "netTangibleAssets": 36903347}], "maxAge": 86400}, "financialData": {"maxAge": 86400, "currentPrice": 63.35, "recommendationKey": "none", "totalCash": 29100000, "totalCashPerShare": 2.834, "ebitda": 75412944, "totalDebt": 85000000, "quickRatio": 2.486, "currentRatio": 4.936, "totalRevenue": 408750592, "debtToEquity": 29.473, "revenuePerShare": 39.782, "grossProfits": 390006827, "revenueGrowth": -0.346, "grossMargins": 0.84063005, "ebitdaMargins": 0.18450001, "operatingMargins": 0.17061001, "profitMargins": 0.12222, "financialCurrency": "INR"}}}