{"BANKBARODA.NS": {"assetProfile": {"address1": "Baroda Bhavan", "address2": "R C Dutt Road Alkapuri", "city": "Vadodara", "zip": "390007", "country": "India", "phone": "91 26 5231 6792", "website": "http://www.bankofbaroda.in", "industry": "Banks\u2014Regional", "sector": "Financial Services", "longBusinessSummary": "Bank of Baroda provides various banking products and services to individual, government departments, and corporate customers. The company operates through Treasury, Corporate/Wholesale Banking, Retail Banking, and Other Banking Operations segments. It offers fixed, current, recurring, and savings deposit products, as well as NRI account and foreign currency deposits. The company also provides loans, such as home, education, vehicle, personal, mortgage, commission agents, and traders loans, as well as advances against securities and gold ornaments/jewelries, and loans for public issues/initial public offers; professional, composite, small business borrower, capital expenditure, bridge, and short term corporate loans, as well as loans for micro, small, and medium enterprises; working capital finance, term finance, commercial vehicle finance, export and import finance, bill finance, lines of credit, loans against rent receivables, term finance, project finance, infrastructure finance, loans for takeover of accounts, foreign currency credit, supply chain finance, and non-fund based services; and debit, prepaid, and credit cards. In addition, it offers loans and advances, and pensions and government schemes to rural and agricultural customers; life insurance, general insurance, and health insurance products, as well as mutual funds; appraisal, merchant banking, cash management, remittance, collection, electronic clearing, correspondent banking, treasury, trade finance, investment, lockers, and capital market services; and digital banking services, including mobile banking, internet payment gateway, Bharat bill payment system, Baroda FASTag, self-service passbook printer, and Baroda TabiT. Further, the company offers banking solutions for start-ups. As of March 31, 2020, it operated a network of 9,482 branches; 101 overseas branches; 13,193 ATMs; and 1,252 e-lobbies. Bank of Baroda was founded in 1908 and is headquartered in Vadodara, India.", "fullTimeEmployees": 84283, "companyOfficers": [{"maxAge": 1, "name": "Mr. Sanjiv  Chadha", "age": 57, "title": "MD & CEO", "yearBorn": 1963, "fiscalYear": 2020, "totalPay": 696137, "exercisedValue": 0, "unexercisedValue": 0}, {"maxAge": 1, "name": "Mr. Shanti Lal Jain", "age": 55, "title": "Exec. Director", "yearBorn": 1965, "fiscalYear": 2020, "totalPay": 3164877, "exercisedValue": 0, "unexercisedValue": 0}, {"maxAge": 1, "name": "Mr. Vikramaditya Singh Khichi", "age": 58, "title": "Exec. Director", "yearBorn": 1962, "fiscalYear": 2020, "totalPay": 3175563, "exercisedValue": 0, "unexercisedValue": 0}, {"maxAge": 1, "name": "Mr. Ian  De Souza", "title": "Chief Financial Officer", "exercisedValue": 0, "unexercisedValue": 0}, {"maxAge": 1, "name": "Mr. Prashant K. Agarwal", "title": "Company Sec. & Compliance Officer", "exercisedValue": 0, "unexercisedValue": 0}, {"maxAge": 1, "name": "Ms. Nikita  Raut", "title": "Chief Mang. of HR & Head of Mumbai Academy", "exercisedValue": 0, "unexercisedValue": 0}, {"maxAge": 1, "name": "Mr. Manoj  Piplani", "title": "Managing Director of Bobcards", "exercisedValue": 0, "unexercisedValue": 0}, {"maxAge": 1, "name": "Mr. Kuku Ram Kanojia", "title": "Chief Returning Officer", "exercisedValue": 0, "unexercisedValue": 0}, {"maxAge": 1, "name": "Sameer  Narang", "title": "Chief Economist & Head, Planning Performance and Budgeting", "exercisedValue": 0, "unexercisedValue": 0}, {"maxAge": 1, "name": "Mr. Sidheswar  Patra", "title": "GM of Risk Management & Credit Approval and Chief Risk Officer", "exercisedValue": 0, "unexercisedValue": 0}], "compensationAsOfEpochDate": "2020-12-31 05:30:00", "maxAge": 86400}, "recommendationTrend": {"trend": [{"period": "0m", "strongBuy": 0, "buy": 0, "hold": 0, "sell": 0, "strongSell": 0}, {"period": "-1m", "strongBuy": 0, "buy": 0, "hold": 0, "sell": 0, "strongSell": 0}, {"period": "-2m", "strongBuy": 0, "buy": 0, "hold": 0, "sell": 0, "strongSell": 0}, {"period": "-3m", "strongBuy": 0, "buy": 0, "hold": 0, "sell": 0, "strongSell": 0}], "maxAge": 86400}, "cashflowStatementHistory": {"cashflowStatements": [{"maxAge": 1, "endDate": "2020-03-31", "netIncome": 9277510000, "depreciation": 16972271000, "changeToNetincome": 209315470000, "changeToLiabilities": 0, "changeToOperatingActivities": -532083311000, "totalCashFromOperatingActivities": -296518060000, "capitalExpenditures": -33033536000, "totalCashflowsFromInvestingActivities": -1389961000, "netBorrowings": 81097000000, "otherCashflowsFromFinancingActivities": 294967016000, "totalCashFromFinancingActivities": 458998051000, "changeInCash": 331202330000, "issuanceOfStock": 82934035000}, {"maxAge": 1, "endDate": "2019-03-31", "netIncome": 11001011000, "depreciation": 9482501000, "changeToNetincome": 113656301000, "changeToLiabilities": 0, "changeToOperatingActivities": -730003676000, "totalCashFromOperatingActivities": -595863863000, "capitalExpenditures": -26660343000, "totalCashflowsFromInvestingActivities": -25373735000, "netBorrowings": 5543000000, "otherCashflowsFromFinancingActivities": 569499367000, "totalCashFromFinancingActivities": 625858533000, "changeInCash": 4620935000, "issuanceOfStock": 50816166000}, {"maxAge": 1, "endDate": "2018-03-31", "netIncome": -18871074000, "depreciation": 9006900000, "changeToNetincome": 175316186000, "changeToLiabilities": 0, "changeToOperatingActivities": -664314017000, "totalCashFromOperatingActivities": -498862005000, "capitalExpenditures": -6130564000, "totalCashflowsFromInvestingActivities": -4136293000, "dividendsPaid": -3327878000, "netBorrowings": -4417502000, "otherCashflowsFromFinancingActivities": -109928856000, "totalCashFromFinancingActivities": -63924236000, "changeInCash": -566922534000, "issuanceOfStock": 53750000000}, {"maxAge": 1, "endDate": "2017-03-31", "netIncome": 18149773000, "depreciation": 5399737000, "changeToNetincome": 129887020000, "changeToLiabilities": 0, "changeToOperatingActivities": -280452231000, "totalCashFromOperatingActivities": -127015701000, "capitalExpenditures": -8284542000, "totalCashflowsFromInvestingActivities": -5506235000, "dividendsPaid": -3327878000, "netBorrowings": 9324750000, "otherCashflowsFromFinancingActivities": 294356643000, "totalCashFromFinancingActivities": 303681393000, "changeInCash": 171159457000, "issuanceOfStock": 53750000000}], "maxAge": 86400}, "indexTrend": {"maxAge": 1, "symbol": "SP5", "peRatio": 19.7411, "pegRatio": 1.34172, "estimates": [{"period": "0q", "growth": 0.549}, {"period": "+1q", "growth": 0.431}, {"period": "0y", "growth": 0.305}, {"period": "+1y", "growth": 0.109}, {"period": "+5y", "growth": 0.120865}, {"period": "-5y"}]}, "defaultKeyStatistics": {"maxAge": 1, "priceHint": 2, "enterpriseValue": 952401395712, "forwardPE": 3.029959, "profitMargins": 0.12314, "floatShares": 1663538801, "sharesOutstanding": 5171359744, "heldPercentInsiders": 0.65294, "heldPercentInstitutions": 0.175, "beta": 0.937414, "category": null, "bookValue": 171.089, "priceToBook": 0.3901478, "fundFamily": null, "legalType": null, "lastFiscalYearEnd": "2020-03-31 05:30:00", "nextFiscalYearEnd": "2022-03-31 05:30:00", "mostRecentQuarter": "2020-12-31 05:30:00", "netIncomeToCommon": 27478810624, "trailingEps": 5.949, "forwardEps": 22.03, "pegRatio": 0.17, "lastSplitFactor": "5:1", "lastSplitDate": "2015-01-22 05:30:00", "enterpriseToRevenue": 4.268, "52WeekChange": 0.45583427, "SandP52WeekChange": 0.48148263, "lastDividendValue": 1.2, "lastDividendDate": 1498089600}, "industryTrend": {"maxAge": 1, "symbol": null, "estimates": []}, "quoteType": {"exchange": "NSI", "quoteType": "EQUITY", "symbol": "BANKBARODA.NS", "underlyingSymbol": "BANKBARODA.NS", "shortName": "BK OF BARODA", "longName": "Bank of Baroda", "firstTradeDateEpochUtc": "2002-07-01 09:15:00", "timeZoneFullName": "Asia/Kolkata", "timeZoneShortName": "IST", "uuid": "150cca3d-8461-3233-bc83-f9213bcf9a44", "messageBoardId": "finmb_882698", "gmtOffSetMilliseconds": 19800000, "maxAge": 1}, "incomeStatementHistory": {"incomeStatementHistory": [{"maxAge": 1, "endDate": "2020-03-31", "totalRevenue": 193423751000, "costOfRevenue": 0, "grossProfit": 193423751000, "researchDevelopment": {}, "sellingGeneralAdministrative": 156639591000, "nonRecurring": {}, "otherOperatingExpenses": 49123216000, "totalOperatingExpenses": 205762807000, "operatingIncome": -12339056000, "totalOtherIncomeExpenseNet": 385281000, "ebit": 0, "interestExpense": {}, "incomeBeforeTax": -11953775000, "incomeTaxExpense": -21760900000, "minorityInterest": 3861746000, "netIncomeFromContinuingOps": 9807125000, "discontinuedOperations": {}, "extraordinaryItems": {}, "effectOfAccountingCharges": {}, "otherItems": {}, "netIncome": 9277510000, "netIncomeApplicableToCommonShares": 9277510000}, {"maxAge": 1, "endDate": "2019-03-31", "totalRevenue": 142935511000, "costOfRevenue": 0, "grossProfit": 142935511000, "researchDevelopment": {}, "sellingGeneralAdministrative": 97203086000, "nonRecurring": {}, "otherOperatingExpenses": 30486585000, "totalOperatingExpenses": 127689671000, "operatingIncome": 15245840000, "totalOtherIncomeExpenseNet": 791927000, "ebit": 0, "interestExpense": {}, "incomeBeforeTax": 16037767000, "incomeTaxExpense": 4375100000, "minorityInterest": 3413648000, "netIncomeFromContinuingOps": 11662667000, "discontinuedOperations": {}, "extraordinaryItems": {}, "effectOfAccountingCharges": {}, "otherItems": {}, "netIncome": 11001011000, "netIncomeApplicableToCommonShares": 11001011000}, {"maxAge": 1, "endDate": "2018-03-31", "totalRevenue": 92208996000, "costOfRevenue": 0, "grossProfit": 92208996000, "researchDevelopment": {}, "sellingGeneralAdministrative": 87916209000, "nonRecurring": {}, "otherOperatingExpenses": 25349612000, "totalOperatingExpenses": 113265821000, "operatingIncome": -21056825000, "totalOtherIncomeExpenseNet": 762413000, "ebit": 0, "interestExpense": {}, "incomeBeforeTax": -20294412000, "incomeTaxExpense": -1936200000, "minorityInterest": 2725241000, "netIncomeFromContinuingOps": -18358212000, "discontinuedOperations": {}, "extraordinaryItems": {}, "effectOfAccountingCharges": {}, "otherItems": {}, "netIncome": -18871074000, "netIncomeApplicableToCommonShares": -18871074000}, {"maxAge": 1, "endDate": "2017-03-31", "totalRevenue": 133741469000, "costOfRevenue": 0, "grossProfit": 133741469000, "researchDevelopment": {}, "sellingGeneralAdministrative": 80692580000, "nonRecurring": {}, "otherOperatingExpenses": 22805458000, "totalOperatingExpenses": 103498038000, "operatingIncome": 30243431000, "totalOtherIncomeExpenseNet": 775678000, "ebit": 0, "interestExpense": {}, "incomeBeforeTax": 31019109000, "incomeTaxExpense": 12469300000, "minorityInterest": 2325279000, "netIncomeFromContinuingOps": 18549809000, "discontinuedOperations": {}, "extraordinaryItems": {}, "effectOfAccountingCharges": {}, "otherItems": {}, "netIncome": 18149773000, "netIncomeApplicableToCommonShares": 18149773000}], "maxAge": 86400}, "fundOwnership": {"maxAge": 1, "ownershipList": [{"maxAge": 1, "reportDate": "2021-01-31", "organization": "Vanguard International Stock Index-Total Intl Stock Indx", "pctHeld": 0.0027, "position": 13956443, "value": 949735946}, {"maxAge": 1, "reportDate": "2021-01-31", "organization": "Vanguard International Stock Index-Emerging Markets Stk", "pctHeld": 0.0023999999, "position": 12643002, "value": 860356286}, {"maxAge": 1, "reportDate": "2021-01-31", "organization": "DFA Investment Dimensions-DFA Emerging Mkts Value", "pctHeld": 0.00090000004, "position": 4804501, "value": 326946293}, {"maxAge": 1, "reportDate": "2021-01-31", "organization": "DFA Emerging Markets Core Equity Portfolio", "pctHeld": 0.0007, "position": 3482911, "value": 237012093}, {"maxAge": 1, "reportDate": "2021-01-31", "organization": "Vanguard Intl Equity Index Fds-FTSE All World ex U.S. Index Fund", "pctHeld": 0.00029999999, "position": 1732715, "value": 117911255}, {"maxAge": 1, "reportDate": "2020-12-31", "organization": "PIMCO Equity Series-PIMCO RAE Emerging Markets Fd", "pctHeld": 0.0002, "position": 1217279, "value": 74801794}, {"maxAge": 1, "reportDate": "2021-02-28", "organization": "Schwab Strategic Tr-Schwab Emerging Markets Equity ETF", "pctHeld": 0.0002, "position": 1191201, "value": 101728565}, {"maxAge": 1, "reportDate": "2021-03-31", "organization": "Invesco ETF Tr II-Invesco FTSE RAFI Emerging Markets ETF", "pctHeld": 0.0002, "position": 871904, "value": 64608086}, {"maxAge": 1, "reportDate": "2021-01-31", "organization": "DFA Emerging Markets Series", "pctHeld": 0.0002, "position": 864283, "value": 58814458}, {"maxAge": 1, "reportDate": "2021-01-31", "organization": "Vanguard Intl Equity Index - Total World Stock Index Fd", "pctHeld": 0.0001, "position": 377709, "value": 25703097}]}, "summaryDetail": {"maxAge": 1, "priceHint": 2, "previousClose": 66.85, "open": 65.4, "dayLow": 65.05, "dayHigh": 68.4, "regularMarketPreviousClose": 66.85, "regularMarketOpen": 65.4, "regularMarketDayLow": 65.05, "regularMarketDayHigh": 68.4, "exDividendDate": "2017-06-22 05:30:00", "payoutRatio": 0.0, "beta": 0.937414, "trailingPE": 11.220373, "forwardPE": 3.029959, "volume": 51156778, "regularMarketVolume": 51156778, "averageVolume": 62139405, "averageVolume10days": 45982184, "averageDailyVolume10Day": 45982184, "bid": 0.0, "ask": 0.0, "bidSize": 0, "askSize": 0, "marketCap": 344672305152, "fiftyTwoWeekLow": 36.0, "fiftyTwoWeekHigh": 99.85, "priceToSalesTrailing12Months": 1.5445515, "fiftyDayAverage": 70.45417, "twoHundredDayAverage": 65.37827, "trailingAnnualDividendRate": 1.2, "trailingAnnualDividendYield": 0.017950637, "currency": "INR", "fromCurrency": null, "toCurrency": null, "lastMarket": null, "algorithm": null, "tradeable": false}, "insiderHolders": {"holders": [{"maxAge": 1, "name": "Jayakumar (P S)", "relation": "Chief Executive Officer", "url": "", "transactionDescription": "Acquisition", "latestTransDate": "2017-08-14", "positionDirect": 49500, "positionDirectDate": "2017-08-14"}, {"maxAge": 1, "name": "Jaykumar (Palamadai Sundarajan)", "relation": "UNREPORTED", "url": "", "transactionDescription": "Acquisition", "latestTransDate": "2018-02-28", "positionDirect": 81500, "positionDirectDate": "2018-02-28"}, {"maxAge": 1, "name": "Life Insurance Corporation of India", "relation": "Institution- Corporation", "url": "", "transactionDescription": "Sale", "latestTransDate": "2015-01-15", "positionDirect": 41070321, "positionDirectDate": "2015-01-15"}, {"maxAge": 1, "name": "Makkar (Prem K)", "relation": "Director", "url": "", "transactionDescription": "Other", "latestTransDate": "2014-09-19", "positionDirect": 1, "positionDirectDate": "2014-09-19"}, {"maxAge": 1, "name": "President of India", "relation": "Promoter", "url": "", "transactionDescription": "Other", "latestTransDate": "2019-12-12", "positionDirect": 3308184689, "positionDirectDate": "2019-12-12"}], "maxAge": 1}, "calendarEvents": {"maxAge": 1, "earnings": {"earningsDate": [], "earningsAverage": 1.06, "earningsLow": 0.28, "earningsHigh": 1.6, "revenueAverage": 56173000000, "revenueLow": 53475000000, "revenueHigh": 63121000000}, "exDividendDate": "2017-06-22 05:30:00"}, "price": {"maxAge": 1, "regularMarketChangePercent": -0.0014958635, "regularMarketChange": -0.099998474, "regularMarketTime": "2021-04-30 15:30:00", "priceHint": 2, "regularMarketPrice": 66.75, "regularMarketDayHigh": 68.4, "regularMarketDayLow": 65.05, "regularMarketVolume": 51156778, "averageDailyVolume10Day": 45982184, "averageDailyVolume3Month": 62139405, "regularMarketPreviousClose": 66.85, "regularMarketSource": "FREE_REALTIME", "regularMarketOpen": 65.4, "exchange": "NSI", "exchangeName": "NSE", "exchangeDataDelayedBy": 15, "marketState": "CLOSED", "quoteType": "EQUITY", "symbol": "BANKBARODA.NS", "underlyingSymbol": null, "shortName": "BK OF BARODA", "longName": "Bank of Baroda", "currency": "INR", "quoteSourceName": "Delayed Quote", "currencySymbol": "\u20b9", "fromCurrency": null, "toCurrency": null, "lastMarket": null, "marketCap": 344672305152}, "balanceSheetHistory": {"balanceSheetStatements": [{"maxAge": 1, "endDate": "2020-03-31", "cash": 1016482459000, "otherCurrentAssets": 447889834000, "totalCurrentAssets": 1464372293000, "longTermInvestments": 2897267230000, "propertyPlantEquipment": 90437847000, "goodWill": 2239076000, "otherAssets": 7545104914000, "deferredLongTermAssetCharges": 145746258000, "totalAssets": 11999421360000, "accountsPayable": 9732281492000, "otherCurrentLiab": 60723415000, "longTermDebt": 957526987000, "otherLiab": 432613553000, "minorityInterest": 3861746000, "totalCurrentLiabilities": 9844376095000, "totalLiab": 11234516635000, "commonStock": 9241133000, "retainedEarnings": 206274118000, "treasuryStock": 163316212000, "capitalSurplus": 382211516000, "otherStockholderEquity": 163316212000, "totalStockholderEquity": 761042979000, "netTangibleAssets": 758803903000}, {"maxAge": 1, "endDate": "2019-03-31", "cash": 731184349000, "otherCurrentAssets": 370165338000, "totalCurrentAssets": 1101349687000, "longTermInvestments": 1957162404000, "propertyPlantEquipment": 71437076000, "goodWill": 2239076000, "otherAssets": 5064531203000, "deferredLongTermAssetCharges": 74465517000, "totalAssets": 8196719446000, "accountsPayable": 6655886854000, "otherCurrentLiab": 30098156000, "longTermDebt": 688675317000, "otherLiab": 230203226000, "minorityInterest": 3413648000, "totalCurrentLiabilities": 6724466055000, "totalLiab": 7643344598000, "commonStock": 5291032000, "retainedEarnings": 247988387000, "treasuryStock": 135356235000, "capitalSurplus": 161325546000, "otherStockholderEquity": 135356235000, "totalStockholderEquity": 549961200000, "netTangibleAssets": 547722124000}, {"maxAge": 1, "endDate": "2018-03-31", "cash": 765371375000, "otherCurrentAssets": 311513293000, "totalCurrentAssets": 1076884668000, "longTermInvestments": 1751372281000, "propertyPlantEquipment": 55322812000, "otherAssets": 4594469425000, "deferredLongTermAssetCharges": 63522628000, "totalAssets": 7478049186000, "accountsPayable": 6074513648000, "otherCurrentLiab": 26111718000, "longTermDebt": 648598170000, "otherLiab": 225964645000, "minorityInterest": 2725241000, "totalCurrentLiabilities": 6135098801000, "totalLiab": 7009661616000, "commonStock": 5291032000, "retainedEarnings": 234076862000, "treasuryStock": 65365055000, "capitalSurplus": 160929380000, "otherStockholderEquity": 65365055000, "totalStockholderEquity": 465662329000, "netTangibleAssets": 465662329000}, {"maxAge": 1, "endDate": "2017-03-31", "cash": 1332514511000, "otherCurrentAssets": 289306373000, "totalCurrentAssets": 1621820884000, "longTermInvestments": 1407164332000, "propertyPlantEquipment": 59296750000, "otherAssets": 4103923166000, "deferredLongTermAssetCharges": 43357019000, "totalAssets": 7192205132000, "accountsPayable": 6172568665000, "otherCurrentLiab": 34586889000, "longTermDebt": 312420017000, "otherLiab": 205263162000, "minorityInterest": 2325279000, "totalCurrentLiabilities": 6241520949000, "totalLiab": 6759204128000, "commonStock": 4608319000, "retainedEarnings": 250596107000, "treasuryStock": 67609206000, "capitalSurplus": 107862093000, "otherStockholderEquity": 67609206000, "totalStockholderEquity": 430675725000, "netTangibleAssets": 430675725000}], "maxAge": 86400}, "earningsTrend": {"trend": [{"maxAge": 1, "period": "0q", "endDate": "2018-06-30", "growth": 0.205, "earningsEstimate": {"avg": 1.06, "low": 0.28, "high": 1.6, "yearAgoEps": 0.88, "numberOfAnalysts": 3, "growth": 0.205}, "revenueEstimate": {"avg": 56173000000, "low": 53475000000, "high": 63121000000, "numberOfAnalysts": 6, "yearAgoRevenue": 49561000000, "growth": 0.133}, "epsTrend": {"current": 1.06, "7daysAgo": 0.8, "30daysAgo": 0.28, "60daysAgo": 0.14, "90daysAgo": 0.14}, "epsRevisions": {"upLast7days": 0, "upLast30days": 0, "downLast30days": 0, "downLast90days": {}}}, {"maxAge": 1, "period": "+1q", "endDate": "2018-09-30", "growth": -0.117, "earningsEstimate": {"avg": 1.36, "low": 1.29, "high": 1.42, "yearAgoEps": 1.54, "numberOfAnalysts": 2, "growth": -0.117}, "revenueEstimate": {"avg": 58168400000, "low": 56344900000, "high": 59992000000, "numberOfAnalysts": 2, "yearAgoRevenue": 54575900000, "growth": 0.066}, "epsTrend": {"current": 1.36, "7daysAgo": 1.36, "30daysAgo": 1.42, "60daysAgo": 0.15, "90daysAgo": 0.15}, "epsRevisions": {"upLast7days": 0, "upLast30days": 0, "downLast30days": 0, "downLast90days": {}}}, {"maxAge": 1, "period": "0y", "endDate": "2019-03-31", "growth": 2.267, "earningsEstimate": {"avg": 13.34, "low": 5.9, "high": 22.0, "yearAgoEps": -10.53, "numberOfAnalysts": 35, "growth": 2.267}, "revenueEstimate": {"avg": 245220000000, "low": 223004000000, "high": 266197000000, "numberOfAnalysts": 34, "yearAgoRevenue": 221789000000, "growth": 0.106000006}, "epsTrend": {"current": 13.34, "7daysAgo": 13.56, "30daysAgo": 14.84, "60daysAgo": 15.21, "90daysAgo": 15.2}, "epsRevisions": {"upLast7days": 1, "upLast30days": 1, "downLast30days": 0, "downLast90days": {}}}, {"maxAge": 1, "period": "+1y", "endDate": "2020-03-31", "growth": 0.65099996, "earningsEstimate": {"avg": 22.03, "low": 12.6, "high": 29.0, "yearAgoEps": 13.34, "numberOfAnalysts": 35, "growth": 0.65099996}, "revenueEstimate": {"avg": 277538000000, "low": 241065000000, "high": 294310000000, "numberOfAnalysts": 33, "yearAgoRevenue": 245220000000, "growth": 0.132}, "epsTrend": {"current": 22.03, "7daysAgo": 22.07, "30daysAgo": 25.27, "60daysAgo": 22.65, "90daysAgo": 22.63}, "epsRevisions": {"upLast7days": 0, "upLast30days": 0, "downLast30days": 1, "downLast90days": {}}}, {"maxAge": 1, "period": "+5y", "endDate": null, "growth": 0.5172, "earningsEstimate": {"avg": {}, "low": {}, "high": {}, "yearAgoEps": {}, "numberOfAnalysts": {}, "growth": {}}, "revenueEstimate": {"avg": {}, "low": {}, "high": {}, "numberOfAnalysts": {}, "yearAgoRevenue": {}, "growth": {}}, "epsTrend": {"current": {}, "7daysAgo": {}, "30daysAgo": {}, "60daysAgo": {}, "90daysAgo": {}}, "epsRevisions": {"upLast7days": {}, "upLast30days": {}, "downLast30days": {}, "downLast90days": {}}}, {"maxAge": 1, "period": "-5y", "endDate": null, "growth": -0.2529, "earningsEstimate": {"avg": {}, "low": {}, "high": {}, "yearAgoEps": {}, "numberOfAnalysts": {}, "growth": {}}, "revenueEstimate": {"avg": {}, "low": {}, "high": {}, "numberOfAnalysts": {}, "yearAgoRevenue": {}, "growth": {}}, "epsTrend": {"current": {}, "7daysAgo": {}, "30daysAgo": {}, "60daysAgo": {}, "90daysAgo": {}}, "epsRevisions": {"upLast7days": {}, "upLast30days": {}, "downLast30days": {}, "downLast90days": {}}}], "maxAge": 1}, "institutionOwnership": {"maxAge": 1, "ownershipList": []}, "majorHoldersBreakdown": {"maxAge": 1, "insidersPercentHeld": 0.65294, "institutionsPercentHeld": 0.175, "institutionsFloatPercentHeld": 0.50423, "institutionsCount": 54}, "balanceSheetHistoryQuarterly": {"balanceSheetStatements": [{"maxAge": 1, "endDate": "2020-12-31", "cash": 328572700000, "netReceivables": 1107805400000, "totalCurrentAssets": 1436378100000, "longTermInvestments": 2868095700000, "propertyPlantEquipment": 85080400000, "goodWill": 2239100000, "otherAssets": 7839876600000, "totalAssets": 12231669900000, "accountsPayable": 9853045200000, "longTermDebt": 967981600000, "otherLiab": 616317800000, "minorityInterest": 4305500000, "totalCurrentLiabilities": 9853045200000, "totalLiab": 11437344600000, "commonStock": 9253700000, "treasuryStock": 780766100000, "otherStockholderEquity": 780766100000, "totalStockholderEquity": 790019800000, "netTangibleAssets": 787780700000}, {"maxAge": 1, "endDate": "2020-09-30", "cash": 1457003100000, "totalCurrentAssets": 1457003100000, "longTermInvestments": 2836600700000, "propertyPlantEquipment": 87260300000, "goodWill": 2239100000, "otherAssets": 7495483200000, "totalAssets": 11878586400000, "accountsPayable": 9822060800000, "longTermDebt": 710471800000, "otherLiab": 565897700000, "minorityInterest": 4325500000, "totalCurrentLiabilities": 9822060800000, "totalLiab": 11098430300000, "commonStock": 9253700000, "treasuryStock": 766576900000, "otherStockholderEquity": 766576900000, "totalStockholderEquity": 775830600000, "netTangibleAssets": 773591500000}, {"maxAge": 1, "endDate": "2020-06-30", "totalStockholderEquity": 761042979000, "netTangibleAssets": 758803903000}, {"maxAge": 1, "endDate": "2020-03-31", "cash": 1016482459000, "otherCurrentAssets": 447889834000, "totalCurrentAssets": 1464372293000, "longTermInvestments": 2897267230000, "propertyPlantEquipment": 90437847000, "goodWill": 2239076000, "otherAssets": 7545104914000, "deferredLongTermAssetCharges": 145746258000, "totalAssets": 11999421360000, "accountsPayable": 9732281492000, "otherCurrentLiab": 60723415000, "longTermDebt": 957526987000, "otherLiab": 432613553000, "minorityInterest": 3861746000, "totalCurrentLiabilities": 9844376095000, "totalLiab": 11234516635000, "commonStock": 9241133000, "retainedEarnings": 206274118000, "treasuryStock": 163316212000, "capitalSurplus": 382211516000, "otherStockholderEquity": 163316212000, "totalStockholderEquity": 761042979000, "netTangibleAssets": 758803903000}], "maxAge": 86400}, "earningsHistory": {"history": [{"maxAge": 1, "epsActual": 0.88, "epsEstimate": 2.63, "epsDifference": -1.75, "surprisePercent": -0.665, "quarter": "2017-06-30", "period": "-4q"}, {"maxAge": 1, "epsActual": 1.54, "epsEstimate": 1.96, "epsDifference": -0.42, "surprisePercent": -0.214, "quarter": "2017-09-30", "period": "-3q"}, {"maxAge": 1, "epsActual": 0.49, "epsEstimate": 1.31, "epsDifference": -0.82, "surprisePercent": -0.626, "quarter": "2017-12-31", "period": "-2q"}, {"maxAge": 1, "epsActual": -13.44, "epsEstimate": 1.39, "epsDifference": -14.83, "surprisePercent": -10.669001, "quarter": "2018-03-31", "period": "-1q"}], "maxAge": 86400}, "summaryProfile": {"address1": "Baroda Bhavan", "address2": "R C Dutt Road Alkapuri", "city": "Vadodara", "zip": "390007", "country": "India", "phone": "91 26 5231 6792", "website": "http://www.bankofbaroda.in", "industry": "Banks\u2014Regional", "sector": "Financial Services", "longBusinessSummary": "Bank of Baroda provides various banking products and services to individual, government departments, and corporate customers. The company operates through Treasury, Corporate/Wholesale Banking, Retail Banking, and Other Banking Operations segments. It offers fixed, current, recurring, and savings deposit products, as well as NRI account and foreign currency deposits. The company also provides loans, such as home, education, vehicle, personal, mortgage, commission agents, and traders loans, as well as advances against securities and gold ornaments/jewelries, and loans for public issues/initial public offers; professional, composite, small business borrower, capital expenditure, bridge, and short term corporate loans, as well as loans for micro, small, and medium enterprises; working capital finance, term finance, commercial vehicle finance, export and import finance, bill finance, lines of credit, loans against rent receivables, term finance, project finance, infrastructure finance, loans for takeover of accounts, foreign currency credit, supply chain finance, and non-fund based services; and debit, prepaid, and credit cards. In addition, it offers loans and advances, and pensions and government schemes to rural and agricultural customers; life insurance, general insurance, and health insurance products, as well as mutual funds; appraisal, merchant banking, cash management, remittance, collection, electronic clearing, correspondent banking, treasury, trade finance, investment, lockers, and capital market services; and digital banking services, including mobile banking, internet payment gateway, Bharat bill payment system, Baroda FASTag, self-service passbook printer, and Baroda TabiT. Further, the company offers banking solutions for start-ups. As of March 31, 2020, it operated a network of 9,482 branches; 101 overseas branches; 13,193 ATMs; and 1,252 e-lobbies. Bank of Baroda was founded in 1908 and is headquartered in Vadodara, India.", "fullTimeEmployees": 84283, "companyOfficers": [], "maxAge": 86400}, "netSharePurchaseActivity": {"maxAge": 1, "period": "6m", "buyInfoCount": 0, "buyInfoShares": 0, "sellInfoCount": 0, "netInfoCount": 0, "netInfoShares": 0, "netPercentInsiderShares": 0.0, "totalInsiderShares": 3015019520}, "insiderTransactions": {"transactions": [{"maxAge": 1, "shares": 651465798, "filerUrl": "", "transactionText": "", "filerName": "President of India", "filerRelation": "Promoter", "moneyText": "", "startDate": "2019-12-12", "ownership": "D"}, {"maxAge": 1, "shares": 6461221, "filerUrl": "", "transactionText": "", "filerName": "President of India", "filerRelation": "Promoter", "moneyText": "", "startDate": "2019-10-10", "ownership": "D"}, {"maxAge": 1, "shares": 989721092, "filerUrl": "", "transactionText": "", "filerName": "President of India", "filerRelation": "Promoter", "moneyText": "", "startDate": "2019-06-17", "ownership": "D"}, {"maxAge": 1, "shares": 12835716, "filerUrl": "", "transactionText": "", "filerName": "President of India", "filerRelation": "Promoter", "moneyText": "", "startDate": "2019-02-18", "ownership": "D"}, {"maxAge": 1, "shares": 7552410, "filerUrl": "", "transactionText": "", "filerName": "President of India", "filerRelation": "Promoter", "moneyText": "", "startDate": "2018-06-20", "ownership": "D"}, {"maxAge": 1, "shares": 341356534, "filerUrl": "", "transactionText": "", "filerName": "President of India", "filerRelation": "Promoter", "moneyText": "", "startDate": "2018-04-06", "ownership": "D"}, {"maxAge": 1, "shares": 14000, "filerUrl": "", "transactionText": "", "filerName": "Jaykumar (Palamadai Sundarajan)", "filerRelation": "UNREPORTED", "moneyText": "", "startDate": "2018-02-28", "ownership": "D"}, {"maxAge": 1, "shares": 12449966, "filerUrl": "", "transactionText": "", "filerName": "President of India", "filerRelation": "Promoter", "moneyText": "", "startDate": "2017-11-20", "ownership": "D"}, {"maxAge": 1, "shares": 18000, "filerUrl": "", "transactionText": "", "filerName": "Jaykumar (Palamadai Sundarajan)", "filerRelation": "UNREPORTED", "moneyText": "", "startDate": "2017-09-07", "ownership": "D"}, {"maxAge": 1, "shares": 35000, "filerUrl": "", "transactionText": "", "filerName": "Jayakumar (P S)", "filerRelation": "Chief Executive Officer", "moneyText": "", "startDate": "2017-08-14", "ownership": "D"}, {"maxAge": 1, "shares": 14500, "filerUrl": "", "transactionText": "", "filerName": "Jayakumar (P S)", "filerRelation": "Chief Executive Officer", "moneyText": "", "startDate": "2015-11-10", "ownership": "D"}, {"maxAge": 1, "shares": 8690208, "filerUrl": "", "transactionText": "", "filerName": "Life Insurance Corporation of India", "filerRelation": "Institution- Corporation", "moneyText": "", "startDate": "2015-01-15", "ownership": "D"}, {"maxAge": 1, "shares": 1, "filerUrl": "", "transactionText": "", "filerName": "Makkar (Prem K)", "filerRelation": "Director", "moneyText": "", "startDate": "2014-09-19", "ownership": "D"}, {"maxAge": 1, "shares": 21859802, "filerUrl": "", "transactionText": "", "filerName": "Life Insurance Corporation of India", "filerRelation": "Investment Advisor", "moneyText": "", "startDate": "2012-05-04", "ownership": "D"}, {"maxAge": 1, "shares": 9595898, "filerUrl": "", "transactionText": "", "filerName": "Life Insurance Corporation of India", "filerRelation": "Institution- Corporation", "moneyText": "", "startDate": "2011-10-11", "ownership": "D"}], "maxAge": 1}, "sectorTrend": {"maxAge": 1, "symbol": null, "estimates": []}, "incomeStatementHistoryQuarterly": {"incomeStatementHistory": [{"maxAge": 1, "endDate": "2020-12-31", "totalRevenue": 70450900000, "costOfRevenue": 0, "grossProfit": 70450900000, "researchDevelopment": {}, "sellingGeneralAdministrative": 29360600000, "nonRecurring": {}, "otherOperatingExpenses": 23176100000, "totalOperatingExpenses": 52536700000, "operatingIncome": 17914200000, "totalOtherIncomeExpenseNet": 557500000, "ebit": 0, "interestExpense": {}, "incomeBeforeTax": 18471700000, "incomeTaxExpense": 6322500000, "minorityInterest": 4305500000, "netIncomeFromContinuingOps": 12149200000, "discontinuedOperations": {}, "extraordinaryItems": {}, "effectOfAccountingCharges": {}, "otherItems": {}, "netIncome": 11959600000, "netIncomeApplicableToCommonShares": 11959600000}, {"maxAge": 1, "endDate": "2020-09-30", "totalRevenue": 82806600000, "costOfRevenue": 0, "grossProfit": 82806600000, "researchDevelopment": {}, "sellingGeneralAdministrative": 26771800000, "nonRecurring": {}, "otherOperatingExpenses": 28699000000, "totalOperatingExpenses": 55470800000, "operatingIncome": 27335800000, "totalOtherIncomeExpenseNet": -83800000, "ebit": 0, "interestExpense": {}, "incomeBeforeTax": 27252000000, "incomeTaxExpense": 9392800000, "minorityInterest": 4325500000, "netIncomeFromContinuingOps": 17859200000, "discontinuedOperations": {}, "extraordinaryItems": {}, "effectOfAccountingCharges": {}, "otherItems": {}, "netIncome": 17712100000, "netIncomeApplicableToCommonShares": 17712100000}, {"maxAge": 1, "endDate": "2020-06-30", "totalRevenue": 59654700000, "costOfRevenue": 0, "grossProfit": 59654700000, "researchDevelopment": {}, "sellingGeneralAdministrative": 25244850000, "nonRecurring": {}, "otherOperatingExpenses": 25966250000, "totalOperatingExpenses": 51211100000, "operatingIncome": 8443600000, "totalOtherIncomeExpenseNet": -92400000, "ebit": 0, "interestExpense": {}, "incomeBeforeTax": 8351200000, "incomeTaxExpense": 2723450000, "minorityInterest": 4325500000, "netIncomeFromContinuingOps": 5627750000, "discontinuedOperations": {}, "extraordinaryItems": {}, "effectOfAccountingCharges": {}, "otherItems": {}, "netIncome": 5462500000, "netIncomeApplicableToCommonShares": 5462500000}, {"maxAge": 1, "endDate": "2020-03-31", "totalRevenue": 33393351000, "costOfRevenue": 0, "grossProfit": 33393351000, "researchDevelopment": {}, "sellingGeneralAdministrative": 73249591000, "nonRecurring": {}, "otherOperatingExpenses": -22520084000, "totalOperatingExpenses": 50729507000, "operatingIncome": -17336156000, "totalOtherIncomeExpenseNet": -168219000, "ebit": 0, "interestExpense": {}, "incomeBeforeTax": -17504375000, "incomeTaxExpense": -22147200000, "minorityInterest": 3861746000, "netIncomeFromContinuingOps": 4642825000, "discontinuedOperations": {}, "extraordinaryItems": {}, "effectOfAccountingCharges": {}, "otherItems": {}, "netIncome": 4594210000, "netIncomeApplicableToCommonShares": 4594210000}], "maxAge": 86400}, "cashflowStatementHistoryQuarterly": {"cashflowStatements": [{"maxAge": 1, "endDate": "2020-12-31", "netIncome": 11959600000, "changeToLiabilities": 0}, {"maxAge": 1, "endDate": "2020-09-30", "netIncome": 17712100000, "depreciation": 3291400000, "changeToNetincome": 56389150000, "changeToLiabilities": 0, "changeToOperatingActivities": -26894100000, "totalCashFromOperatingActivities": 38248950000, "capitalExpenditures": -7004150000, "investments": -197900000, "totalCashflowsFromInvestingActivities": -1896250000, "netBorrowings": -3090500000, "otherCashflowsFromFinancingActivities": 40214000000, "totalCashFromFinancingActivities": 37123500000, "changeInCash": 73476200000}, {"maxAge": 1, "endDate": "2020-06-30", "netIncome": 5462500000, "depreciation": 3291400000, "changeToNetincome": 56389150000, "changeToLiabilities": 0, "changeToOperatingActivities": -26894100000, "totalCashFromOperatingActivities": 38248950000, "capitalExpenditures": -7004150000, "investments": -197900000, "totalCashflowsFromInvestingActivities": -1896250000, "netBorrowings": -3090500000, "otherCashflowsFromFinancingActivities": 40214000000, "totalCashFromFinancingActivities": 37123500000, "changeInCash": 73476200000}, {"maxAge": 1, "endDate": "2020-03-31", "netIncome": 4594210000, "depreciation": 3291400000, "changeToNetincome": 56389150000, "changeToLiabilities": 0, "changeToOperatingActivities": -26894100000, "totalCashFromOperatingActivities": 38248950000, "capitalExpenditures": -7004150000, "investments": -197900000, "totalCashflowsFromInvestingActivities": -1896250000, "netBorrowings": -3090500000, "otherCashflowsFromFinancingActivities": 40214000000, "totalCashFromFinancingActivities": 37123500000, "changeInCash": 73476200000}], "maxAge": 86400}, "earnings": {"maxAge": 86400, "earningsChart": {"quarterly": [{"date": "2Q2017", "actual": 0.88, "estimate": 2.63}, {"date": "3Q2017", "actual": 1.54, "estimate": 1.96}, {"date": "4Q2017", "actual": 0.49, "estimate": 1.31}, {"date": "1Q2018", "actual": -13.44, "estimate": 1.39}], "currentQuarterEstimate": 1.06, "currentQuarterEstimateDate": "2Q", "currentQuarterEstimateYear": 2018, "earningsDate": []}, "financialsChart": {"yearly": [{"date": 2017, "revenue": 133741469000, "earnings": 18149773000}, {"date": 2018, "revenue": 92208996000, "earnings": -18871074000}, {"date": 2019, "revenue": 142935511000, "earnings": 11001011000}, {"date": 2020, "revenue": 193423751000, "earnings": 9277510000}], "quarterly": [{"date": "1Q2020", "revenue": 33393351000, "earnings": 4594210000}, {"date": "2Q2020", "revenue": 59654700000, "earnings": 5462500000}, {"date": "3Q2020", "revenue": 82806600000, "earnings": 17712100000}, {"date": "4Q2020", "revenue": 70450900000, "earnings": 11959600000}]}, "financialCurrency": "INR"}, "financialData": {"maxAge": 86400, "currentPrice": 66.75, "targetHighPrice": 230.0, "targetLowPrice": 120.0, "targetMeanPrice": 175.02, "targetMedianPrice": 180.0, "recommendationMean": 2.0, "recommendationKey": "buy", "numberOfAnalystOpinions": 44, "totalCash": 328572698624, "totalCashPerShare": 71.157, "totalDebt": 967981596672, "totalRevenue": 223153651712, "revenuePerShare": 48.312, "returnOnAssets": 0.00238, "returnOnEquity": 0.036140002, "grossProfits": 193423751000, "revenueGrowth": 0.964, "grossMargins": 0.0, "ebitdaMargins": 0.0, "operatingMargins": 0.07827, "profitMargins": 0.12314, "financialCurrency": "INR"}}}