{"BANKINDIA.BO": {"recommendationTrend": {"trend": [{"period": "0m", "strongBuy": 0, "buy": 0, "hold": 0, "sell": 0, "strongSell": 0}, {"period": "-1m", "strongBuy": 0, "buy": 0, "hold": 0, "sell": 0, "strongSell": 0}, {"period": "-2m", "strongBuy": 0, "buy": 0, "hold": 0, "sell": 0, "strongSell": 0}, {"period": "-3m", "strongBuy": 0, "buy": 0, "hold": 0, "sell": 0, "strongSell": 0}], "maxAge": 86400}, "cashflowStatementHistory": {"cashflowStatements": [{"maxAge": 1, "endDate": "2020-03-31", "netIncome": -30510379000, "depreciation": 3919554000, "changeToNetincome": 147453485000, "changeToLiabilities": 0, "changeToOperatingActivities": -517448089000, "totalCashFromOperatingActivities": -396585429000, "capitalExpenditures": -9618793000, "otherCashflowsFromInvestingActivities": 143039000, "totalCashflowsFromInvestingActivities": -2318026000, "netBorrowings": -23250000000, "otherCashflowsFromFinancingActivities": 293476453000, "totalCashFromFinancingActivities": 316394098000, "changeInCash": -82509357000, "issuanceOfStock": 46167645000}, {"maxAge": 1, "endDate": "2019-03-31", "netIncome": -54265663000, "depreciation": 3728417000, "changeToNetincome": 112001850000, "changeToLiabilities": 0, "changeToOperatingActivities": -149226211000, "totalCashFromOperatingActivities": -87761607000, "capitalExpenditures": -2978162000, "otherCashflowsFromInvestingActivities": 114861000, "totalCashflowsFromInvestingActivities": 710684000, "netBorrowings": -64000000000, "otherCashflowsFromFinancingActivities": -14570464000, "totalCashFromFinancingActivities": 75408548000, "changeInCash": -11642375000, "issuanceOfStock": 153979012000}, {"maxAge": 1, "endDate": "2018-03-31", "netIncome": -59613115000, "depreciation": 5216765000, "changeToNetincome": 131056298000, "changeToLiabilities": 0, "changeToOperatingActivities": 43232187000, "totalCashFromOperatingActivities": 119892135000, "capitalExpenditures": -3435390000, "otherCashflowsFromInvestingActivities": 74829000, "totalCashflowsFromInvestingActivities": -2598920000, "netBorrowings": -7068588000, "otherCashflowsFromFinancingActivities": -226855435000, "totalCashFromFinancingActivities": -121697979000, "changeInCash": -4404764000, "issuanceOfStock": 112226044000}, {"maxAge": 1, "endDate": "2017-03-31", "netIncome": -14700930000, "depreciation": -72330000, "changeToNetincome": 137511397000, "changeToLiabilities": 0, "changeToOperatingActivities": -455275267000, "totalCashFromOperatingActivities": -332537130000, "capitalExpenditures": -5149718000, "otherCashflowsFromInvestingActivities": 339348000, "totalCashflowsFromInvestingActivities": -3710555000, "netBorrowings": 24565850000, "otherCashflowsFromFinancingActivities": 250720644000, "totalCashFromFinancingActivities": 305847592000, "changeInCash": -30400093000, "issuanceOfStock": 30561098000}], "maxAge": 86400}, "institutionOwnership": {"maxAge": 1, "ownershipList": []}, "balanceSheetHistoryQuarterly": {"balanceSheetStatements": [{"maxAge": 1, "endDate": "2020-06-30", "cash": 386507500000, "netReceivables": 683077100000, "totalCurrentAssets": 1069584600000, "longTermInvestments": 1664673200000, "propertyPlantEquipment": 90196100000, "otherAssets": 4052952100000, "totalAssets": 6877406000000, "accountsPayable": 5971917800000, "longTermDebt": 257480500000, "otherLiab": 185971500000, "minorityInterest": 1674600000, "totalCurrentLiabilities": 5971917800000, "totalLiab": 6415369800000, "commonStock": 32776600000, "treasuryStock": 427585000000, "otherStockholderEquity": 427585000000, "totalStockholderEquity": 460361600000, "netTangibleAssets": 460361600000}, {"maxAge": 1, "endDate": "2020-03-31", "cash": 604062701000, "otherCurrentAssets": 351257155000, "totalCurrentAssets": 955319856000, "longTermInvestments": 1623229081000, "propertyPlantEquipment": 90579849000, "otherAssets": 3961059613000, "deferredLongTermAssetCharges": 137603952000, "totalAssets": 6630188399000, "accountsPayable": 5573864271000, "otherCurrentLiab": 11271665000, "longTermDebt": 397524659000, "otherLiab": 175727568000, "minorityInterest": 1514163000, "totalCurrentLiabilities": 5604690523000, "totalLiab": 6177942750000, "commonStock": 32769234000, "retainedEarnings": -53241585000, "treasuryStock": 112170953000, "capitalSurplus": 359032884000, "otherStockholderEquity": 112170953000, "totalStockholderEquity": 450731486000, "netTangibleAssets": 450731486000}, {"maxAge": 1, "endDate": "2019-12-31", "cash": 323889900000, "netReceivables": 633805900000, "totalCurrentAssets": 957695800000, "longTermInvestments": 1611205500000, "propertyPlantEquipment": 90302400000, "otherAssets": 3704219300000, "totalAssets": 6363423000000, "accountsPayable": 5241815500000, "longTermDebt": 450957900000, "otherLiab": 182758100000, "minorityInterest": 1704300000, "totalCurrentLiabilities": 5241815500000, "totalLiab": 5875531500000, "commonStock": 32776600000, "treasuryStock": 453410600000, "otherStockholderEquity": 453410600000, "totalStockholderEquity": 486187200000, "netTangibleAssets": 486187200000}, {"maxAge": 1, "endDate": "2019-09-30", "cash": 959026400000, "totalCurrentAssets": 959026400000, "longTermInvestments": 1528432400000, "propertyPlantEquipment": 90187600000, "otherAssets": 3682614600000, "totalAssets": 6260261000000, "accountsPayable": 5198616000000, "longTermDebt": 409615100000, "otherLiab": 167630000000, "minorityInterest": 1661600000, "totalCurrentLiabilities": 5198616000000, "totalLiab": 5775861100000, "commonStock": 32776600000, "treasuryStock": 449961700000, "otherStockholderEquity": 449961700000, "totalStockholderEquity": 482738300000, "netTangibleAssets": 482738300000}], "maxAge": 86400}, "earningsHistory": {"history": [{"maxAge": 1, "epsActual": -19.76, "epsEstimate": -2.57, "epsDifference": -17.19, "surprisePercent": -6.689, "quarter": "2017-12-31", "period": "-4q"}, {"maxAge": 1, "epsActual": -32.65, "epsEstimate": -2.94, "epsDifference": -29.71, "surprisePercent": -10.105, "quarter": "2018-03-31", "period": "-3q"}, {"maxAge": 1, "epsActual": 0.55, "epsEstimate": -6.53, "epsDifference": 7.08, "surprisePercent": 1.084, "quarter": "2018-06-30", "period": "-2q"}, {"maxAge": 1, "epsActual": -6.63, "epsEstimate": -4.67, "epsDifference": -1.96, "surprisePercent": -0.42, "quarter": "2018-09-30", "period": "-1q"}], "maxAge": 86400}, "indexTrend": {"maxAge": 1, "symbol": "SP5", "peRatio": 19.7411, "pegRatio": 1.34172, "estimates": [{"period": "0q", "growth": 0.549}, {"period": "+1q", "growth": 0.431}, {"period": "0y", "growth": 0.305}, {"period": "+1y", "growth": 0.109}, {"period": "+5y", "growth": 0.120865}, {"period": "-5y"}]}, "industryTrend": {"maxAge": 1, "symbol": null, "estimates": []}, "insiderTransactions": {"transactions": [{"maxAge": 1, "shares": 517633928, "filerUrl": "", "transactionText": "", "filerName": "President of India", "filerRelation": "Promoter", "moneyText": "", "startDate": "2019-04-20", "ownership": "D"}, {"maxAge": 1, "shares": 0, "filerUrl": "", "transactionText": "", "filerName": "President of India", "filerRelation": "Promoter", "moneyText": "", "startDate": "2019-03-11", "ownership": "I"}, {"maxAge": 1, "shares": 953758865, "filerUrl": "", "transactionText": "", "filerName": "President of India", "filerRelation": "Promoter", "moneyText": "", "startDate": "2019-02-16", "ownership": "D"}], "maxAge": 1}, "quoteType": {"exchange": "BSE", "quoteType": "EQUITY", "symbol": "BANKINDIA.BO", "underlyingSymbol": "BANKINDIA.BO", "shortName": "BANK OF INDIA", "longName": "Bank of India Limited", "firstTradeDateEpochUtc": "2000-01-03 09:15:00", "timeZoneFullName": "Asia/Kolkata", "timeZoneShortName": "IST", "uuid": "a95cadb9-1626-36f6-9c5e-b79e008a86f7", "messageBoardId": null, "gmtOffSetMilliseconds": 19800000, "maxAge": 1}, "incomeStatementHistory": {"incomeStatementHistory": [{"maxAge": 1, "endDate": "2020-03-31", "totalRevenue": 60425771000, "costOfRevenue": 0, "grossProfit": 60425771000, "researchDevelopment": {}, "sellingGeneralAdministrative": 83230984000, "nonRecurring": {}, "otherOperatingExpenses": 22893033000, "totalOperatingExpenses": 106124017000, "operatingIncome": -45698246000, "totalOtherIncomeExpenseNet": -1218330000, "ebit": 0, "interestExpense": {}, "incomeBeforeTax": -46916576000, "incomeTaxExpense": -16404200000, "minorityInterest": 1514163000, "netIncomeFromContinuingOps": -30512376000, "discontinuedOperations": {}, "extraordinaryItems": {}, "effectOfAccountingCharges": {}, "otherItems": {}, "netIncome": -30510379000, "netIncomeApplicableToCommonShares": -30510379000}, {"maxAge": 1, "endDate": "2019-03-31", "totalRevenue": 17355047000, "costOfRevenue": 0, "grossProfit": 17355047000, "researchDevelopment": {}, "sellingGeneralAdministrative": 81231156000, "nonRecurring": {}, "otherOperatingExpenses": 22708094000, "totalOperatingExpenses": 103939250000, "operatingIncome": -86584203000, "totalOtherIncomeExpenseNet": 713310000, "ebit": 0, "interestExpense": {}, "incomeBeforeTax": -85870893000, "incomeTaxExpense": -31610000000, "minorityInterest": 1621544000, "netIncomeFromContinuingOps": -54260893000, "discontinuedOperations": {}, "extraordinaryItems": {}, "effectOfAccountingCharges": {}, "otherItems": {}, "netIncome": -54265663000, "netIncomeApplicableToCommonShares": -54265663000}, {"maxAge": 1, "endDate": "2018-03-31", "totalRevenue": 6053116000, "costOfRevenue": 0, "grossProfit": 6053116000, "researchDevelopment": {}, "sellingGeneralAdministrative": 71002814000, "nonRecurring": {}, "otherOperatingExpenses": 21649072000, "totalOperatingExpenses": 92651886000, "operatingIncome": -86598770000, "totalOtherIncomeExpenseNet": 911615000, "ebit": 0, "interestExpense": {}, "incomeBeforeTax": -85687155000, "incomeTaxExpense": -25870000000, "minorityInterest": 1591471000, "netIncomeFromContinuingOps": -59817155000, "discontinuedOperations": {}, "extraordinaryItems": {}, "effectOfAccountingCharges": {}, "otherItems": {}, "netIncome": -59613115000, "netIncomeApplicableToCommonShares": -59613115000}, {"maxAge": 1, "endDate": "2017-03-31", "totalRevenue": 65628009000, "costOfRevenue": 0, "grossProfit": 65628009000, "researchDevelopment": {}, "sellingGeneralAdministrative": 70005228000, "nonRecurring": {}, "otherOperatingExpenses": 19744320000, "totalOperatingExpenses": 89749548000, "operatingIncome": -24121539000, "totalOtherIncomeExpenseNet": 1022263000, "ebit": 0, "interestExpense": {}, "incomeBeforeTax": -23099276000, "incomeTaxExpense": -8184100000, "minorityInterest": 809809000, "netIncomeFromContinuingOps": -14915176000, "discontinuedOperations": {}, "extraordinaryItems": {}, "effectOfAccountingCharges": {}, "otherItems": {}, "netIncome": -14700930000, "netIncomeApplicableToCommonShares": -14700930000}], "maxAge": 86400}, "fundOwnership": {"maxAge": 1, "ownershipList": [{"maxAge": 1, "reportDate": "2020-07-31", "organization": "Vanguard International Stock Index-Emerging Markets Stk", "pctHeld": 0.0015, "position": 4809154, "value": 226511153}, {"maxAge": 1, "reportDate": "2020-07-31", "organization": "Vanguard International Stock Index-Total Intl Stock Indx", "pctHeld": 0.0014, "position": 4652428, "value": 219129358}, {"maxAge": 1, "reportDate": "2020-06-30", "organization": "PIMCO Equity Series-PIMCO RAE Emerging Markets Fd", "pctHeld": 0.00029999999, "position": 874732, "value": 42774394}, {"maxAge": 1, "reportDate": "2020-07-31", "organization": "Vanguard Intl Equity Index Fds-FTSE All World ex U.S. Index Fund", "pctHeld": 0.0002, "position": 657868, "value": 30985582}, {"maxAge": 1, "reportDate": "2020-05-31", "organization": "Schwab Strategic Tr-Schwab Emerging Markets Equity ETF", "pctHeld": 0.0001, "position": 380195, "value": 11976142}]}, "summaryDetail": {"maxAge": 1, "priceHint": 2, "previousClose": 67.45, "open": 67.2, "dayLow": 65.65, "dayHigh": 67.75, "regularMarketPreviousClose": 67.45, "regularMarketOpen": 67.2, "regularMarketDayLow": 65.65, "regularMarketDayHigh": 67.75, "forwardPE": 7.1497846, "volume": 316573, "regularMarketVolume": 316573, "averageVolume": 1075979, "averageVolume10days": 4053728, "averageDailyVolume10Day": 4053728, "bid": 66.0, "ask": 66.35, "bidSize": 0, "askSize": 0, "marketCap": 217423642624, "fiftyTwoWeekLow": 31.0, "fiftyTwoWeekHigh": 101.45, "fiftyDayAverage": 58.16857, "twoHundredDayAverage": 48.470074, "currency": "INR", "fromCurrency": null, "toCurrency": null, "lastMarket": null, "algorithm": null, "tradeable": false}, "sectorTrend": {"maxAge": 1, "symbol": null, "estimates": []}, "incomeStatementHistoryQuarterly": {"incomeStatementHistory": [{"maxAge": 1, "endDate": "2020-06-30", "totalRevenue": 37333500000, "costOfRevenue": 0, "grossProfit": 37333500000, "researchDevelopment": {}, "sellingGeneralAdministrative": 14643900000, "nonRecurring": {}, "otherOperatingExpenses": 9275500000, "totalOperatingExpenses": 23919400000, "operatingIncome": 13414100000, "totalOtherIncomeExpenseNet": -64000000, "ebit": 0, "interestExpense": {}, "incomeBeforeTax": 13350100000, "incomeTaxExpense": 4899500000, "minorityInterest": 1674600000, "netIncomeFromContinuingOps": 8450600000, "discontinuedOperations": {}, "extraordinaryItems": {}, "effectOfAccountingCharges": {}, "otherItems": {}, "netIncome": 8457800000, "netIncomeApplicableToCommonShares": 8457800000}, {"maxAge": 1, "endDate": "2020-03-31", "totalRevenue": -26194129000, "costOfRevenue": 0, "grossProfit": -26194129000, "researchDevelopment": {}, "sellingGeneralAdministrative": 38123784000, "nonRecurring": {}, "otherOperatingExpenses": -9465667000, "totalOperatingExpenses": 28658117000, "operatingIncome": -54852246000, "totalOtherIncomeExpenseNet": -315530000, "ebit": 0, "interestExpense": {}, "incomeBeforeTax": -55167776000, "incomeTaxExpense": -19159700000, "minorityInterest": 1514163000, "netIncomeFromContinuingOps": -36008076000, "discontinuedOperations": {}, "extraordinaryItems": {}, "effectOfAccountingCharges": {}, "otherItems": {}, "netIncome": -36006479000, "netIncomeApplicableToCommonShares": -36006479000}, {"maxAge": 1, "endDate": "2019-12-31", "totalRevenue": 26583900000, "costOfRevenue": 0, "grossProfit": 26583900000, "researchDevelopment": {}, "sellingGeneralAdministrative": 14696300000, "nonRecurring": {}, "otherOperatingExpenses": 10584600000, "totalOperatingExpenses": 25280900000, "operatingIncome": 1303000000, "totalOtherIncomeExpenseNet": 226700000, "ebit": 0, "interestExpense": {}, "incomeBeforeTax": 1529700000, "incomeTaxExpense": 146600000, "minorityInterest": 1704300000, "netIncomeFromContinuingOps": 1383100000, "discontinuedOperations": {}, "extraordinaryItems": {}, "effectOfAccountingCharges": {}, "otherItems": {}, "netIncome": 1382000000, "netIncomeApplicableToCommonShares": 1382000000}, {"maxAge": 1, "endDate": "2019-09-30", "totalRevenue": 31847100000, "costOfRevenue": 0, "grossProfit": 31847100000, "researchDevelopment": {}, "sellingGeneralAdministrative": 16209000000, "nonRecurring": {}, "otherOperatingExpenses": 11422400000, "totalOperatingExpenses": 27631400000, "operatingIncome": 4215700000, "totalOtherIncomeExpenseNet": -215000000, "ebit": 0, "interestExpense": {}, "incomeBeforeTax": 4000700000, "incomeTaxExpense": 1431600000, "minorityInterest": 1661600000, "netIncomeFromContinuingOps": 2569100000, "discontinuedOperations": {}, "extraordinaryItems": {}, "effectOfAccountingCharges": {}, "otherItems": {}, "netIncome": 2573100000, "netIncomeApplicableToCommonShares": 2573100000}], "maxAge": 86400}, "cashflowStatementHistoryQuarterly": {"cashflowStatements": [{"maxAge": 1, "endDate": "2020-06-30", "netIncome": 8457800000, "changeToLiabilities": 0}, {"maxAge": 1, "endDate": "2020-03-31", "netIncome": -36006479000, "changeToLiabilities": 0}, {"maxAge": 1, "endDate": "2019-12-31", "netIncome": 1382000000, "changeToLiabilities": 0}, {"maxAge": 1, "endDate": "2019-09-30", "netIncome": 2573100000, "changeToLiabilities": 0}], "maxAge": 86400}, "insiderHolders": {"holders": [{"maxAge": 1, "name": "President of India", "relation": "Promoter", "url": "", "transactionDescription": "Other", "latestTransDate": "2019-04-20", "positionDirect": 2919690866, "positionDirectDate": "2019-04-20"}], "maxAge": 1}, "earnings": {"maxAge": 86400, "earningsChart": {"quarterly": [{"date": "4Q2017", "actual": -19.76, "estimate": -2.57}, {"date": "1Q2018", "actual": -32.65, "estimate": -2.94}, {"date": "2Q2018", "actual": 0.55, "estimate": -6.53}, {"date": "3Q2018", "actual": -6.63, "estimate": -4.67}], "currentQuarterEstimateDate": "4Q", "currentQuarterEstimateYear": 2018, "earningsDate": []}, "financialsChart": {"yearly": [{"date": 2017, "revenue": 65628009000, "earnings": -14700930000}, {"date": 2018, "revenue": 6053116000, "earnings": -59613115000}, {"date": 2019, "revenue": 17355047000, "earnings": -54265663000}, {"date": 2020, "revenue": 60425771000, "earnings": -30510379000}], "quarterly": [{"date": "3Q2019", "revenue": 31847100000, "earnings": 2573100000}, {"date": "4Q2019", "revenue": 26583900000, "earnings": 1382000000}, {"date": "1Q2020", "revenue": -26194129000, "earnings": -36006479000}, {"date": "2Q2020", "revenue": 37333500000, "earnings": 8457800000}]}, "financialCurrency": "INR"}, "calendarEvents": {"maxAge": 1, "earnings": {"earningsDate": []}}, "price": {"maxAge": 1, "regularMarketChangePercent": -0.016308354, "regularMarketChange": -1.0999985, "regularMarketTime": "2021-04-30 15:52:14", "priceHint": 2, "regularMarketPrice": 66.35, "regularMarketDayHigh": 67.75, "regularMarketDayLow": 65.65, "regularMarketVolume": 316573, "averageDailyVolume10Day": 4053728, "averageDailyVolume3Month": 1075979, "regularMarketPreviousClose": 67.45, "regularMarketSource": "FREE_REALTIME", "regularMarketOpen": 67.2, "exchange": "BSE", "exchangeName": "BSE", "exchangeDataDelayedBy": 0, "marketState": "CLOSED", "quoteType": "EQUITY", "symbol": "BANKINDIA.BO", "underlyingSymbol": null, "shortName": "BANK OF INDIA", "longName": "Bank of India Limited", "currency": "INR", "quoteSourceName": "Delayed Quote", "currencySymbol": "\u20b9", "fromCurrency": null, "toCurrency": null, "lastMarket": null, "marketCap": 217423642624}, "balanceSheetHistory": {"balanceSheetStatements": [{"maxAge": 1, "endDate": "2020-03-31", "cash": 604062701000, "otherCurrentAssets": 351257155000, "totalCurrentAssets": 955319856000, "longTermInvestments": 1623229081000, "propertyPlantEquipment": 90579849000, "otherAssets": 3961059613000, "deferredLongTermAssetCharges": 137603952000, "totalAssets": 6630188399000, "accountsPayable": 5573864271000, "otherCurrentLiab": 11271665000, "longTermDebt": 397524659000, "otherLiab": 175727568000, "minorityInterest": 1514163000, "totalCurrentLiabilities": 5604690523000, "totalLiab": 6177942750000, "commonStock": 32769234000, "retainedEarnings": -53241585000, "treasuryStock": 112170953000, "capitalSurplus": 359032884000, "otherStockholderEquity": 112170953000, "totalStockholderEquity": 450731486000, "netTangibleAssets": 450731486000}, {"maxAge": 1, "endDate": "2019-03-31", "cash": 680152825000, "netReceivables": 655379000000, "otherCurrentAssets": 351254373000, "totalCurrentAssets": 1031407198000, "longTermInvestments": 1509050173000, "propertyPlantEquipment": 89990777000, "otherAssets": 3678390947000, "deferredLongTermAssetCharges": 119357305000, "totalAssets": 6308839095000, "accountsPayable": 5225549623000, "otherCurrentLiab": 12824005000, "longTermDebt": 442651923000, "otherLiab": 129323481000, "minorityInterest": 1621544000, "totalCurrentLiabilities": 5258722671000, "totalLiab": 5830698075000, "commonStock": 27592894000, "retainedEarnings": -21223576000, "treasuryStock": 152108580000, "capitalSurplus": 318041578000, "otherStockholderEquity": 152108580000, "totalStockholderEquity": 476519476000, "netTangibleAssets": 476519476000}, {"maxAge": 1, "endDate": "2018-03-31", "cash": 670429968000, "otherCurrentAssets": 331899816000, "totalCurrentAssets": 1002329784000, "longTermInvestments": 1403210710000, "propertyPlantEquipment": 83498563000, "otherAssets": 3662804341000, "deferredLongTermAssetCharges": 92140211000, "totalAssets": 6151843398000, "accountsPayable": 5229969037000, "otherCurrentLiab": 13796839000, "longTermDebt": 435982553000, "otherLiab": 81282297000, "minorityInterest": 1591471000, "totalCurrentLiabilities": 5265422262000, "totalLiab": 5782687112000, "commonStock": 17429784000, "retainedEarnings": 33435593000, "treasuryStock": 96093761000, "capitalSurplus": 220605677000, "otherStockholderEquity": 96093761000, "totalStockholderEquity": 367564815000, "netTangibleAssets": 367564815000}, {"maxAge": 1, "endDate": "2017-03-31", "cash": 709487210000, "otherCurrentAssets": 292166138000, "totalCurrentAssets": 1001653348000, "longTermInvestments": 1307512629000, "propertyPlantEquipment": 85457781000, "otherAssets": 3925635751000, "deferredLongTermAssetCharges": 54172137000, "totalAssets": 6320259509000, "accountsPayable": 5423521148000, "otherCurrentLiab": 14432960000, "longTermDebt": 394914169000, "otherLiab": 126198399000, "minorityInterest": 809809000, "totalCurrentLiabilities": 5462044530000, "totalLiab": 5983157098000, "commonStock": 10546951000, "retainedEarnings": 102760427000, "treasuryStock": 107722757000, "capitalSurplus": 115262467000, "otherStockholderEquity": 107722757000, "totalStockholderEquity": 336292602000, "netTangibleAssets": 336292602000}], "maxAge": 86400}, "earningsTrend": {"trend": [{"maxAge": 1, "period": "0q", "endDate": "2018-12-31", "growth": {}, "earningsEstimate": {"avg": 0.0, "low": 0.0, "high": 0.0, "yearAgoEps": -19.76, "numberOfAnalysts": 0, "growth": {}}, "revenueEstimate": {"avg": 0, "low": 0, "high": 0, "numberOfAnalysts": 0, "yearAgoRevenue": {}, "growth": {}}, "epsTrend": {"current": 0.0, "7daysAgo": -2.9, "30daysAgo": -2.9, "60daysAgo": -2.9, "90daysAgo": -2.9}, "epsRevisions": {"upLast7days": 0, "upLast30days": 0, "downLast30days": 0, "downLast90days": {}}}, {"maxAge": 1, "period": "+1q", "endDate": "2019-03-31", "growth": {}, "earningsEstimate": {"avg": 0.0, "low": 0.0, "high": 0.0, "yearAgoEps": -32.65, "numberOfAnalysts": 0, "growth": {}}, "revenueEstimate": {"avg": 0, "low": 0, "high": 0, "numberOfAnalysts": 0, "yearAgoRevenue": {}, "growth": {}}, "epsTrend": {"current": 0.0, "7daysAgo": -1.53, "30daysAgo": -1.53, "60daysAgo": -1.53, "90daysAgo": -1.53}, "epsRevisions": {"upLast7days": 0, "upLast30days": 0, "downLast30days": 0, "downLast90days": {}}}, {"maxAge": 1, "period": "0y", "endDate": "2019-03-31", "growth": {}, "earningsEstimate": {"avg": 0.0, "low": 0.0, "high": 0.0, "yearAgoEps": {}, "numberOfAnalysts": 0, "growth": {}}, "revenueEstimate": {"avg": 173675000000, "low": 164365000000, "high": 191087000000, "numberOfAnalysts": 7, "yearAgoRevenue": 162401000000, "growth": 0.069}, "epsTrend": {"current": 0.0, "7daysAgo": -5.57, "30daysAgo": -5.57, "60daysAgo": -5.57, "90daysAgo": -5.57}, "epsRevisions": {"upLast7days": 1, "upLast30days": 1, "downLast30days": 0, "downLast90days": {}}}, {"maxAge": 1, "period": "+1y", "endDate": "2020-03-31", "growth": {}, "earningsEstimate": {"avg": 0.0, "low": 0.0, "high": 0.0, "yearAgoEps": {}, "numberOfAnalysts": 0, "growth": {}}, "revenueEstimate": {"avg": 181936000000, "low": 162221000000, "high": 205072000000, "numberOfAnalysts": 7, "yearAgoRevenue": 173675000000, "growth": 0.048}, "epsTrend": {"current": 0.0, "7daysAgo": 9.28, "30daysAgo": 9.28, "60daysAgo": 9.28, "90daysAgo": 9.28}, "epsRevisions": {"upLast7days": 1, "upLast30days": 1, "downLast30days": 0, "downLast90days": {}}}, {"maxAge": 1, "period": "+5y", "endDate": null, "growth": 0.3, "earningsEstimate": {"avg": {}, "low": {}, "high": {}, "yearAgoEps": {}, "numberOfAnalysts": {}, "growth": {}}, "revenueEstimate": {"avg": {}, "low": {}, "high": {}, "numberOfAnalysts": {}, "yearAgoRevenue": {}, "growth": {}}, "epsTrend": {"current": {}, "7daysAgo": {}, "30daysAgo": {}, "60daysAgo": {}, "90daysAgo": {}}, "epsRevisions": {"upLast7days": {}, "upLast30days": {}, "downLast30days": {}, "downLast90days": {}}}, {"maxAge": 1, "period": "-5y", "endDate": null, "growth": {}, "earningsEstimate": {"avg": {}, "low": {}, "high": {}, "yearAgoEps": {}, "numberOfAnalysts": {}, "growth": {}}, "revenueEstimate": {"avg": {}, "low": {}, "high": {}, "numberOfAnalysts": {}, "yearAgoRevenue": {}, "growth": {}}, "epsTrend": {"current": {}, "7daysAgo": {}, "30daysAgo": {}, "60daysAgo": {}, "90daysAgo": {}}, "epsRevisions": {"upLast7days": {}, "upLast30days": {}, "downLast30days": {}, "downLast90days": {}}}], "maxAge": 1}, "financialData": {"maxAge": 86400, "currentPrice": 66.35, "targetHighPrice": 165.0, "targetLowPrice": 60.0, "targetMeanPrice": 89.58, "targetMedianPrice": 83.5, "recommendationKey": "none", "numberOfAnalystOpinions": 12, "grossProfits": 60425771000, "financialCurrency": "INR"}}}