{"BANSWRAS.BO": {"recommendationTrend": {"trend": [{"period": "0m", "strongBuy": 0, "buy": 0, "hold": 0, "sell": 0, "strongSell": 0}, {"period": "-1m", "strongBuy": 0, "buy": 0, "hold": 0, "sell": 0, "strongSell": 0}, {"period": "-2m", "strongBuy": 0, "buy": 0, "hold": 0, "sell": 0, "strongSell": 0}, {"period": "-3m", "strongBuy": 0, "buy": 0, "hold": 0, "sell": 0, "strongSell": 0}], "maxAge": 86400}, "cashflowStatementHistory": {"cashflowStatements": [{"maxAge": 1, "endDate": "2020-03-31", "netIncome": 532874000, "depreciation": 504325000, "changeToNetincome": 384403000, "changeToAccountReceivables": 369135000, "changeToLiabilities": -221157000, "changeToInventory": 504306000, "changeToOperatingActivities": 2246000, "totalCashFromOperatingActivities": 2083852000, "capitalExpenditures": -79676000, "investments": -10021000, "otherCashflowsFromInvestingActivities": 5461000, "totalCashflowsFromInvestingActivities": -68598000, "dividendsPaid": -42790000, "netBorrowings": -1528000000, "otherCashflowsFromFinancingActivities": -489591000, "totalCashFromFinancingActivities": -2060381000, "changeInCash": -45127000}, {"maxAge": 1, "endDate": "2019-03-31", "netIncome": 243506000, "depreciation": 541019000, "changeToNetincome": 514504000, "changeToAccountReceivables": 203046000, "changeToLiabilities": -353480000, "changeToInventory": 216615000, "changeToOperatingActivities": -134000, "totalCashFromOperatingActivities": 1372796000, "capitalExpenditures": -118769000, "investments": -8177000, "otherCashflowsFromInvestingActivities": 2228000, "totalCashflowsFromInvestingActivities": -98777000, "dividendsPaid": -17116000, "netBorrowings": -645767000, "otherCashflowsFromFinancingActivities": -567514000, "totalCashFromFinancingActivities": -1230397000, "changeInCash": 43622000}, {"maxAge": 1, "endDate": "2018-03-31", "netIncome": 83988000, "depreciation": 575650000, "changeToNetincome": 524930000, "changeToAccountReceivables": -663471000, "changeToLiabilities": 367417000, "changeToInventory": 195904000, "changeToOperatingActivities": -25593000, "totalCashFromOperatingActivities": 1058846000, "capitalExpenditures": -294422000, "investments": 29306000, "otherCashflowsFromInvestingActivities": 10164000, "totalCashflowsFromInvestingActivities": -250553000, "dividendsPaid": -17116000, "netBorrowings": -235764000, "otherCashflowsFromFinancingActivities": -596829000, "totalCashFromFinancingActivities": -849709000, "changeInCash": -41416000}, {"maxAge": 1, "endDate": "2017-03-31", "netIncome": 191194000, "depreciation": 576287000, "changeToNetincome": 579353000, "changeToAccountReceivables": 90399000, "changeToLiabilities": 330284000, "changeToInventory": -385217000, "changeToOperatingActivities": 20158000, "totalCashFromOperatingActivities": 1402458000, "capitalExpenditures": -632196000, "investments": -21741000, "otherCashflowsFromInvestingActivities": 18750000, "totalCashflowsFromInvestingActivities": -611482000, "dividendsPaid": -33859000, "netBorrowings": -146679000, "otherCashflowsFromFinancingActivities": -635242000, "totalCashFromFinancingActivities": -815780000, "changeInCash": -24804000}], "maxAge": 86400}, "institutionOwnership": {"maxAge": 1, "ownershipList": []}, "balanceSheetHistoryQuarterly": {"balanceSheetStatements": [{"maxAge": 1, "endDate": "2020-06-30", "totalStockholderEquity": 3410627000, "netTangibleAssets": 3377329000}, {"maxAge": 1, "endDate": "2020-03-31", "cash": 35492000, "shortTermInvestments": 46117000, "netReceivables": 1973852000, "inventory": 2374753000, "otherCurrentAssets": 144184000, "totalCurrentAssets": 4590598000, "longTermInvestments": 51857000, "propertyPlantEquipment": 3712793000, "intangibleAssets": 33298000, "otherAssets": 130475000, "totalAssets": 8519021000, "accountsPayable": 1043541000, "shortLongTermDebt": 597926000, "otherCurrentLiab": 197553000, "longTermDebt": 965981000, "otherLiab": 393826000, "totalCurrentLiabilities": 3744248000, "totalLiab": 5108394000, "commonStock": 171160000, "retainedEarnings": 2923742000, "treasuryStock": 19825000, "capitalSurplus": 295900000, "otherStockholderEquity": 19825000, "totalStockholderEquity": 3410627000, "netTangibleAssets": 3377329000}, {"maxAge": 1, "endDate": "2019-12-31", "totalStockholderEquity": 3247003000, "netTangibleAssets": 3209845000}, {"maxAge": 1, "endDate": "2019-09-30", "cash": 183833000, "shortTermInvestments": 226097000, "netReceivables": 1823299000, "inventory": 2805611000, "otherCurrentAssets": 549128000, "totalCurrentAssets": 5587968000, "longTermInvestments": 93063000, "propertyPlantEquipment": 3906277000, "intangibleAssets": 37158000, "otherAssets": 114920000, "totalAssets": 9739386000, "accountsPayable": 1292510000, "shortLongTermDebt": 603742000, "otherCurrentLiab": 428300000, "longTermDebt": 1165590000, "otherLiab": 411630000, "totalCurrentLiabilities": 4915163000, "totalLiab": 6492383000, "commonStock": 171160000, "treasuryStock": 3075843000, "otherStockholderEquity": 3075843000, "totalStockholderEquity": 3247003000, "netTangibleAssets": 3209845000}], "maxAge": 86400}, "earningsHistory": {"history": [{"maxAge": 1, "epsActual": {}, "epsEstimate": {}, "epsDifference": {}, "surprisePercent": {}, "quarter": {}, "period": "-4q"}, {"maxAge": 1, "epsActual": {}, "epsEstimate": {}, "epsDifference": {}, "surprisePercent": {}, "quarter": {}, "period": "-3q"}, {"maxAge": 1, "epsActual": {}, "epsEstimate": {}, "epsDifference": {}, "surprisePercent": {}, "quarter": {}, "period": "-2q"}, {"maxAge": 1, "epsActual": {}, "epsEstimate": {}, "epsDifference": {}, "surprisePercent": {}, "quarter": {}, "period": "-1q"}], "maxAge": 86400}, "indexTrend": {"maxAge": 1, "symbol": "SP5", "peRatio": 19.7411, "pegRatio": 1.34172, "estimates": [{"period": "0q", "growth": 0.549}, {"period": "+1q", "growth": 0.431}, {"period": "0y", "growth": 0.305}, {"period": "+1y", "growth": 0.109}, {"period": "+5y", "growth": 0.120865}, {"period": "-5y"}]}, "industryTrend": {"maxAge": 1, "symbol": null, "estimates": []}, "insiderTransactions": {"transactions": [{"maxAge": 1, "shares": 500, "value": 490, "filerUrl": "", "transactionText": "Acquisition at price 0.98 per share.", "filerName": "Garg (Devendra Pal)", "filerRelation": "UNREPORTED", "moneyText": "", "startDate": "2020-08-20", "ownership": "D"}, {"maxAge": 1, "shares": 5, "value": 4, "filerUrl": "", "transactionText": "Acquisition at price 0.88 per share.", "filerName": "Mehta (Vijay)", "filerRelation": "Director (Non-Executive)", "moneyText": "", "startDate": "2020-08-17", "ownership": "D"}, {"maxAge": 1, "shares": 15165, "filerUrl": "", "transactionText": "", "filerName": "Toshniwal (Shaleen)", "filerRelation": "Joint Managing director", "moneyText": "", "startDate": "2019-04-16", "ownership": "D"}, {"maxAge": 1, "shares": 33006, "filerUrl": "", "transactionText": "", "filerName": "Mefcom Capital Markets Ltd", "filerRelation": "Institution- Corporation", "moneyText": "", "startDate": "2018-11-19", "ownership": "D"}, {"maxAge": 1, "shares": 24000, "filerUrl": "", "transactionText": "", "filerName": "Mefcom Capital Markets Ltd", "filerRelation": "Institution- Corporation", "moneyText": "", "startDate": "2018-11-16", "ownership": "D"}], "maxAge": 1}, "quoteType": {"exchange": "BSE", "quoteType": "EQUITY", "symbol": "BANSWRAS.BO", "underlyingSymbol": "BANSWRAS.BO", "shortName": "BANSWARA SYNTEX LTD.", "longName": "Banswara Syntex Limited", "firstTradeDateEpochUtc": "2002-03-11 09:15:00", "timeZoneFullName": "Asia/Kolkata", "timeZoneShortName": "IST", "uuid": "95765a9e-1b3b-35f3-a236-549e65835283", "messageBoardId": null, "gmtOffSetMilliseconds": 19800000, "maxAge": 1}, "incomeStatementHistory": {"incomeStatementHistory": [{"maxAge": 1, "endDate": "2020-03-31", "totalRevenue": 12894983000, "costOfRevenue": 6079194000, "grossProfit": 6815789000, "researchDevelopment": {}, "sellingGeneralAdministrative": 2446659000, "nonRecurring": {}, "otherOperatingExpenses": 2921031000, "totalOperatingExpenses": 11958929000, "operatingIncome": 936054000, "totalOtherIncomeExpenseNet": -361415000, "ebit": 936054000, "interestExpense": -400963000, "incomeBeforeTax": 574639000, "incomeTaxExpense": 41765000, "minorityInterest": {}, "netIncomeFromContinuingOps": 532874000, "discontinuedOperations": {}, "extraordinaryItems": {}, "effectOfAccountingCharges": {}, "otherItems": {}, "netIncome": 532874000, "netIncomeApplicableToCommonShares": 532874000}, {"maxAge": 1, "endDate": "2019-03-31", "totalRevenue": 13509347000, "costOfRevenue": 6757854000, "grossProfit": 6751493000, "researchDevelopment": {}, "sellingGeneralAdministrative": 2402975000, "nonRecurring": {}, "otherOperatingExpenses": 3143405000, "totalOperatingExpenses": 12852492000, "operatingIncome": 656855000, "totalOtherIncomeExpenseNet": -459973000, "ebit": 656855000, "interestExpense": -473005000, "incomeBeforeTax": 196882000, "incomeTaxExpense": -46624000, "minorityInterest": {}, "netIncomeFromContinuingOps": 243506000, "discontinuedOperations": {}, "extraordinaryItems": {}, "effectOfAccountingCharges": {}, "otherItems": {}, "netIncome": 243506000, "netIncomeApplicableToCommonShares": 243506000}, {"maxAge": 1, "endDate": "2018-03-31", "totalRevenue": 12920152000, "costOfRevenue": 6366681000, "grossProfit": 6553471000, "researchDevelopment": {}, "sellingGeneralAdministrative": 2370676000, "nonRecurring": {}, "otherOperatingExpenses": 3069358000, "totalOperatingExpenses": 12381905000, "operatingIncome": 538247000, "totalOtherIncomeExpenseNet": -424787000, "ebit": 538247000, "interestExpense": -537469000, "incomeBeforeTax": 113460000, "incomeTaxExpense": 29472000, "minorityInterest": {}, "netIncomeFromContinuingOps": 83988000, "discontinuedOperations": {}, "extraordinaryItems": {}, "effectOfAccountingCharges": {}, "otherItems": {}, "netIncome": 83988000, "netIncomeApplicableToCommonShares": 83988000}, {"maxAge": 1, "endDate": "2017-03-31", "totalRevenue": 12443279000, "costOfRevenue": 8038580000, "grossProfit": 4404699000, "researchDevelopment": {}, "sellingGeneralAdministrative": 2210146000, "nonRecurring": {}, "otherOperatingExpenses": 855362000, "totalOperatingExpenses": 11679854000, "operatingIncome": 763425000, "totalOtherIncomeExpenseNet": -507909000, "ebit": 763425000, "interestExpense": -598149000, "incomeBeforeTax": 255516000, "incomeTaxExpense": 64322000, "minorityInterest": {}, "netIncomeFromContinuingOps": 191194000, "discontinuedOperations": {}, "extraordinaryItems": {}, "effectOfAccountingCharges": {}, "otherItems": {}, "netIncome": 191194000, "netIncomeApplicableToCommonShares": 191194000}], "maxAge": 86400}, "fundOwnership": {"maxAge": 1, "ownershipList": []}, "summaryDetail": {"maxAge": 1, "priceHint": 2, "previousClose": 97.25, "open": 99.2, "dayLow": 97.75, "dayHigh": 104.9, "regularMarketPreviousClose": 97.25, "regularMarketOpen": 99.2, "regularMarketDayLow": 97.75, "regularMarketDayHigh": 104.9, "trailingPE": 6.62061, "volume": 6018, "regularMarketVolume": 6018, "averageVolume": 4537, "averageVolume10days": 3676, "averageDailyVolume10Day": 3676, "bid": 102.0, "ask": 104.8, "bidSize": 0, "askSize": 0, "marketCap": 1771506048, "fiftyTwoWeekLow": 60.05, "fiftyTwoWeekHigh": 144.0, "fiftyDayAverage": 116.93285, "twoHundredDayAverage": 90.5, "trailingAnnualDividendRate": 1.5, "trailingAnnualDividendYield": 0.015424165, "currency": "INR", "fromCurrency": null, "toCurrency": null, "lastMarket": null, "algorithm": null, "tradeable": false}, "sectorTrend": {"maxAge": 1, "symbol": null, "estimates": []}, "incomeStatementHistoryQuarterly": {"incomeStatementHistory": [{"maxAge": 1, "endDate": "2020-06-30", "totalRevenue": 899792000, "costOfRevenue": 458918000, "grossProfit": 440874000, "researchDevelopment": {}, "sellingGeneralAdministrative": 320602000, "nonRecurring": {}, "otherOperatingExpenses": 177269000, "totalOperatingExpenses": 1078079000, "operatingIncome": -178287000, "totalOtherIncomeExpenseNet": -41920000, "ebit": -178287000, "interestExpense": -93120000, "incomeBeforeTax": -220207000, "incomeTaxExpense": -69274000, "minorityInterest": {}, "netIncomeFromContinuingOps": -150933000, "discontinuedOperations": {}, "extraordinaryItems": {}, "effectOfAccountingCharges": {}, "otherItems": {}, "netIncome": -150933000, "netIncomeApplicableToCommonShares": -150933000}, {"maxAge": 1, "endDate": "2020-03-31", "totalRevenue": 2673555000, "costOfRevenue": 373853000, "grossProfit": 2299702000, "researchDevelopment": {}, "sellingGeneralAdministrative": 564882000, "nonRecurring": {}, "otherOperatingExpenses": 1519718000, "totalOperatingExpenses": 2582027000, "operatingIncome": 91528000, "totalOtherIncomeExpenseNet": -107026000, "ebit": 91528000, "interestExpense": -20611000, "incomeBeforeTax": -15498000, "incomeTaxExpense": -42348000, "minorityInterest": {}, "netIncomeFromContinuingOps": 26850000, "discontinuedOperations": {}, "extraordinaryItems": {}, "effectOfAccountingCharges": {}, "otherItems": {}, "netIncome": 26850000, "netIncomeApplicableToCommonShares": 26850000}, {"maxAge": 1, "endDate": "2019-12-31", "totalRevenue": 3360589000, "costOfRevenue": 1802199000, "grossProfit": 1558390000, "researchDevelopment": {}, "sellingGeneralAdministrative": 631088000, "nonRecurring": {}, "otherOperatingExpenses": 489207000, "totalOperatingExpenses": 3048636000, "operatingIncome": 311953000, "totalOtherIncomeExpenseNet": -63618000, "ebit": 311953000, "interestExpense": -120147000, "incomeBeforeTax": 248335000, "incomeTaxExpense": 44402000, "minorityInterest": {}, "netIncomeFromContinuingOps": 203933000, "discontinuedOperations": {}, "extraordinaryItems": {}, "effectOfAccountingCharges": {}, "otherItems": {}, "netIncome": 203933000, "netIncomeApplicableToCommonShares": 203933000}, {"maxAge": 1, "endDate": "2019-09-30", "totalRevenue": 3442470000, "costOfRevenue": 1863438000, "grossProfit": 1579032000, "researchDevelopment": {}, "sellingGeneralAdministrative": 663711000, "nonRecurring": {}, "otherOperatingExpenses": 466917000, "totalOperatingExpenses": 3125319000, "operatingIncome": 317151000, "totalOtherIncomeExpenseNet": -95280000, "ebit": 317151000, "interestExpense": -126957000, "incomeBeforeTax": 221871000, "incomeTaxExpense": 34145000, "minorityInterest": {}, "netIncomeFromContinuingOps": 187726000, "discontinuedOperations": {}, "extraordinaryItems": {}, "effectOfAccountingCharges": {}, "otherItems": {}, "netIncome": 187726000, "netIncomeApplicableToCommonShares": 187726000}], "maxAge": 86400}, "cashflowStatementHistoryQuarterly": {"cashflowStatements": [{"maxAge": 1, "endDate": "2020-06-30", "netIncome": -150933000, "changeToLiabilities": 0}, {"maxAge": 1, "endDate": "2020-03-31", "netIncome": 26850000, "changeToLiabilities": 0}, {"maxAge": 1, "endDate": "2019-12-31", "netIncome": 203933000, "changeToLiabilities": 0}, {"maxAge": 1, "endDate": "2019-09-30", "netIncome": 187726000, "changeToLiabilities": 0}], "maxAge": 86400}, "insiderHolders": {"holders": [{"maxAge": 1, "name": "Garg (Devendra Pal)", "relation": "UNREPORTED", "url": "", "transactionDescription": "Acquisition", "latestTransDate": "2020-08-20", "positionDirect": 500, "positionDirectDate": "2020-08-20"}, {"maxAge": 1, "name": "Mefcom Capital Markets Ltd", "relation": "Institution- Corporation", "url": "", "transactionDescription": "Sale", "latestTransDate": "2018-11-19", "positionDirect": 294300, "positionDirectDate": "2018-11-19"}, {"maxAge": 1, "name": "Mehta (Vijay)", "relation": "Director (Non-Executive)", "url": "", "transactionDescription": "Acquisition", "latestTransDate": "2020-08-17", "positionDirect": 5, "positionDirectDate": "2020-08-17"}, {"maxAge": 1, "name": "Toshniwal (Shaleen)", "relation": "Joint Managing director", "url": "", "transactionDescription": "Other", "latestTransDate": "2019-04-16", "positionDirect": 2140345, "positionDirectDate": "2019-04-16"}], "maxAge": 1}, "earnings": {"maxAge": 86400, "earningsChart": {"quarterly": [], "earningsDate": []}, "financialsChart": {"yearly": [{"date": 2017, "revenue": 12443279000, "earnings": 191194000}, {"date": 2018, "revenue": 12920152000, "earnings": 83988000}, {"date": 2019, "revenue": 13509347000, "earnings": 243506000}, {"date": 2020, "revenue": 12894983000, "earnings": 532874000}], "quarterly": [{"date": "3Q2019", "revenue": 3442470000, "earnings": 187726000}, {"date": "4Q2019", "revenue": 3360589000, "earnings": 203933000}, {"date": "1Q2020", "revenue": 2673555000, "earnings": 26850000}, {"date": "2Q2020", "revenue": 899792000, "earnings": -150933000}]}, "financialCurrency": "INR"}, "calendarEvents": {"maxAge": 1, "earnings": {"earningsDate": []}}, "price": {"maxAge": 1, "regularMarketChangePercent": 0.06426735, "regularMarketChange": 6.25, "regularMarketTime": "2021-04-30 15:29:00", "priceHint": 2, "regularMarketPrice": 103.5, "regularMarketDayHigh": 104.9, "regularMarketDayLow": 97.75, "regularMarketVolume": 6018, "averageDailyVolume10Day": 3676, "averageDailyVolume3Month": 4537, "regularMarketPreviousClose": 97.25, "regularMarketSource": "FREE_REALTIME", "regularMarketOpen": 99.2, "exchange": "BSE", "exchangeName": "BSE", "exchangeDataDelayedBy": 0, "marketState": "CLOSED", "quoteType": "EQUITY", "symbol": "BANSWRAS.BO", "underlyingSymbol": null, "shortName": "BANSWARA SYNTEX LTD.", "longName": "Banswara Syntex Limited", "currency": "INR", "quoteSourceName": "Delayed Quote", "currencySymbol": "\u20b9", "fromCurrency": null, "toCurrency": null, "lastMarket": null, "marketCap": 1771506048}, "balanceSheetHistory": {"balanceSheetStatements": [{"maxAge": 1, "endDate": "2020-03-31", "cash": 35492000, "shortTermInvestments": 46117000, "netReceivables": 1973852000, "inventory": 2374753000, "otherCurrentAssets": 144184000, "totalCurrentAssets": 4590598000, "longTermInvestments": 51857000, "propertyPlantEquipment": 3712793000, "intangibleAssets": 33298000, "otherAssets": 130475000, "totalAssets": 8519021000, "accountsPayable": 1043541000, "shortLongTermDebt": 597926000, "otherCurrentLiab": 197553000, "longTermDebt": 965981000, "otherLiab": 393826000, "totalCurrentLiabilities": 3744248000, "totalLiab": 5108394000, "commonStock": 171160000, "retainedEarnings": 2923742000, "treasuryStock": 19825000, "capitalSurplus": 295900000, "otherStockholderEquity": 19825000, "totalStockholderEquity": 3410627000, "netTangibleAssets": 3377329000}, {"maxAge": 1, "endDate": "2019-03-31", "cash": 80619000, "shortTermInvestments": 45164000, "netReceivables": 2385944000, "inventory": 2879059000, "otherCurrentAssets": 100363000, "totalCurrentAssets": 5524634000, "longTermInvestments": 32112000, "propertyPlantEquipment": 4136123000, "intangibleAssets": 41018000, "otherAssets": 122882000, "totalAssets": 9856769000, "accountsPayable": 1326054000, "shortLongTermDebt": 519301000, "otherCurrentLiab": 104501000, "longTermDebt": 1402560000, "otherLiab": 442941000, "totalCurrentLiabilities": 5072475000, "totalLiab": 6919330000, "commonStock": 171160000, "retainedEarnings": 2450554000, "treasuryStock": 19825000, "capitalSurplus": 295900000, "otherStockholderEquity": 19825000, "totalStockholderEquity": 2937439000, "netTangibleAssets": 2896421000}, {"maxAge": 1, "endDate": "2018-03-31", "cash": 36997000, "shortTermInvestments": 22261000, "netReceivables": 2608236000, "inventory": 3095674000, "otherCurrentAssets": 142567000, "totalCurrentAssets": 5920362000, "longTermInvestments": 28971000, "propertyPlantEquipment": 4603722000, "intangibleAssets": 48738000, "otherAssets": 118201000, "totalAssets": 10719994000, "accountsPayable": 1723783000, "shortLongTermDebt": 571416000, "otherCurrentLiab": 110005000, "longTermDebt": 1853614000, "otherLiab": 571187000, "totalCurrentLiabilities": 5611880000, "totalLiab": 8036681000, "commonStock": 171160000, "retainedEarnings": 2196428000, "treasuryStock": 19825000, "capitalSurplus": 295900000, "otherStockholderEquity": 19825000, "totalStockholderEquity": 2683313000, "netTangibleAssets": 2634575000}, {"maxAge": 1, "endDate": "2017-03-31", "cash": 78413000, "shortTermInvestments": 22112000, "netReceivables": 1892884000, "inventory": 3291578000, "otherCurrentAssets": 145101000, "totalCurrentAssets": 5447144000, "longTermInvestments": 37587000, "propertyPlantEquipment": 4899356000, "intangibleAssets": 20200000, "otherAssets": 182480000, "totalAssets": 10586767000, "accountsPayable": 1455480000, "shortLongTermDebt": 706479000, "otherCurrentLiab": 108507000, "longTermDebt": 1987715000, "otherLiab": 624421000, "totalCurrentLiabilities": 5365674000, "totalLiab": 7977810000, "commonStock": 171160000, "retainedEarnings": 2122554000, "treasuryStock": 19343000, "capitalSurplus": 295900000, "otherStockholderEquity": 19343000, "totalStockholderEquity": 2608957000, "netTangibleAssets": 2588757000}], "maxAge": 86400}, "earningsTrend": {"trend": [{"maxAge": 1, "period": "0q", "endDate": null, "growth": {}, "earningsEstimate": {"avg": 0.0, "low": 0.0, "high": 0.0, "yearAgoEps": {}, "numberOfAnalysts": 0, "growth": {}}, "revenueEstimate": {"avg": 0, "low": 0, "high": 0, "numberOfAnalysts": 0, "yearAgoRevenue": {}, "growth": {}}, "epsTrend": {"current": 0.0, "7daysAgo": 0.0, "30daysAgo": 0.0, "60daysAgo": 0.0, "90daysAgo": 0.0}, "epsRevisions": {"upLast7days": 0, "upLast30days": 0, "downLast30days": 0, "downLast90days": {}}}, {"maxAge": 1, "period": "+1q", "endDate": null, "growth": {}, "earningsEstimate": {"avg": 0.0, "low": 0.0, "high": 0.0, "yearAgoEps": {}, "numberOfAnalysts": 0, "growth": {}}, "revenueEstimate": {"avg": 0, "low": 0, "high": 0, "numberOfAnalysts": 0, "yearAgoRevenue": {}, "growth": {}}, "epsTrend": {"current": 0.0, "7daysAgo": 0.0, "30daysAgo": 0.0, "60daysAgo": 0.0, "90daysAgo": 0.0}, "epsRevisions": {"upLast7days": 0, "upLast30days": 0, "downLast30days": 0, "downLast90days": {}}}, {"maxAge": 1, "period": "0y", "endDate": null, "growth": {}, "earningsEstimate": {"avg": 0.0, "low": 0.0, "high": 0.0, "yearAgoEps": {}, "numberOfAnalysts": 0, "growth": {}}, "revenueEstimate": {"avg": 0, "low": 0, "high": 0, "numberOfAnalysts": 0, "yearAgoRevenue": {}, "growth": {}}, "epsTrend": {"current": 0.0, "7daysAgo": 0.0, "30daysAgo": 0.0, "60daysAgo": 0.0, "90daysAgo": 0.0}, "epsRevisions": {"upLast7days": 0, "upLast30days": 0, "downLast30days": 0, "downLast90days": {}}}, {"maxAge": 1, "period": "+1y", "endDate": null, "growth": {}, "earningsEstimate": {"avg": 0.0, "low": 0.0, "high": 0.0, "yearAgoEps": {}, "numberOfAnalysts": 0, "growth": {}}, "revenueEstimate": {"avg": 0, "low": 0, "high": 0, "numberOfAnalysts": 0, "yearAgoRevenue": {}, "growth": {}}, "epsTrend": {"current": 0.0, "7daysAgo": 0.0, "30daysAgo": 0.0, "60daysAgo": 0.0, "90daysAgo": 0.0}, "epsRevisions": {"upLast7days": 0, "upLast30days": 0, "downLast30days": 0, "downLast90days": {}}}, {"maxAge": 1, "period": "+5y", "endDate": null, "growth": {}, "earningsEstimate": {"avg": {}, "low": {}, "high": {}, "yearAgoEps": {}, "numberOfAnalysts": {}, "growth": {}}, "revenueEstimate": {"avg": {}, "low": {}, "high": {}, "numberOfAnalysts": {}, "yearAgoRevenue": {}, "growth": {}}, "epsTrend": {"current": {}, "7daysAgo": {}, "30daysAgo": {}, "60daysAgo": {}, "90daysAgo": {}}, "epsRevisions": {"upLast7days": {}, "upLast30days": {}, "downLast30days": {}, "downLast90days": {}}}, {"maxAge": 1, "period": "-5y", "endDate": null, "growth": {}, "earningsEstimate": {"avg": {}, "low": {}, "high": {}, "yearAgoEps": {}, "numberOfAnalysts": {}, "growth": {}}, "revenueEstimate": {"avg": {}, "low": {}, "high": {}, "numberOfAnalysts": {}, "yearAgoRevenue": {}, "growth": {}}, "epsTrend": {"current": {}, "7daysAgo": {}, "30daysAgo": {}, "60daysAgo": {}, "90daysAgo": {}}, "epsRevisions": {"upLast7days": {}, "upLast30days": {}, "downLast30days": {}, "downLast90days": {}}}], "maxAge": 1}, "financialData": {"maxAge": 86400, "currentPrice": 103.5, "targetHighPrice": 91.0, "targetLowPrice": 91.0, "targetMeanPrice": 91.0, "targetMedianPrice": 91.0, "recommendationKey": "none", "numberOfAnalystOpinions": 1, "grossProfits": 6815789000, "financialCurrency": "INR"}}}