{"BAROEXT.BO": {"cashflowStatementHistory": {"cashflowStatements": [{"maxAge": 1, "endDate": "2020-03-31", "netIncome": -156057000, "depreciation": 749000, "changeToNetincome": 152414000, "changeToAccountReceivables": -16427000, "changeToLiabilities": 13693000, "changeToInventory": 2638000, "changeToOperatingActivities": -27036000, "totalCashFromOperatingActivities": -30026000, "capitalExpenditures": -663000, "otherCashflowsFromInvestingActivities": 1064000, "totalCashflowsFromInvestingActivities": 561000, "netBorrowings": 29821000, "otherCashflowsFromFinancingActivities": -171000, "totalCashFromFinancingActivities": 29650000, "changeInCash": 185000}, {"maxAge": 1, "endDate": "2019-03-31", "netIncome": -16516000, "depreciation": 656000, "changeToNetincome": -1002000, "changeToAccountReceivables": -7774000, "changeToLiabilities": 28908000, "changeToInventory": -3575000, "changeToOperatingActivities": -27036000, "totalCashFromOperatingActivities": 697000, "capitalExpenditures": -1154000, "otherCashflowsFromInvestingActivities": 1739000, "totalCashflowsFromInvestingActivities": 585000, "netBorrowings": 29821000, "otherCashflowsFromFinancingActivities": -737000, "totalCashFromFinancingActivities": -737000, "changeInCash": 544000}, {"maxAge": 1, "endDate": "2018-03-31", "netIncome": -11829780, "depreciation": 818950, "changeToNetincome": -863141, "changeToAccountReceivables": 17261580, "changeToLiabilities": 4168128, "changeToInventory": -10391108, "changeToOperatingActivities": -27036000, "totalCashFromOperatingActivities": -835371, "capitalExpenditures": -126599, "otherCashflowsFromInvestingActivities": 1089956, "totalCashflowsFromInvestingActivities": 963357, "netBorrowings": 29821000, "otherCashflowsFromFinancingActivities": -44864, "totalCashFromFinancingActivities": -44864, "changeInCash": 83122}, {"maxAge": 1, "endDate": "2017-03-31", "netIncome": -20788093, "depreciation": 784596, "changeToNetincome": 28622920, "changeToAccountReceivables": -11735663, "changeToLiabilities": 0, "changeToInventory": -10391108, "changeToOperatingActivities": 3052791, "totalCashFromOperatingActivities": -63449, "capitalExpenditures": -497957, "otherCashflowsFromInvestingActivities": -36612, "totalCashflowsFromInvestingActivities": -534569, "netBorrowings": 29821000, "otherCashflowsFromFinancingActivities": -44864, "totalCashFromFinancingActivities": -44864, "changeInCash": -598018}], "maxAge": 86400}, "institutionOwnership": {"ownershipList": [], "maxAge": 1}, "balanceSheetHistoryQuarterly": {"balanceSheetStatements": [{"maxAge": 1, "endDate": "2020-06-30", "totalStockholderEquity": -361908000, "netTangibleAssets": -361908000}, {"maxAge": 1, "endDate": "2020-03-31", "cash": 1605000, "netReceivables": 106222000, "inventory": 15292000, "otherCurrentAssets": 36425000, "totalCurrentAssets": 159630000, "propertyPlantEquipment": 15917000, "otherAssets": 66111000, "deferredLongTermAssetCharges": 52653000, "totalAssets": 241658000, "accountsPayable": 97764000, "otherCurrentLiab": 147000, "otherLiab": 1130000, "totalCurrentLiabilities": 602436000, "totalLiab": 603566000, "commonStock": 149525000, "retainedEarnings": -530808000, "treasuryStock": 2500000, "capitalSurplus": 16875000, "otherStockholderEquity": 2500000, "totalStockholderEquity": -361908000, "netTangibleAssets": -361908000}, {"maxAge": 1, "endDate": "2019-12-31", "totalStockholderEquity": -414296000, "netTangibleAssets": -414296000}, {"maxAge": 1, "endDate": "2019-09-30", "cash": 2446000, "netReceivables": 73856000, "inventory": 45978000, "otherCurrentAssets": 24005000, "totalCurrentAssets": 146285000, "propertyPlantEquipment": 15775000, "otherAssets": 13457000, "totalAssets": 175517000, "accountsPayable": 122452000, "otherLiab": 895000, "totalCurrentLiabilities": 588918000, "totalLiab": 589813000, "commonStock": 149525000, "treasuryStock": -563821000, "otherStockholderEquity": -563821000, "totalStockholderEquity": -414296000, "netTangibleAssets": -414296000}], "maxAge": 86400}, "indexTrend": {"maxAge": 1, "symbol": "SP5", "peRatio": 19.7411, "pegRatio": 1.34172, "estimates": [{"period": "0q", "growth": 0.549}, {"period": "+1q", "growth": 0.431}, {"period": "0y", "growth": 0.305}, {"period": "+1y", "growth": 0.109}, {"period": "+5y", "growth": 0.120859005}, {"period": "-5y"}]}, "insiderTransactions": {"transactions": [{"maxAge": 1, "shares": 60000, "filerUrl": "", "transactionText": "", "filerName": "Challenger Systems India Pvt Ltd", "filerRelation": "Promoter", "moneyText": "", "startDate": "2013-03-21", "ownership": "D"}, {"maxAge": 1, "shares": 20, "filerUrl": "", "transactionText": "", "filerName": "Challenger Systems India Pvt Ltd", "filerRelation": "Promoter", "moneyText": "", "startDate": "2013-03-20", "ownership": "D"}, {"maxAge": 1, "shares": 2000, "filerUrl": "", "transactionText": "", "filerName": "Challenger Systems India Pvt Ltd", "filerRelation": "Promoter", "moneyText": "", "startDate": "2013-03-01", "ownership": "D"}, {"maxAge": 1, "shares": 41500, "filerUrl": "", "transactionText": "", "filerName": "Challenger Systems India Pvt Ltd", "filerRelation": "Promoter", "moneyText": "", "startDate": "2013-02-28", "ownership": "D"}, {"maxAge": 1, "shares": 70, "filerUrl": "", "transactionText": "", "filerName": "Challenger Systems India Pvt Ltd", "filerRelation": "Promoter", "moneyText": "", "startDate": "2013-02-26", "ownership": "D"}, {"maxAge": 1, "shares": 39000, "filerUrl": "", "transactionText": "", "filerName": "Challenger Systems India Pvt Ltd", "filerRelation": "Promoter", "moneyText": "", "startDate": "2013-02-07", "ownership": "D"}, {"maxAge": 1, "shares": 4000, "filerUrl": "", "transactionText": "", "filerName": "Challenger Systems India Pvt Ltd", "filerRelation": "Promoter", "moneyText": "", "startDate": "2013-02-01", "ownership": "D"}, {"maxAge": 1, "shares": 24600, "filerUrl": "", "transactionText": "", "filerName": "Challenger Systems India Pvt Ltd", "filerRelation": "Promoter", "moneyText": "", "startDate": "2013-01-31", "ownership": "D"}, {"maxAge": 1, "shares": 55100, "filerUrl": "", "transactionText": "", "filerName": "Challenger Systems India Pvt Ltd", "filerRelation": "Promoter", "moneyText": "", "startDate": "2013-01-28", "ownership": "D"}, {"maxAge": 1, "shares": 60000, "filerUrl": "", "transactionText": "", "filerName": "Challenger Systems India Pvt Ltd", "filerRelation": "Promoter", "moneyText": "", "startDate": "2013-01-25", "ownership": "D"}, {"maxAge": 1, "shares": 5000, "filerUrl": "", "transactionText": "", "filerName": "Challenger Systems India Pvt Ltd", "filerRelation": "Promoter", "moneyText": "", "startDate": "2013-01-23", "ownership": "D"}, {"maxAge": 1, "shares": 74457, "filerUrl": "", "transactionText": "", "filerName": "Challenger Systems India Pvt Ltd", "filerRelation": "Promoter", "moneyText": "", "startDate": "2013-01-11", "ownership": "D"}, {"maxAge": 1, "shares": 75000, "filerUrl": "", "transactionText": "", "filerName": "Challenger Systems India Pvt Ltd", "filerRelation": "Promoter", "moneyText": "", "startDate": "2013-01-10", "ownership": "D"}, {"maxAge": 1, "shares": 1989980, "filerUrl": "", "transactionText": "", "filerName": "Challenger Systems India Pvt Ltd", "filerRelation": "Promoter", "moneyText": "", "startDate": "2012-12-10", "ownership": "D"}, {"maxAge": 1, "shares": 2226930, "filerUrl": "", "transactionText": "", "filerName": "Challenger Systems India Pvt Ltd", "filerRelation": "Promoter", "moneyText": "", "startDate": "2012-11-09", "ownership": "D"}, {"maxAge": 1, "shares": 23630801, "filerUrl": "", "transactionText": "", "filerName": "Challenger Systems India Pvt Ltd", "filerRelation": "Promoter", "moneyText": "", "startDate": "2012-11-07", "ownership": "D"}, {"maxAge": 1, "shares": 48585, "filerUrl": "", "transactionText": "", "filerName": "Challenger Systems India Pvt Ltd", "filerRelation": "Promoter", "moneyText": "", "startDate": "2012-10-30", "ownership": "D"}, {"maxAge": 1, "shares": 15428, "filerUrl": "", "transactionText": "", "filerName": "Challenger Systems India Pvt Ltd", "filerRelation": "Promoter", "moneyText": "", "startDate": "2012-10-30", "ownership": "D"}, {"maxAge": 1, "shares": 47267, "filerUrl": "", "transactionText": "", "filerName": "Challenger Systems India Pvt Ltd", "filerRelation": "Promoter", "moneyText": "", "startDate": "2012-10-29", "ownership": "D"}, {"maxAge": 1, "shares": 2829, "filerUrl": "", "transactionText": "", "filerName": "Challenger Systems India Pvt Ltd", "filerRelation": "Promoter", "moneyText": "", "startDate": "2012-10-29", "ownership": "D"}, {"maxAge": 1, "shares": 5000, "filerUrl": "", "transactionText": "", "filerName": "Challenger Systems India Pvt Ltd", "filerRelation": "Promoter", "moneyText": "", "startDate": "2012-10-25", "ownership": "D"}, {"maxAge": 1, "shares": 5000, "filerUrl": "", "transactionText": "", "filerName": "Challenger Systems India Pvt Ltd", "filerRelation": "Promoter", "moneyText": "", "startDate": "2012-10-23", "ownership": "D"}, {"maxAge": 1, "shares": 38000, "filerUrl": "", "transactionText": "", "filerName": "Challenger Systems India Pvt Ltd", "filerRelation": "Promoter", "moneyText": "", "startDate": "2012-10-16", "ownership": "D"}, {"maxAge": 1, "shares": 2000, "filerUrl": "", "transactionText": "", "filerName": "Challenger Systems India Pvt Ltd", "filerRelation": "Promoter", "moneyText": "", "startDate": "2012-10-15", "ownership": "D"}, {"maxAge": 1, "shares": 575, "filerUrl": "", "transactionText": "", "filerName": "Challenger Systems India Pvt Ltd", "filerRelation": "Promoter", "moneyText": "", "startDate": "2012-10-03", "ownership": "D"}, {"maxAge": 1, "shares": 124, "filerUrl": "", "transactionText": "", "filerName": "Challenger Systems India Pvt Ltd", "filerRelation": "Promoter", "moneyText": "", "startDate": "2012-09-26", "ownership": "D"}, {"maxAge": 1, "shares": 625, "filerUrl": "", "transactionText": "", "filerName": "Challenger Systems India Pvt Ltd", "filerRelation": "Promoter", "moneyText": "", "startDate": "2012-09-17", "ownership": "D"}, {"maxAge": 1, "shares": 130, "filerUrl": "", "transactionText": "", "filerName": "Challenger Systems India Pvt Ltd", "filerRelation": "Promoter", "moneyText": "", "startDate": "2012-09-13", "ownership": "D"}, {"maxAge": 1, "shares": 7920, "filerUrl": "", "transactionText": "", "filerName": "Challenger Systems India Pvt Ltd", "filerRelation": "Promoter", "moneyText": "", "startDate": "2012-09-12", "ownership": "D"}, {"maxAge": 1, "shares": 500, "filerUrl": "", "transactionText": "", "filerName": "Challenger Systems India Pvt Ltd", "filerRelation": "Promoter", "moneyText": "", "startDate": "2012-09-11", "ownership": "D"}, {"maxAge": 1, "shares": 2500, "filerUrl": "", "transactionText": "", "filerName": "Challenger Systems India Pvt Ltd", "filerRelation": "Promoter", "moneyText": "", "startDate": "2012-09-10", "ownership": "D"}, {"maxAge": 1, "shares": 467, "filerUrl": "", "transactionText": "", "filerName": "Challenger Systems India Pvt Ltd", "filerRelation": "Promoter", "moneyText": "", "startDate": "2012-09-08", "ownership": "D"}, {"maxAge": 1, "shares": 2900, "filerUrl": "", "transactionText": "", "filerName": "Challenger Systems India Pvt Ltd", "filerRelation": "Promoter", "moneyText": "", "startDate": "2012-09-05", "ownership": "D"}, {"maxAge": 1, "shares": 2500, "filerUrl": "", "transactionText": "", "filerName": "Challenger Systems India Pvt Ltd", "filerRelation": "Promoter", "moneyText": "", "startDate": "2012-09-03", "ownership": "D"}, {"maxAge": 1, "shares": 4000, "filerUrl": "", "transactionText": "", "filerName": "Challenger Systems India Pvt Ltd", "filerRelation": "Promoter", "moneyText": "", "startDate": "2012-08-31", "ownership": "D"}, {"maxAge": 1, "shares": 611, "filerUrl": "", "transactionText": "", "filerName": "Challenger Systems India Pvt Ltd", "filerRelation": "Promoter", "moneyText": "", "startDate": "2012-08-28", "ownership": "D"}, {"maxAge": 1, "shares": 50, "filerUrl": "", "transactionText": "", "filerName": "Challenger Systems India Pvt Ltd", "filerRelation": "Promoter", "moneyText": "", "startDate": "2012-08-24", "ownership": "D"}, {"maxAge": 1, "shares": 2000, "filerUrl": "", "transactionText": "", "filerName": "Challenger Systems India Pvt Ltd", "filerRelation": "Promoter", "moneyText": "", "startDate": "2012-08-23", "ownership": "D"}, {"maxAge": 1, "shares": 2000, "filerUrl": "", "transactionText": "", "filerName": "Challenger Systems India Pvt Ltd", "filerRelation": "Promoter", "moneyText": "", "startDate": "2012-08-22", "ownership": "D"}, {"maxAge": 1, "shares": 5, "filerUrl": "", "transactionText": "", "filerName": "Challenger Systems India Pvt Ltd", "filerRelation": "Promoter", "moneyText": "", "startDate": "2012-08-09", "ownership": "D"}, {"maxAge": 1, "shares": 431, "filerUrl": "", "transactionText": "", "filerName": "Challenger Systems India Pvt Ltd", "filerRelation": "Promoter", "moneyText": "", "startDate": "2012-08-08", "ownership": "D"}, {"maxAge": 1, "shares": 4000, "filerUrl": "", "transactionText": "", "filerName": "Challenger Systems India Pvt Ltd", "filerRelation": "Promoter", "moneyText": "", "startDate": "2012-07-19", "ownership": "D"}, {"maxAge": 1, "shares": 1502, "filerUrl": "", "transactionText": "", "filerName": "Challenger Systems India Pvt Ltd", "filerRelation": "Promoter", "moneyText": "", "startDate": "2012-07-18", "ownership": "D"}, {"maxAge": 1, "shares": 6000, "filerUrl": "", "transactionText": "", "filerName": "Challenger Systems India Pvt Ltd", "filerRelation": "Promoter", "moneyText": "", "startDate": "2012-07-17", "ownership": "D"}, {"maxAge": 1, "shares": 4000, "filerUrl": "", "transactionText": "", "filerName": "Challenger Systems India Pvt Ltd", "filerRelation": "Promoter", "moneyText": "", "startDate": "2012-07-16", "ownership": "D"}, {"maxAge": 1, "shares": 1000, "filerUrl": "", "transactionText": "", "filerName": "Challenger Systems India Pvt Ltd", "filerRelation": "Promoter", "moneyText": "", "startDate": "2012-07-13", "ownership": "D"}, {"maxAge": 1, "shares": 2000, "filerUrl": "", "transactionText": "", "filerName": "Challenger Systems India Pvt Ltd", "filerRelation": "Promoter", "moneyText": "", "startDate": "2012-07-12", "ownership": "D"}, {"maxAge": 1, "shares": 8000, "filerUrl": "", "transactionText": "", "filerName": "Challenger Systems India Pvt Ltd", "filerRelation": "Promoter", "moneyText": "", "startDate": "2012-07-11", "ownership": "D"}, {"maxAge": 1, "shares": 4000, "filerUrl": "", "transactionText": "", "filerName": "Challenger Systems India Pvt Ltd", "filerRelation": "Promoter", "moneyText": "", "startDate": "2012-07-10", "ownership": "D"}, {"maxAge": 1, "shares": 5000, "filerUrl": "", "transactionText": "", "filerName": "Challenger Systems India Pvt Ltd", "filerRelation": "Promoter", "moneyText": "", "startDate": "2012-07-09", "ownership": "D"}, {"maxAge": 1, "shares": 11000, "filerUrl": "", "transactionText": "", "filerName": "Challenger Systems India Pvt Ltd", "filerRelation": "Promoter", "moneyText": "", "startDate": "2012-07-06", "ownership": "D"}, {"maxAge": 1, "shares": 11000, "filerUrl": "", "transactionText": "", "filerName": "Challenger Systems India Pvt Ltd", "filerRelation": "Promoter", "moneyText": "", "startDate": "2012-07-05", "ownership": "D"}, {"maxAge": 1, "shares": 5000, "filerUrl": "", "transactionText": "", "filerName": "Challenger Systems India Pvt Ltd", "filerRelation": "Promoter", "moneyText": "", "startDate": "2012-07-04", "ownership": "D"}, {"maxAge": 1, "shares": 8000, "filerUrl": "", "transactionText": "", "filerName": "Challenger Systems India Pvt Ltd", "filerRelation": "Promoter", "moneyText": "", "startDate": "2012-07-03", "ownership": "D"}, {"maxAge": 1, "shares": 8000, "filerUrl": "", "transactionText": "", "filerName": "Challenger Systems India Pvt Ltd", "filerRelation": "Promoter", "moneyText": "", "startDate": "2012-07-02", "ownership": "D"}, {"maxAge": 1, "shares": 7000, "filerUrl": "", "transactionText": "", "filerName": "Challenger Systems India Pvt Ltd", "filerRelation": "Promoter", "moneyText": "", "startDate": "2012-06-29", "ownership": "D"}, {"maxAge": 1, "shares": 5000, "filerUrl": "", "transactionText": "", "filerName": "Challenger Systems India Pvt Ltd", "filerRelation": "Promoter", "moneyText": "", "startDate": "2012-06-28", "ownership": "D"}, {"maxAge": 1, "shares": 6000, "filerUrl": "", "transactionText": "", "filerName": "Challenger Systems India Pvt Ltd", "filerRelation": "Promoter", "moneyText": "", "startDate": "2012-06-27", "ownership": "D"}, {"maxAge": 1, "shares": 3000, "filerUrl": "", "transactionText": "", "filerName": "Challenger Systems India Pvt Ltd", "filerRelation": "Promoter", "moneyText": "", "startDate": "2012-06-26", "ownership": "D"}, {"maxAge": 1, "shares": 4000, "filerUrl": "", "transactionText": "", "filerName": "Challenger Systems India Pvt Ltd", "filerRelation": "Promoter", "moneyText": "", "startDate": "2012-06-21", "ownership": "D"}, {"maxAge": 1, "shares": 4000, "filerUrl": "", "transactionText": "", "filerName": "Challenger Systems India Pvt Ltd", "filerRelation": "Promoter", "moneyText": "", "startDate": "2012-06-20", "ownership": "D"}, {"maxAge": 1, "shares": 5500, "filerUrl": "", "transactionText": "", "filerName": "Challenger Systems India Pvt Ltd", "filerRelation": "Promoter", "moneyText": "", "startDate": "2012-06-19", "ownership": "D"}, {"maxAge": 1, "shares": 3000, "filerUrl": "", "transactionText": "", "filerName": "Challenger Systems India Pvt Ltd", "filerRelation": "Promoter", "moneyText": "", "startDate": "2012-06-18", "ownership": "D"}, {"maxAge": 1, "shares": 8000, "filerUrl": "", "transactionText": "", "filerName": "Challenger Systems India Pvt Ltd", "filerRelation": "Promoter", "moneyText": "", "startDate": "2012-06-14", "ownership": "D"}, {"maxAge": 1, "shares": 13000, "filerUrl": "", "transactionText": "", "filerName": "Challenger Systems India Pvt Ltd", "filerRelation": "Promoter", "moneyText": "", "startDate": "2012-06-13", "ownership": "D"}, {"maxAge": 1, "shares": 74500, "filerUrl": "", "transactionText": "", "filerName": "Challenger Systems India Pvt Ltd", "filerRelation": "Promoter", "moneyText": "", "startDate": "2012-06-07", "ownership": "D"}, {"maxAge": 1, "shares": 60000, "filerUrl": "", "transactionText": "", "filerName": "Challenger Systems India Pvt Ltd", "filerRelation": "Promoter", "moneyText": "", "startDate": "2012-06-06", "ownership": "D"}, {"maxAge": 1, "shares": 50000, "filerUrl": "", "transactionText": "", "filerName": "Challenger Systems India Pvt Ltd", "filerRelation": "Promoter", "moneyText": "", "startDate": "2012-06-04", "ownership": "D"}, {"maxAge": 1, "shares": 98000, "filerUrl": "", "transactionText": "", "filerName": "Challenger Systems India Pvt Ltd", "filerRelation": "Promoter", "moneyText": "", "startDate": "2012-06-02", "ownership": "D"}, {"maxAge": 1, "shares": 54070, "filerUrl": "", "transactionText": "", "filerName": "Challenger Systems India Pvt Ltd", "filerRelation": "Promoter", "moneyText": "", "startDate": "2012-06-01", "ownership": "D"}, {"maxAge": 1, "shares": 62200, "filerUrl": "", "transactionText": "", "filerName": "Challenger Systems India Pvt Ltd", "filerRelation": "Promoter", "moneyText": "", "startDate": "2012-05-31", "ownership": "D"}, {"maxAge": 1, "shares": 45000, "filerUrl": "", "transactionText": "", "filerName": "Challenger Systems India Pvt Ltd", "filerRelation": "Promoter", "moneyText": "", "startDate": "2012-05-30", "ownership": "D"}, {"maxAge": 1, "shares": 15000, "filerUrl": "", "transactionText": "", "filerName": "Challenger Systems India Pvt Ltd", "filerRelation": "Promoter", "moneyText": "", "startDate": "2012-05-29", "ownership": "D"}, {"maxAge": 1, "shares": 80000, "filerUrl": "", "transactionText": "", "filerName": "Challenger Systems India Pvt Ltd", "filerRelation": "Promoter", "moneyText": "", "startDate": "2012-05-28", "ownership": "D"}, {"maxAge": 1, "shares": 40000, "filerUrl": "", "transactionText": "", "filerName": "Challenger Systems India Pvt Ltd", "filerRelation": "Promoter", "moneyText": "", "startDate": "2012-05-25", "ownership": "D"}, {"maxAge": 1, "shares": 10000, "filerUrl": "", "transactionText": "", "filerName": "Challenger Systems India Pvt Ltd", "filerRelation": "Promoter", "moneyText": "", "startDate": "2012-05-24", "ownership": "D"}], "maxAge": 1}, "quoteType": {"exchange": "BSE", "quoteType": "EQUITY", "symbol": "BAROEXT.BO", "underlyingSymbol": "BAROEXT.BO", "shortName": "BARODA EXTRUSION LTD.", "longName": "Baroda Extrusion Limited", "firstTradeDateEpochUtc": "2000-03-30 09:15:00", "timeZoneFullName": "Asia/Kolkata", "timeZoneShortName": "IST", "uuid": "e8e6b492-dbf2-3f6d-8b73-f807d7a0ecf8", "gmtOffSetMilliseconds": 19800000, "maxAge": 1}, "incomeStatementHistory": {"incomeStatementHistory": [{"maxAge": 1, "endDate": "2020-03-31", "totalRevenue": 521408000, "costOfRevenue": 494476000, "grossProfit": 26932000, "researchDevelopment": {}, "sellingGeneralAdministrative": 8431000, "nonRecurring": {}, "otherOperatingExpenses": 225426000, "totalOperatingExpenses": 729082000, "operatingIncome": -207674000, "totalOtherIncomeExpenseNet": -1091000, "ebit": -207674000, "interestExpense": -1501000, "incomeBeforeTax": -208765000, "incomeTaxExpense": -52708000, "minorityInterest": {}, "netIncomeFromContinuingOps": -156057000, "discontinuedOperations": {}, "extraordinaryItems": {}, "effectOfAccountingCharges": {}, "otherItems": {}, "netIncome": -156057000, "netIncomeApplicableToCommonShares": -156057000}, {"maxAge": 1, "endDate": "2019-03-31", "totalRevenue": 510954000, "costOfRevenue": 497969000, "grossProfit": 12985000, "researchDevelopment": {}, "sellingGeneralAdministrative": 8740000, "nonRecurring": {}, "otherOperatingExpenses": 20416000, "totalOperatingExpenses": 527781000, "operatingIncome": -16827000, "totalOtherIncomeExpenseNet": 311000, "ebit": -16827000, "interestExpense": -711000, "incomeBeforeTax": -16516000, "incomeTaxExpense": 0, "minorityInterest": {}, "netIncomeFromContinuingOps": -16516000, "discontinuedOperations": {}, "extraordinaryItems": {}, "effectOfAccountingCharges": {}, "otherItems": {}, "netIncome": -16516000, "netIncomeApplicableToCommonShares": -16516000}, {"maxAge": 1, "endDate": "2018-03-31", "totalRevenue": 304114406, "costOfRevenue": 292580225, "grossProfit": 11534181, "researchDevelopment": {}, "sellingGeneralAdministrative": 7903531, "nonRecurring": {}, "otherOperatingExpenses": 15208682, "totalOperatingExpenses": 316511388, "operatingIncome": -12396982, "totalOtherIncomeExpenseNet": 750153, "ebit": -12396982, "interestExpense": -12964, "incomeBeforeTax": -11646829, "incomeTaxExpense": 182951, "minorityInterest": {}, "netIncomeFromContinuingOps": -11829780, "discontinuedOperations": {}, "extraordinaryItems": {}, "effectOfAccountingCharges": {}, "otherItems": {}, "netIncome": -11829780, "netIncomeApplicableToCommonShares": -11829780}, {"maxAge": 1, "endDate": "2017-03-31", "totalRevenue": 140335110, "costOfRevenue": 139217618, "grossProfit": 1117492, "researchDevelopment": {}, "sellingGeneralAdministrative": 9226688, "nonRecurring": {}, "otherOperatingExpenses": 13291610, "totalOperatingExpenses": 162520512, "operatingIncome": -22185402, "totalOtherIncomeExpenseNet": 1081147, "ebit": -22185402, "interestExpense": -12964, "incomeBeforeTax": -21104255, "incomeTaxExpense": -316162, "minorityInterest": {}, "netIncomeFromContinuingOps": -20788093, "discontinuedOperations": {}, "extraordinaryItems": {}, "effectOfAccountingCharges": {}, "otherItems": {}, "netIncome": -20788093, "netIncomeApplicableToCommonShares": -20788093}], "maxAge": 86400}, "fundOwnership": {"ownershipList": [], "maxAge": 1}, "summaryDetail": {"maxAge": 1, "priceHint": 4, "previousClose": 0.8, "open": 0.79, "dayLow": 0.79, "dayHigh": 0.79, "regularMarketPreviousClose": 0.8, "regularMarketOpen": 0.79, "regularMarketDayLow": 0.79, "regularMarketDayHigh": 0.79, "volume": 29519, "regularMarketVolume": 29519, "averageVolume": 43317, "averageVolume10days": 79977, "averageDailyVolume10Day": 79977, "bid": 0.0, "ask": 1.11, "bidSize": 0, "askSize": 0, "marketCap": 117748704, "fiftyTwoWeekLow": 0.19, "fiftyTwoWeekHigh": 0.82, "fiftyDayAverage": 0.53424245, "twoHundredDayAverage": 0.4227941, "currency": "INR", "fromCurrency": null, "lastMarket": null, "algorithm": null, "tradeable": false}, "incomeStatementHistoryQuarterly": {"incomeStatementHistory": [{"maxAge": 1, "endDate": "2020-06-30", "totalRevenue": 43638000, "costOfRevenue": 41473000, "grossProfit": 2165000, "researchDevelopment": {}, "sellingGeneralAdministrative": 1418000, "nonRecurring": {}, "otherOperatingExpenses": 2198000, "totalOperatingExpenses": 45272000, "operatingIncome": -1634000, "totalOtherIncomeExpenseNet": -21000, "ebit": -1634000, "interestExpense": -35000, "incomeBeforeTax": -1655000, "incomeTaxExpense": 83000, "minorityInterest": {}, "netIncomeFromContinuingOps": -1738000, "discontinuedOperations": {}, "extraordinaryItems": {}, "effectOfAccountingCharges": {}, "otherItems": {}, "netIncome": -1738000, "netIncomeApplicableToCommonShares": -1738000}, {"maxAge": 1, "endDate": "2020-03-31", "totalRevenue": 131064000, "costOfRevenue": 125049000, "grossProfit": 6015000, "researchDevelopment": {}, "sellingGeneralAdministrative": 2972000, "nonRecurring": {}, "otherOperatingExpenses": 4509000, "totalOperatingExpenses": 132706000, "operatingIncome": -1642000, "totalOtherIncomeExpenseNet": -847000, "ebit": -1642000, "interestExpense": -1266000, "incomeBeforeTax": -2489000, "incomeTaxExpense": -52708000, "minorityInterest": {}, "netIncomeFromContinuingOps": 50219000, "discontinuedOperations": {}, "extraordinaryItems": {}, "effectOfAccountingCharges": {}, "otherItems": {}, "netIncome": 50219000, "netIncomeApplicableToCommonShares": 50219000}, {"maxAge": 1, "endDate": "2019-12-31", "totalRevenue": 137630000, "costOfRevenue": 128180000, "grossProfit": 9450000, "researchDevelopment": {}, "sellingGeneralAdministrative": 2050000, "nonRecurring": {}, "otherOperatingExpenses": 4730000, "totalOperatingExpenses": 135140000, "operatingIncome": 2490000, "totalOtherIncomeExpenseNet": -170000, "ebit": 2490000, "interestExpense": -160000, "incomeBeforeTax": 2320000, "incomeTaxExpense": 0, "minorityInterest": {}, "netIncomeFromContinuingOps": 2320000, "discontinuedOperations": {}, "extraordinaryItems": {}, "effectOfAccountingCharges": {}, "otherItems": {}, "netIncome": 2320000, "netIncomeApplicableToCommonShares": 2320000}, {"maxAge": 1, "endDate": "2019-09-30", "totalRevenue": 116983000, "costOfRevenue": 106783000, "grossProfit": 10200000, "researchDevelopment": {}, "sellingGeneralAdministrative": 1711000, "nonRecurring": {}, "otherOperatingExpenses": 211918000, "totalOperatingExpenses": 320805000, "operatingIncome": -203822000, "totalOtherIncomeExpenseNet": -71000, "ebit": -203822000, "interestExpense": -72000, "incomeBeforeTax": -203893000, "incomeTaxExpense": 0, "minorityInterest": {}, "netIncomeFromContinuingOps": -203893000, "discontinuedOperations": {}, "extraordinaryItems": {}, "effectOfAccountingCharges": {}, "otherItems": {}, "netIncome": -203893000, "netIncomeApplicableToCommonShares": -203893000}], "maxAge": 86400}, "cashflowStatementHistoryQuarterly": {"cashflowStatements": [{"maxAge": 1, "endDate": "2020-06-30", "netIncome": -1738000, "changeToLiabilities": 0}, {"maxAge": 1, "endDate": "2020-03-31", "netIncome": 50219000, "changeToLiabilities": 0}, {"maxAge": 1, "endDate": "2019-12-31", "netIncome": 2320000, "changeToLiabilities": 0}, {"maxAge": 1, "endDate": "2019-09-30", "netIncome": -203893000, "changeToLiabilities": 0}], "maxAge": 86400}, "insiderHolders": {"holders": [{"maxAge": 1, "name": "Challenger Systems India Pvt Ltd", "relation": "Promoter", "url": "", "transactionDescription": "Acquisition", "latestTransDate": "2013-03-21", "positionDirect": 25708833, "positionDirectDate": "2013-03-21"}], "maxAge": 1}, "calendarEvents": {"maxAge": 1, "earnings": {"earningsDate": []}}, "upgradeDowngradeHistory": {"history": [], "maxAge": 86400}, "price": {"maxAge": 1, "regularMarketChangePercent": -0.012499988, "regularMarketChange": -0.00999999, "regularMarketTime": "2021-04-30 14:59:17", "priceHint": 4, "regularMarketPrice": 0.79, "regularMarketDayHigh": 0.79, "regularMarketDayLow": 0.79, "regularMarketVolume": 29519, "averageDailyVolume10Day": 79977, "averageDailyVolume3Month": 43317, "regularMarketPreviousClose": 0.8, "regularMarketSource": "FREE_REALTIME", "regularMarketOpen": 0.79, "exchange": "BSE", "exchangeName": "BSE", "exchangeDataDelayedBy": 0, "marketState": "CLOSED", "quoteType": "EQUITY", "symbol": "BAROEXT.BO", "underlyingSymbol": null, "shortName": "BARODA EXTRUSION LTD.", "longName": "Baroda Extrusion Limited", "currency": "INR", "quoteSourceName": "Delayed Quote", "currencySymbol": "\u20b9", "fromCurrency": null, "lastMarket": null, "marketCap": 117748704}, "balanceSheetHistory": {"balanceSheetStatements": [{"maxAge": 1, "endDate": "2020-03-31", "cash": 1605000, "netReceivables": 106222000, "inventory": 15292000, "otherCurrentAssets": 36425000, "totalCurrentAssets": 159630000, "propertyPlantEquipment": 15917000, "otherAssets": 66111000, "deferredLongTermAssetCharges": 52653000, "totalAssets": 241658000, "accountsPayable": 97764000, "otherCurrentLiab": 147000, "otherLiab": 1130000, "totalCurrentLiabilities": 602436000, "totalLiab": 603566000, "commonStock": 149525000, "retainedEarnings": -530808000, "treasuryStock": 2500000, "capitalSurplus": 16875000, "otherStockholderEquity": 2500000, "totalStockholderEquity": -361908000, "netTangibleAssets": -361908000}, {"maxAge": 1, "endDate": "2019-03-31", "cash": 1420000, "netReceivables": 79404000, "inventory": 17931000, "otherCurrentAssets": 16461000, "totalCurrentAssets": 115216000, "propertyPlantEquipment": 16249000, "otherAssets": 219815000, "totalAssets": 351280000, "accountsPayable": 84071000, "otherCurrentLiab": 60000, "otherLiab": 896000, "totalCurrentLiabilities": 556084000, "totalLiab": 556980000, "commonStock": 149525000, "retainedEarnings": -374599000, "treasuryStock": 2499000, "capitalSurplus": 16875000, "otherStockholderEquity": 2499000, "totalStockholderEquity": -205700000, "netTangibleAssets": -205700000}, {"maxAge": 1, "endDate": "2018-03-31", "cash": 875930, "shortTermInvestments": 16758783, "netReceivables": 46091584, "inventory": 14355540, "otherCurrentAssets": 5892168, "totalCurrentAssets": 83974005, "propertyPlantEquipment": 15750379, "otherAssets": 239162656, "totalAssets": 338887040, "accountsPayable": 55620313, "otherLiab": 894996, "totalCurrentLiabilities": 527176005, "totalLiab": 528071001, "commonStock": 149524500, "retainedEarnings": -358083461, "treasuryStock": 2500000, "capitalSurplus": 16875000, "otherStockholderEquity": 2500000, "totalStockholderEquity": -189183961, "netTangibleAssets": -189183961}, {"maxAge": 1, "endDate": "2017-03-31", "cash": 792806, "shortTermInvestments": 16439943, "netReceivables": 51648903, "inventory": 3964435, "otherCurrentAssets": 35814278, "totalCurrentAssets": 108660365, "propertyPlantEquipment": 16442730, "otherAssets": 221336636, "deferredLongTermAssetCharges": 72989, "totalAssets": 346439731, "accountsPayable": 47071696, "otherLiab": 786033, "totalCurrentLiabilities": 523007879, "totalLiab": 523793912, "commonStock": 149524500, "retainedEarnings": -346253681, "treasuryStock": 2500000, "capitalSurplus": 16875000, "otherStockholderEquity": 2500000, "totalStockholderEquity": -177354181, "netTangibleAssets": -177354181}], "maxAge": 86400}, "financialData": {"maxAge": 86400, "currentPrice": 0.79, "recommendationKey": "none", "grossProfits": 26932000, "financialCurrency": "INR"}}}