{"BARTRONICS.BO": {"cashflowStatementHistory": {"cashflowStatements": [{"maxAge": 1, "endDate": "2020-03-31", "netIncome": -512746000, "changeToLiabilities": 0}, {"maxAge": 1, "endDate": "2019-03-31", "netIncome": -663430000, "depreciation": 52286000, "changeToNetincome": 444205000, "changeToAccountReceivables": -502205000, "changeToLiabilities": 0, "changeToInventory": 8632000, "changeToOperatingActivities": 750084000, "totalCashFromOperatingActivities": 92291000, "otherCashflowsFromInvestingActivities": 424946000, "totalCashflowsFromInvestingActivities": 426688000, "netBorrowings": 6027000, "otherCashflowsFromFinancingActivities": -524250000, "totalCashFromFinancingActivities": -518223000, "changeInCash": 755000}, {"maxAge": 1, "endDate": "2018-03-31", "netIncome": -418438000, "depreciation": 56607000, "changeToNetincome": 758291000, "changeToAccountReceivables": 2503704000, "changeToLiabilities": 0, "changeToInventory": 8292000, "changeToOperatingActivities": -2949078000, "totalCashFromOperatingActivities": -38038000, "capitalExpenditures": -3341000, "otherCashflowsFromInvestingActivities": 5963000, "totalCashflowsFromInvestingActivities": 36328000, "dividendsPaid": -4232000, "netBorrowings": 528904000, "otherCashflowsFromFinancingActivities": -523888000, "totalCashFromFinancingActivities": 784000, "changeInCash": -926000}, {"maxAge": 1, "endDate": "2017-03-31", "netIncome": -510151000, "depreciation": 59978000, "changeToNetincome": 699119000, "changeToAccountReceivables": 7939000, "changeToLiabilities": 0, "changeToInventory": 28367000, "changeToOperatingActivities": -253396000, "totalCashFromOperatingActivities": 35655000, "capitalExpenditures": -8352000, "otherCashflowsFromInvestingActivities": 132000, "totalCashflowsFromInvestingActivities": -8220000, "dividendsPaid": -6049000, "netBorrowings": 506275000, "otherCashflowsFromFinancingActivities": -518739000, "totalCashFromFinancingActivities": -18513000, "changeInCash": 8922000}], "maxAge": 86400}, "institutionOwnership": {"maxAge": 1, "ownershipList": []}, "balanceSheetHistoryQuarterly": {"balanceSheetStatements": [{"maxAge": 1, "endDate": "2020-06-30", "totalStockholderEquity": 1482962000, "netTangibleAssets": -549162000}, {"maxAge": 1, "endDate": "2020-03-31", "cash": 89027000, "netReceivables": 10735975000, "inventory": 28953000, "otherCurrentAssets": 1145012000, "totalCurrentAssets": 11998967000, "propertyPlantEquipment": 358785000, "intangibleAssets": 2032124000, "otherAssets": 1607858000, "deferredLongTermAssetCharges": 194281000, "totalAssets": 15997734000, "accountsPayable": 746435000, "otherCurrentLiab": 10458431000, "otherLiab": 81000, "totalCurrentLiabilities": 14514691000, "totalLiab": 14514772000, "commonStock": 340489000, "treasuryStock": 1142473000, "otherStockholderEquity": 1142473000, "totalStockholderEquity": 1482962000, "netTangibleAssets": -549162000}, {"maxAge": 1, "endDate": "2019-12-31", "totalStockholderEquity": 1457002000, "netTangibleAssets": -575650000}, {"maxAge": 1, "endDate": "2019-09-30", "cash": 64621000, "netReceivables": 9431858000, "inventory": 28967000, "otherCurrentAssets": 549616000, "totalCurrentAssets": 10075062000, "propertyPlantEquipment": 380977000, "intangibleAssets": 2032652000, "otherAssets": 1605559000, "deferredLongTermAssetCharges": 191981000, "totalAssets": 14094250000, "accountsPayable": 1913993000, "otherCurrentLiab": 8993109000, "otherLiab": 82000, "totalCurrentLiabilities": 12637166000, "totalLiab": 12637248000, "commonStock": 340489000, "treasuryStock": 1116513000, "otherStockholderEquity": 1116513000, "totalStockholderEquity": 1457002000, "netTangibleAssets": -575650000}], "maxAge": 86400}, "indexTrend": {"maxAge": 1, "symbol": "SP5", "peRatio": 19.7411, "pegRatio": 1.34172, "estimates": [{"period": "0q", "growth": 0.549}, {"period": "+1q", "growth": 0.431}, {"period": "0y", "growth": 0.305}, {"period": "+1y", "growth": 0.109}, {"period": "+5y", "growth": 0.120865}, {"period": "-5y"}]}, "insiderTransactions": {"transactions": [{"maxAge": 1, "shares": 250000, "filerUrl": "", "transactionText": "", "filerName": "Reddy (Avula Balliahgari Satyavas)", "filerRelation": "Director (Non-Executive)", "moneyText": "", "startDate": "2013-03-29", "ownership": "D"}, {"maxAge": 1, "shares": 250000, "filerUrl": "", "transactionText": "", "filerName": "Reddy (Avula Balliahgari Satyavas)", "filerRelation": "Director (Non-Executive)", "moneyText": "", "startDate": "2013-03-18", "ownership": "D"}, {"maxAge": 1, "shares": 250000, "filerUrl": "", "transactionText": "", "filerName": "Reddy (Avula Balliahgari Satyavas)", "filerRelation": "Director (Non-Executive)", "moneyText": "", "startDate": "2013-03-14", "ownership": "D"}, {"maxAge": 1, "shares": 992561, "filerUrl": "", "transactionText": "", "filerName": "Reddy (Satyavas A B)", "filerRelation": "Promoter", "moneyText": "", "startDate": "2013-03-06", "ownership": "D"}, {"maxAge": 1, "shares": 301610, "filerUrl": "", "transactionText": "", "filerName": "Reddy (Satyavas A B)", "filerRelation": "Promoter", "moneyText": "", "startDate": "2013-02-19", "ownership": "D"}, {"maxAge": 1, "shares": 539750, "filerUrl": "", "transactionText": "", "filerName": "Satya Straps & Packaging Technologies Ltd", "filerRelation": "Promoter", "moneyText": "", "startDate": "2011-12-16", "ownership": "D"}, {"maxAge": 1, "shares": 364461, "filerUrl": "", "transactionText": "", "filerName": "Reddy (Satyavas A B)", "filerRelation": "Promoter", "moneyText": "", "startDate": "2011-12-16", "ownership": "D"}, {"maxAge": 1, "shares": 60250, "filerUrl": "", "transactionText": "", "filerName": "Reddy (Satyavas A B)", "filerRelation": "Promoter", "moneyText": "", "startDate": "2011-12-16", "ownership": "D"}, {"maxAge": 1, "shares": 171950, "filerUrl": "", "transactionText": "", "filerName": "Satya Straps & Packaging Technologies Ltd", "filerRelation": "Promoter", "moneyText": "", "startDate": "2011-12-15", "ownership": "D"}, {"maxAge": 1, "shares": 165811, "filerUrl": "", "transactionText": "", "filerName": "Reddy (Satyavas A B)", "filerRelation": "Promoter", "moneyText": "", "startDate": "2011-12-15", "ownership": "D"}, {"maxAge": 1, "shares": 100000, "filerUrl": "", "transactionText": "", "filerName": "Reddy (Shobha Rani R)", "filerRelation": "UNREPORTED", "moneyText": "", "startDate": "2011-01-28", "ownership": "D"}, {"maxAge": 1, "shares": 185000, "filerUrl": "", "transactionText": "", "filerName": "Reddy (Satish R)", "filerRelation": "Director (Non-Executive)", "moneyText": "", "startDate": "2011-01-24", "ownership": "D"}, {"maxAge": 1, "shares": 2200000, "filerUrl": "", "transactionText": "", "filerName": "Infotech Infin & Trading Pvt Ltd", "filerRelation": "Institution- Corporation", "moneyText": "", "startDate": "2010-02-22", "ownership": "D"}, {"maxAge": 1, "shares": 163000, "filerUrl": "", "transactionText": "", "filerName": "Reddy (Satyavas A B)", "filerRelation": "Promoter", "moneyText": "", "startDate": "2010-02-09", "ownership": "D"}], "maxAge": 1}, "quoteType": {"exchange": "BSE", "quoteType": "EQUITY", "symbol": "BARTRONICS.BO", "underlyingSymbol": "BARTRONICS.BO", "shortName": "BARTRONICS INDIA LTD.", "longName": "Bartronics India Limited", "firstTradeDateEpochUtc": "2006-01-12 09:15:00", "timeZoneFullName": "Asia/Kolkata", "timeZoneShortName": "IST", "uuid": "48ef9c17-f966-33d5-939c-139ff1440871", "messageBoardId": null, "gmtOffSetMilliseconds": 19800000, "maxAge": 1}, "incomeStatementHistory": {"incomeStatementHistory": [{"maxAge": 1, "endDate": "2020-03-31", "totalRevenue": 680117000, "costOfRevenue": 158406000, "grossProfit": 521711000, "researchDevelopment": {}, "sellingGeneralAdministrative": 452928000, "nonRecurring": {}, "otherOperatingExpenses": {}, "totalOperatingExpenses": 656829000, "operatingIncome": 23288000, "totalOtherIncomeExpenseNet": -491891000, "ebit": 23288000, "interestExpense": -523995000, "incomeBeforeTax": -468603000, "incomeTaxExpense": 44143000, "minorityInterest": {}, "netIncomeFromContinuingOps": -512746000, "discontinuedOperations": {}, "extraordinaryItems": {}, "effectOfAccountingCharges": {}, "otherItems": {}, "netIncome": -512746000, "netIncomeApplicableToCommonShares": -512746000}, {"maxAge": 1, "endDate": "2019-03-31", "totalRevenue": 761691000, "costOfRevenue": 261308000, "grossProfit": 500383000, "researchDevelopment": {}, "sellingGeneralAdministrative": 4772000, "nonRecurring": {}, "otherOperatingExpenses": 660874000, "totalOperatingExpenses": 981223000, "operatingIncome": -219532000, "totalOtherIncomeExpenseNet": -521333000, "ebit": -219532000, "interestExpense": -524250000, "incomeBeforeTax": -740865000, "incomeTaxExpense": -77435000, "minorityInterest": {}, "netIncomeFromContinuingOps": -663430000, "discontinuedOperations": {}, "extraordinaryItems": {}, "effectOfAccountingCharges": {}, "otherItems": {}, "netIncome": -663430000, "netIncomeApplicableToCommonShares": -663430000}, {"maxAge": 1, "endDate": "2018-03-31", "totalRevenue": 753871000, "costOfRevenue": 208580000, "grossProfit": 545291000, "researchDevelopment": {}, "sellingGeneralAdministrative": 6405000, "nonRecurring": {}, "otherOperatingExpenses": 398468000, "totalOperatingExpenses": 672644000, "operatingIncome": 81227000, "totalOtherIncomeExpenseNet": -503577000, "ebit": 81227000, "interestExpense": -523889000, "incomeBeforeTax": -422350000, "incomeTaxExpense": -3912000, "minorityInterest": {}, "netIncomeFromContinuingOps": -418438000, "discontinuedOperations": {}, "extraordinaryItems": {}, "effectOfAccountingCharges": {}, "otherItems": {}, "netIncome": -418438000, "netIncomeApplicableToCommonShares": -418438000}, {"maxAge": 1, "endDate": "2017-03-31", "totalRevenue": 852663000, "costOfRevenue": 197762000, "grossProfit": 654901000, "researchDevelopment": {}, "sellingGeneralAdministrative": 163365000, "nonRecurring": {}, "otherOperatingExpenses": 389657000, "totalOperatingExpenses": 814561000, "operatingIncome": 38102000, "totalOtherIncomeExpenseNet": -552245000, "ebit": 38102000, "interestExpense": -518735000, "incomeBeforeTax": -514143000, "incomeTaxExpense": -3992000, "minorityInterest": {}, "netIncomeFromContinuingOps": -510151000, "discontinuedOperations": {}, "extraordinaryItems": {}, "effectOfAccountingCharges": {}, "otherItems": {}, "netIncome": -510151000, "netIncomeApplicableToCommonShares": -510151000}], "maxAge": 86400}, "fundOwnership": {"maxAge": 1, "ownershipList": []}, "summaryDetail": {"maxAge": 1, "priceHint": 4, "previousClose": 2.29, "open": 2.28, "dayLow": 2.18, "dayHigh": 2.29, "regularMarketPreviousClose": 2.29, "regularMarketOpen": 2.28, "regularMarketDayLow": 2.18, "regularMarketDayHigh": 2.29, "volume": 15863, "regularMarketVolume": 15863, "averageVolume": 35312, "averageVolume10days": 19347, "averageDailyVolume10Day": 19347, "bid": 2.2, "ask": 2.28, "bidSize": 0, "askSize": 0, "marketCap": 77631488, "fiftyTwoWeekLow": 0.61, "fiftyTwoWeekHigh": 4.99, "fiftyDayAverage": 3.367143, "twoHundredDayAverage": 2.4072993, "currency": "INR", "fromCurrency": null, "toCurrency": null, "lastMarket": null, "algorithm": null, "tradeable": false}, "incomeStatementHistoryQuarterly": {"incomeStatementHistory": [{"maxAge": 1, "endDate": "2020-06-30", "totalRevenue": 143880000, "costOfRevenue": 18845000, "grossProfit": 125035000, "researchDevelopment": {}, "sellingGeneralAdministrative": 112188000, "nonRecurring": {}, "otherOperatingExpenses": {}, "totalOperatingExpenses": 141736000, "operatingIncome": 2144000, "totalOtherIncomeExpenseNet": -130949000, "ebit": 2144000, "interestExpense": -130994000, "incomeBeforeTax": -128805000, "incomeTaxExpense": -1204000, "minorityInterest": {}, "netIncomeFromContinuingOps": -127601000, "discontinuedOperations": {}, "extraordinaryItems": {}, "effectOfAccountingCharges": {}, "otherItems": {}, "netIncome": -127601000, "netIncomeApplicableToCommonShares": -127601000}, {"maxAge": 1, "endDate": "2020-03-31", "totalRevenue": 154078000, "costOfRevenue": 25995000, "grossProfit": 128083000, "researchDevelopment": {}, "sellingGeneralAdministrative": 121864000, "nonRecurring": {}, "otherOperatingExpenses": {}, "totalOperatingExpenses": 158580000, "operatingIncome": -4502000, "totalOtherIncomeExpenseNet": -128324000, "ebit": -4502000, "interestExpense": -130967000, "incomeBeforeTax": -132826000, "incomeTaxExpense": -1049000, "minorityInterest": {}, "netIncomeFromContinuingOps": -131777000, "discontinuedOperations": {}, "extraordinaryItems": {}, "effectOfAccountingCharges": {}, "otherItems": {}, "netIncome": -131777000, "netIncomeApplicableToCommonShares": -131777000}, {"maxAge": 1, "endDate": "2019-12-31", "totalRevenue": 131340000, "costOfRevenue": 28448000, "grossProfit": 102892000, "researchDevelopment": {}, "sellingGeneralAdministrative": 96623000, "nonRecurring": {}, "otherOperatingExpenses": {}, "totalOperatingExpenses": 135809000, "operatingIncome": -4469000, "totalOtherIncomeExpenseNet": -130850000, "ebit": -4469000, "interestExpense": -130991000, "incomeBeforeTax": -135319000, "incomeTaxExpense": -1250000, "minorityInterest": {}, "netIncomeFromContinuingOps": -134069000, "discontinuedOperations": {}, "extraordinaryItems": {}, "effectOfAccountingCharges": {}, "otherItems": {}, "netIncome": -134069000, "netIncomeApplicableToCommonShares": -134069000}, {"maxAge": 1, "endDate": "2019-09-30", "totalRevenue": 172759000, "costOfRevenue": 34972000, "grossProfit": 137787000, "researchDevelopment": {}, "sellingGeneralAdministrative": 110993000, "nonRecurring": {}, "otherOperatingExpenses": {}, "totalOperatingExpenses": 157939000, "operatingIncome": 14820000, "totalOtherIncomeExpenseNet": -102036000, "ebit": 14820000, "interestExpense": -130957000, "incomeBeforeTax": -87216000, "incomeTaxExpense": 47115000, "minorityInterest": {}, "netIncomeFromContinuingOps": -134331000, "discontinuedOperations": {}, "extraordinaryItems": {}, "effectOfAccountingCharges": {}, "otherItems": {}, "netIncome": -134331000, "netIncomeApplicableToCommonShares": -134331000}], "maxAge": 86400}, "cashflowStatementHistoryQuarterly": {"cashflowStatements": [{"maxAge": 1, "endDate": "2020-06-30", "netIncome": -127601000, "changeToLiabilities": 0}, {"maxAge": 1, "endDate": "2020-03-31", "netIncome": -131777000, "changeToLiabilities": 0}, {"maxAge": 1, "endDate": "2019-12-31", "netIncome": -134069000, "changeToLiabilities": 0}, {"maxAge": 1, "endDate": "2019-09-30", "netIncome": -134331000, "changeToLiabilities": 0}], "maxAge": 86400}, "insiderHolders": {"holders": [{"maxAge": 1, "name": "Infotech Infin & Trading Pvt Ltd", "relation": "Institution- Corporation", "url": "", "transactionDescription": "Acquisition", "latestTransDate": "2010-02-22", "positionDirect": 2200000, "positionDirectDate": "2010-02-22"}, {"maxAge": 1, "name": "Reddy (Avula Balliahgari Satyavas)", "relation": "Director (Non-Executive)", "url": "", "transactionDescription": "Acquisition", "latestTransDate": "2013-03-29", "positionDirect": 1716297, "positionDirectDate": "2013-03-29"}, {"maxAge": 1, "name": "Reddy (Satish R)", "relation": "Director (Non-Executive)", "url": "", "transactionDescription": "Sale", "latestTransDate": "2011-01-24", "positionDirect": 0, "positionDirectDate": "2011-01-24"}, {"maxAge": 1, "name": "Reddy (Satyavas A B)", "relation": "Promoter", "url": "", "transactionDescription": "Sale", "latestTransDate": "2013-03-06", "positionDirect": 1966297, "positionDirectDate": "2013-03-06"}, {"maxAge": 1, "name": "Reddy (Shobha Rani R)", "relation": "UNREPORTED", "url": "", "transactionDescription": "Sale", "latestTransDate": "2011-01-28", "positionDirect": 135200, "positionDirectDate": "2011-01-28"}, {"maxAge": 1, "name": "Satya Straps & Packaging Technologies Ltd", "relation": "Promoter", "url": "", "transactionDescription": "Sale", "latestTransDate": "2011-12-16", "positionDirect": 1771090, "positionDirectDate": "2011-12-16"}], "maxAge": 1}, "calendarEvents": {"maxAge": 1, "earnings": {"earningsDate": []}}, "price": {"maxAge": 1, "regularMarketChangePercent": -0.004366808, "regularMarketChange": -0.00999999, "regularMarketTime": "2021-04-30 15:23:15", "priceHint": 4, "regularMarketPrice": 2.28, "regularMarketDayHigh": 2.29, "regularMarketDayLow": 2.18, "regularMarketVolume": 15863, "averageDailyVolume10Day": 19347, "averageDailyVolume3Month": 35312, "regularMarketPreviousClose": 2.29, "regularMarketSource": "FREE_REALTIME", "regularMarketOpen": 2.28, "exchange": "BSE", "exchangeName": "BSE", "exchangeDataDelayedBy": 0, "marketState": "CLOSED", "quoteType": "EQUITY", "symbol": "BARTRONICS.BO", "underlyingSymbol": null, "shortName": "BARTRONICS INDIA LTD.", "longName": "Bartronics India Limited", "currency": "INR", "quoteSourceName": "Delayed Quote", "currencySymbol": "\u20b9", "fromCurrency": null, "toCurrency": null, "lastMarket": null, "marketCap": 77631488}, "balanceSheetHistory": {"balanceSheetStatements": [{"maxAge": 1, "endDate": "2020-03-31", "cash": 89027000, "netReceivables": 10735975000, "inventory": 28953000, "otherCurrentAssets": 1145012000, "totalCurrentAssets": 11998967000, "propertyPlantEquipment": 358785000, "intangibleAssets": 2032124000, "otherAssets": 1607858000, "deferredLongTermAssetCharges": 194281000, "totalAssets": 15997734000, "accountsPayable": 746435000, "otherCurrentLiab": 10458431000, "otherLiab": 81000, "totalCurrentLiabilities": 14514691000, "totalLiab": 14514772000, "commonStock": 340489000, "treasuryStock": 1142473000, "otherStockholderEquity": 1142473000, "totalStockholderEquity": 1482962000, "netTangibleAssets": -549162000}, {"maxAge": 1, "endDate": "2019-03-31", "cash": 64592000, "netReceivables": 9492204000, "inventory": 634905000, "otherCurrentAssets": 439039000, "totalCurrentAssets": 10643948000, "propertyPlantEquipment": 444824000, "goodWill": 1345389000, "intangibleAssets": 687371000, "otherAssets": 1681833000, "deferredLongTermAssetCharges": 238424000, "totalAssets": 14803365000, "accountsPayable": 2193561000, "shortLongTermDebt": 5476364000, "otherCurrentLiab": 2005534000, "otherLiab": 2780000, "totalCurrentLiabilities": 13208367000, "totalLiab": 13211147000, "commonStock": 340489000, "retainedEarnings": -1062616000, "treasuryStock": 543946000, "capitalSurplus": 1770399000, "otherStockholderEquity": 543946000, "totalStockholderEquity": 1592218000, "netTangibleAssets": -440542000}, {"maxAge": 1, "endDate": "2018-03-31", "cash": 63059000, "netReceivables": 8982958000, "inventory": 1269563000, "otherCurrentAssets": 406196000, "totalCurrentAssets": 10722726000, "propertyPlantEquipment": 492457000, "goodWill": 1345389000, "intangibleAssets": 690936000, "otherAssets": 1574565000, "deferredLongTermAssetCharges": 160989000, "totalAssets": 14826073000, "accountsPayable": 2031571000, "shortLongTermDebt": 4965216000, "otherCurrentLiab": 1988186000, "otherLiab": 5140000, "totalCurrentLiabilities": 13023002000, "totalLiab": 13028142000, "commonStock": 340489000, "retainedEarnings": -856903000, "treasuryStock": 543946000, "capitalSurplus": 1770399000, "otherStockholderEquity": 543946000, "totalStockholderEquity": 1797931000, "netTangibleAssets": -238394000}, {"maxAge": 1, "endDate": "2017-03-31", "cash": 63984000, "netReceivables": 11490000000, "inventory": 328142000, "otherCurrentAssets": 389900000, "totalCurrentAssets": 12273090000, "propertyPlantEquipment": 579801000, "goodWill": 1345389000, "intangibleAssets": 693146000, "otherAssets": 1570655000, "deferredLongTermAssetCharges": 157077000, "totalAssets": 16462081000, "accountsPayable": 2886503000, "shortLongTermDebt": 5510890000, "otherCurrentLiab": 3117570000, "otherLiab": 11576000, "totalCurrentLiabilities": 14478413000, "totalLiab": 14489989000, "commonStock": 340489000, "retainedEarnings": -682742000, "treasuryStock": 543946000, "capitalSurplus": 1770399000, "otherStockholderEquity": 543946000, "totalStockholderEquity": 1972092000, "netTangibleAssets": -66443000}], "maxAge": 86400}, "financialData": {"maxAge": 86400, "currentPrice": 2.28, "recommendationKey": "none", "grossProfits": 521711000, "financialCurrency": "INR"}}}