{"BARTRONICS.NS": {"assetProfile": {"address1": "Plot No 193", "address2": "Block-B Kavuri Hill GB Pet, Madhapur", "city": "Hyderabad", "zip": "500033", "country": "India", "phone": "91 40 4926 9269", "fax": "91 40 4926 9246", "website": "http://www.bartronics.com", "industry": "Information Technology Services", "sector": "Technology", "longBusinessSummary": "Bartronics India Limited provides automatic identification and data capture solutions in India and internationally. The company offers smart cards, including memory, crypto memory, GSM, contactless, biometric, and national cards; radio frequency identification equipment; enterprise mobility solutions; and e-government solutions, such as financial inclusion, public distribution, and pilgrim management systems, as well as health insurance projects, and smart card based driving license and vehicle registration. It also provides track and trace solutions, such as MRO tools, weapon, vehicle, surgical set, patient, and document tracking, as well as infant protection/monitoring and animal identification technology solutions; warehouse and fleet management systems; inventory and asset, library, visitor, contract labor, and pilgrim management solutions; and time and attendance, and access control systems. In addition, the company offers application development services; application management services, such as application modernization, application operation and support, middleware support, and database; enterprise solutions, including enterprise resource planning, enterprise application integration, business process management, business intelligence, services oriented architecture, enterprise portal and content management, and enterprise mobility; IT infrastructure management services, such as data center, end user computing, enterprise network and security, remote infrastructure management, and IT service desk; and strategic sourcing services. It serves banking and financial services, education, government, health care, law enforcement and public safety, manufacturing, telecom, transport and logistics, and aerospace industries. The company was formerly known as Super Bartronics Limited and changed its name to Bartronics India Limited in January 1996. Bartronics India Limited was incorporated in 1990 and is headquartered in Hyderabad, India.", "fullTimeEmployees": 47, "companyOfficers": [{"maxAge": 1, "name": "Mr. Udai Sagar Kanukolanu", "age": 59, "title": "MD & Exec. Director", "yearBorn": 1961, "fiscalYear": 2020, "totalPay": 0, "exercisedValue": 0, "unexercisedValue": 0}, {"maxAge": 1, "name": "T. Venu Gopal", "title": "Chief Operating Officer", "exercisedValue": 0, "unexercisedValue": 0}, {"maxAge": 1, "name": "Mr. Chinnam Poorna Chandra Rao", "title": "Compliance Officer", "exercisedValue": 0, "unexercisedValue": 0}, {"maxAge": 1, "name": "Mr. Y. Srinivasa Rao", "title": "Deputy Company Sec.", "exercisedValue": 0, "unexercisedValue": 0}], "compensationAsOfEpochDate": "2020-12-31 05:30:00", "maxAge": 86400}, "cashflowStatementHistory": {"cashflowStatements": [{"maxAge": 1, "endDate": "2020-03-31", "netIncome": -512745000, "depreciation": 45382000, "changeToNetincome": 536066000, "changeToAccountReceivables": -1254165000, "changeToLiabilities": 0, "changeToInventory": 5373000, "changeToOperatingActivities": 1379000000, "totalCashFromOperatingActivities": 199024000, "capitalExpenditures": -220000, "otherCashflowsFromInvestingActivities": 479312000, "totalCashflowsFromInvestingActivities": 506571000, "netBorrowings": -157672000, "otherCashflowsFromFinancingActivities": -523995000, "totalCashFromFinancingActivities": -681667000, "changeInCash": 23929000}, {"maxAge": 1, "endDate": "2019-03-31", "netIncome": -663430000, "depreciation": 52286000, "changeToNetincome": 444205000, "changeToAccountReceivables": -502205000, "changeToLiabilities": 0, "changeToInventory": 8632000, "changeToOperatingActivities": 750084000, "totalCashFromOperatingActivities": 92291000, "capitalExpenditures": -220000, "otherCashflowsFromInvestingActivities": 424946000, "totalCashflowsFromInvestingActivities": 426688000, "netBorrowings": 6027000, "otherCashflowsFromFinancingActivities": -524252000, "totalCashFromFinancingActivities": -518225000, "changeInCash": 755000}, {"maxAge": 1, "endDate": "2018-03-31", "netIncome": -418438000, "depreciation": 56607000, "changeToNetincome": 758291000, "changeToAccountReceivables": 2503704000, "changeToLiabilities": 0, "changeToInventory": 8292000, "changeToOperatingActivities": -2949078000, "totalCashFromOperatingActivities": -38038000, "capitalExpenditures": -3341000, "otherCashflowsFromInvestingActivities": 5963000, "totalCashflowsFromInvestingActivities": 36328000, "dividendsPaid": -4232000, "netBorrowings": 528904000, "otherCashflowsFromFinancingActivities": -523888000, "totalCashFromFinancingActivities": 784000, "changeInCash": -926000}, {"maxAge": 1, "endDate": "2017-03-31", "netIncome": -510151000, "depreciation": 59978000, "changeToNetincome": 699119000, "changeToAccountReceivables": 7939000, "changeToLiabilities": 0, "changeToInventory": 28367000, "changeToOperatingActivities": -253396000, "totalCashFromOperatingActivities": 35655000, "capitalExpenditures": -8352000, "otherCashflowsFromInvestingActivities": 132000, "totalCashflowsFromInvestingActivities": -8220000, "dividendsPaid": -6049000, "netBorrowings": 506275000, "otherCashflowsFromFinancingActivities": -518739000, "totalCashFromFinancingActivities": -18513000, "changeInCash": 8922000}], "maxAge": 86400}, "institutionOwnership": {"maxAge": 1, "ownershipList": []}, "majorHoldersBreakdown": {"maxAge": 1, "insidersPercentHeld": 0.17841, "institutionsPercentHeld": 0.0, "institutionsFloatPercentHeld": 0.0, "institutionsCount": 0}, "balanceSheetHistoryQuarterly": {"balanceSheetStatements": [{"maxAge": 1, "endDate": "2020-12-31", "totalStockholderEquity": 1206062000, "netTangibleAssets": -826032000}, {"maxAge": 1, "endDate": "2020-09-30", "cash": 97792000, "netReceivables": 10558868000, "inventory": 27715000, "otherCurrentAssets": 1157980000, "totalCurrentAssets": 11842355000, "propertyPlantEquipment": 337411000, "intangibleAssets": 2032094000, "otherAssets": 1689444000, "deferredLongTermAssetCharges": 196576000, "totalAssets": 15901304000, "accountsPayable": 2008830000, "shortLongTermDebt": 7751130000, "otherCurrentLiab": 1492005000, "otherLiab": 82000, "totalCurrentLiabilities": 14695160000, "totalLiab": 14695242000, "commonStock": 340489000, "treasuryStock": 865573000, "otherStockholderEquity": 865573000, "totalStockholderEquity": 1206062000, "netTangibleAssets": -826032000}, {"maxAge": 1, "endDate": "2020-06-30", "totalStockholderEquity": 1482962000, "netTangibleAssets": -549162000}, {"maxAge": 1, "endDate": "2020-03-31", "cash": 88521000, "netReceivables": 10744862000, "inventory": 711099000, "otherCurrentAssets": 439057000, "totalCurrentAssets": 11998967000, "propertyPlantEquipment": 358785000, "goodWill": 1345389000, "intangibleAssets": 686735000, "otherAssets": 1607858000, "deferredLongTermAssetCharges": 194281000, "totalAssets": 15997734000, "accountsPayable": 746435000, "shortLongTermDebt": 7142949000, "otherCurrentLiab": 3250071000, "otherLiab": 81000, "totalCurrentLiabilities": 14514691000, "totalLiab": 14514772000, "commonStock": 340489000, "retainedEarnings": -1171872000, "treasuryStock": 543946000, "capitalSurplus": 1770399000, "otherStockholderEquity": 543946000, "totalStockholderEquity": 1482962000, "netTangibleAssets": -549162000}], "maxAge": 86400}, "indexTrend": {"maxAge": 1, "symbol": "SP5", "peRatio": 19.7411, "pegRatio": 1.34172, "estimates": [{"period": "0q", "growth": 0.549}, {"period": "+1q", "growth": 0.431}, {"period": "0y", "growth": 0.305}, {"period": "+1y", "growth": 0.109}, {"period": "+5y", "growth": 0.120865}, {"period": "-5y"}]}, "defaultKeyStatistics": {"maxAge": 1, "priceHint": 4, "enterpriseValue": 11156784128, "profitMargins": -0.85007006, "floatShares": 22706867, "sharesOutstanding": 34048400, "heldPercentInsiders": 0.17841, "heldPercentInstitutions": 0.0, "beta": 1.494746, "category": null, "bookValue": 59.278, "priceToBook": 0.037113264, "fundFamily": null, "legalType": null, "lastFiscalYearEnd": "2020-03-31 05:30:00", "nextFiscalYearEnd": "2022-03-31 05:30:00", "mostRecentQuarter": "2020-12-31 05:30:00", "netIncomeToCommon": -515526016, "trailingEps": -25.231, "lastSplitFactor": null, "enterpriseToRevenue": 18.397, "enterpriseToEbitda": 245.733, "52WeekChange": 0.8333334, "SandP52WeekChange": 0.48148263, "lastDividendValue": 1.0, "lastDividendDate": 1316563200}, "summaryProfile": {"address1": "Plot No 193", "address2": "Block-B Kavuri Hill GB Pet, Madhapur", "city": "Hyderabad", "zip": "500033", "country": "India", "phone": "91 40 4926 9269", "fax": "91 40 4926 9246", "website": "http://www.bartronics.com", "industry": "Information Technology Services", "sector": "Technology", "longBusinessSummary": "Bartronics India Limited provides automatic identification and data capture solutions in India and internationally. The company offers smart cards, including memory, crypto memory, GSM, contactless, biometric, and national cards; radio frequency identification equipment; enterprise mobility solutions; and e-government solutions, such as financial inclusion, public distribution, and pilgrim management systems, as well as health insurance projects, and smart card based driving license and vehicle registration. It also provides track and trace solutions, such as MRO tools, weapon, vehicle, surgical set, patient, and document tracking, as well as infant protection/monitoring and animal identification technology solutions; warehouse and fleet management systems; inventory and asset, library, visitor, contract labor, and pilgrim management solutions; and time and attendance, and access control systems. In addition, the company offers application development services; application management services, such as application modernization, application operation and support, middleware support, and database; enterprise solutions, including enterprise resource planning, enterprise application integration, business process management, business intelligence, services oriented architecture, enterprise portal and content management, and enterprise mobility; IT infrastructure management services, such as data center, end user computing, enterprise network and security, remote infrastructure management, and IT service desk; and strategic sourcing services. It serves banking and financial services, education, government, health care, law enforcement and public safety, manufacturing, telecom, transport and logistics, and aerospace industries. The company was formerly known as Super Bartronics Limited and changed its name to Bartronics India Limited in January 1996. Bartronics India Limited was incorporated in 1990 and is headquartered in Hyderabad, India.", "fullTimeEmployees": 47, "companyOfficers": [], "maxAge": 86400}, "netSharePurchaseActivity": {"maxAge": 1, "period": "6m", "buyInfoCount": 0, "buyInfoShares": 0, "sellInfoCount": 0, "netInfoCount": 0, "netInfoShares": 0, "netPercentInsiderShares": 0.0, "totalInsiderShares": 4886062}, "insiderTransactions": {"transactions": [{"maxAge": 1, "shares": 250000, "filerUrl": "", "transactionText": "", "filerName": "Reddy (Avula Balliahgari Satyavas)", "filerRelation": "Director (Non-Executive)", "moneyText": "", "startDate": "2013-03-29", "ownership": "D"}, {"maxAge": 1, "shares": 250000, "filerUrl": "", "transactionText": "", "filerName": "Reddy (Avula Balliahgari Satyavas)", "filerRelation": "Director (Non-Executive)", "moneyText": "", "startDate": "2013-03-18", "ownership": "D"}, {"maxAge": 1, "shares": 250000, "filerUrl": "", "transactionText": "", "filerName": "Reddy (Avula Balliahgari Satyavas)", "filerRelation": "Director (Non-Executive)", "moneyText": "", "startDate": "2013-03-14", "ownership": "D"}, {"maxAge": 1, "shares": 992561, "filerUrl": "", "transactionText": "", "filerName": "Reddy (Satyavas A B)", "filerRelation": "Promoter", "moneyText": "", "startDate": "2013-03-06", "ownership": "D"}, {"maxAge": 1, "shares": 301610, "filerUrl": "", "transactionText": "", "filerName": "Reddy (Satyavas A B)", "filerRelation": "Promoter", "moneyText": "", "startDate": "2013-02-19", "ownership": "D"}, {"maxAge": 1, "shares": 60250, "filerUrl": "", "transactionText": "", "filerName": "Reddy (Satyavas A B)", "filerRelation": "Promoter", "moneyText": "", "startDate": "2011-12-16", "ownership": "D"}, {"maxAge": 1, "shares": 364461, "filerUrl": "", "transactionText": "", "filerName": "Reddy (Satyavas A B)", "filerRelation": "Promoter", "moneyText": "", "startDate": "2011-12-16", "ownership": "D"}, {"maxAge": 1, "shares": 539750, "filerUrl": "", "transactionText": "", "filerName": "Satya Straps & Packaging Technologies Ltd", "filerRelation": "Promoter", "moneyText": "", "startDate": "2011-12-16", "ownership": "D"}, {"maxAge": 1, "shares": 165811, "filerUrl": "", "transactionText": "", "filerName": "Reddy (Satyavas A B)", "filerRelation": "Promoter", "moneyText": "", "startDate": "2011-12-15", "ownership": "D"}, {"maxAge": 1, "shares": 171950, "filerUrl": "", "transactionText": "", "filerName": "Satya Straps & Packaging Technologies Ltd", "filerRelation": "Promoter", "moneyText": "", "startDate": "2011-12-15", "ownership": "D"}, {"maxAge": 1, "shares": 100000, "filerUrl": "", "transactionText": "", "filerName": "Reddy (Shobha Rani R)", "filerRelation": "UNREPORTED", "moneyText": "", "startDate": "2011-01-28", "ownership": "D"}, {"maxAge": 1, "shares": 185000, "filerUrl": "", "transactionText": "", "filerName": "Reddy (Satish R)", "filerRelation": "Director (Non-Executive)", "moneyText": "", "startDate": "2011-01-24", "ownership": "D"}, {"maxAge": 1, "shares": 2200000, "filerUrl": "", "transactionText": "", "filerName": "Infotech Infin & Trading Pvt Ltd", "filerRelation": "Institution- Corporation", "moneyText": "", "startDate": "2010-02-22", "ownership": "D"}, {"maxAge": 1, "shares": 163000, "filerUrl": "", "transactionText": "", "filerName": "Reddy (Satyavas A B)", "filerRelation": "Promoter", "moneyText": "", "startDate": "2010-02-09", "ownership": "D"}], "maxAge": 1}, "quoteType": {"exchange": "NSI", "quoteType": "EQUITY", "symbol": "BARTRONICS.NS", "underlyingSymbol": "BARTRONICS.NS", "shortName": "BARTRONICS INDIA L", "longName": "Bartronics India Limited", "firstTradeDateEpochUtc": "2006-01-12 09:15:00", "timeZoneFullName": "Asia/Kolkata", "timeZoneShortName": "IST", "uuid": "b00a5ed6-5f36-38e4-9dab-714865119bff", "messageBoardId": "finmb_25091261", "gmtOffSetMilliseconds": 19800000, "maxAge": 1}, "incomeStatementHistory": {"incomeStatementHistory": [{"maxAge": 1, "endDate": "2020-03-31", "totalRevenue": 680117000, "costOfRevenue": 160169000, "grossProfit": 519948000, "researchDevelopment": {}, "sellingGeneralAdministrative": 4021000, "nonRecurring": {}, "otherOperatingExpenses": 445815000, "totalOperatingExpenses": 655500000, "operatingIncome": 24617000, "totalOtherIncomeExpenseNet": -493219000, "ebit": 24617000, "interestExpense": -523995000, "incomeBeforeTax": -468602000, "incomeTaxExpense": 44143000, "minorityInterest": {}, "netIncomeFromContinuingOps": -512745000, "discontinuedOperations": {}, "extraordinaryItems": {}, "effectOfAccountingCharges": {}, "otherItems": {}, "netIncome": -512745000, "netIncomeApplicableToCommonShares": -512745000}, {"maxAge": 1, "endDate": "2019-03-31", "totalRevenue": 761691000, "costOfRevenue": 261308000, "grossProfit": 500383000, "researchDevelopment": {}, "sellingGeneralAdministrative": 4772000, "nonRecurring": {}, "otherOperatingExpenses": 660874000, "totalOperatingExpenses": 981223000, "operatingIncome": -219532000, "totalOtherIncomeExpenseNet": -521333000, "ebit": -219532000, "interestExpense": -524250000, "incomeBeforeTax": -740865000, "incomeTaxExpense": -77435000, "minorityInterest": {}, "netIncomeFromContinuingOps": -663430000, "discontinuedOperations": {}, "extraordinaryItems": {}, "effectOfAccountingCharges": {}, "otherItems": {}, "netIncome": -663430000, "netIncomeApplicableToCommonShares": -663430000}, {"maxAge": 1, "endDate": "2018-03-31", "totalRevenue": 753871000, "costOfRevenue": 208580000, "grossProfit": 545291000, "researchDevelopment": {}, "sellingGeneralAdministrative": 6405000, "nonRecurring": {}, "otherOperatingExpenses": 398468000, "totalOperatingExpenses": 672644000, "operatingIncome": 81227000, "totalOtherIncomeExpenseNet": -503577000, "ebit": 81227000, "interestExpense": -523889000, "incomeBeforeTax": -422350000, "incomeTaxExpense": -3912000, "minorityInterest": {}, "netIncomeFromContinuingOps": -418438000, "discontinuedOperations": {}, "extraordinaryItems": {}, "effectOfAccountingCharges": {}, "otherItems": {}, "netIncome": -418438000, "netIncomeApplicableToCommonShares": -418438000}, {"maxAge": 1, "endDate": "2017-03-31", "totalRevenue": 852663000, "costOfRevenue": 355630000, "grossProfit": 497033000, "researchDevelopment": {}, "sellingGeneralAdministrative": 5497000, "nonRecurring": {}, "otherOperatingExpenses": 389657000, "totalOperatingExpenses": 814561000, "operatingIncome": 38102000, "totalOtherIncomeExpenseNet": -552245000, "ebit": 38102000, "interestExpense": -518735000, "incomeBeforeTax": -514143000, "incomeTaxExpense": -3992000, "minorityInterest": {}, "netIncomeFromContinuingOps": -510151000, "discontinuedOperations": {}, "extraordinaryItems": {}, "effectOfAccountingCharges": {}, "otherItems": {}, "netIncome": -510151000, "netIncomeApplicableToCommonShares": -510151000}], "maxAge": 86400}, "fundOwnership": {"maxAge": 1, "ownershipList": []}, "summaryDetail": {"maxAge": 1, "priceHint": 4, "previousClose": 2.2, "open": 2.3, "dayLow": 2.2, "dayHigh": 2.3, "regularMarketPreviousClose": 2.2, "regularMarketOpen": 2.3, "regularMarketDayLow": 2.2, "regularMarketDayHigh": 2.3, "exDividendDate": "2011-09-21 05:30:00", "payoutRatio": 0.0, "beta": 1.494746, "volume": 11601, "regularMarketVolume": 11601, "averageVolume": 19100, "averageVolume10days": 14538, "averageDailyVolume10Day": 14538, "bid": 0.0, "ask": 0.0, "bidSize": 0, "askSize": 0, "marketCap": 77970640, "fiftyTwoWeekLow": 1.15, "fiftyTwoWeekHigh": 5.05, "priceToSalesTrailing12Months": 0.12856895, "fiftyDayAverage": 2.4984848, "twoHundredDayAverage": 2.4957447, "currency": "INR", "fromCurrency": null, "toCurrency": null, "lastMarket": null, "algorithm": null, "tradeable": false}, "incomeStatementHistoryQuarterly": {"incomeStatementHistory": [{"maxAge": 1, "endDate": "2020-12-31", "totalRevenue": 153348000, "costOfRevenue": 20958000, "grossProfit": 132390000, "researchDevelopment": {}, "sellingGeneralAdministrative": 119049000, "nonRecurring": {}, "otherOperatingExpenses": {}, "totalOperatingExpenses": 150723000, "operatingIncome": 2625000, "totalOtherIncomeExpenseNet": -130892000, "ebit": 2625000, "interestExpense": -130957000, "incomeBeforeTax": -128267000, "incomeTaxExpense": 1546000, "minorityInterest": {}, "netIncomeFromContinuingOps": -129813000, "discontinuedOperations": {}, "extraordinaryItems": {}, "effectOfAccountingCharges": {}, "otherItems": {}, "netIncome": -129813000, "netIncomeApplicableToCommonShares": -129813000}, {"maxAge": 1, "endDate": "2020-09-30", "totalRevenue": 155144000, "costOfRevenue": 18518000, "grossProfit": 136626000, "researchDevelopment": {}, "sellingGeneralAdministrative": 122324000, "nonRecurring": {}, "otherOperatingExpenses": {}, "totalOperatingExpenses": 151543000, "operatingIncome": 3601000, "totalOtherIncomeExpenseNet": -131039000, "ebit": 3601000, "interestExpense": -131042000, "incomeBeforeTax": -127438000, "incomeTaxExpense": -1091000, "minorityInterest": {}, "netIncomeFromContinuingOps": -126347000, "discontinuedOperations": {}, "extraordinaryItems": {}, "effectOfAccountingCharges": {}, "otherItems": {}, "netIncome": -126347000, "netIncomeApplicableToCommonShares": -126347000}, {"maxAge": 1, "endDate": "2020-06-30", "totalRevenue": 143880000, "costOfRevenue": 18845000, "grossProfit": 125035000, "researchDevelopment": {}, "sellingGeneralAdministrative": 112188000, "nonRecurring": {}, "otherOperatingExpenses": {}, "totalOperatingExpenses": 141736000, "operatingIncome": 2144000, "totalOtherIncomeExpenseNet": -130949000, "ebit": 2144000, "interestExpense": -130994000, "incomeBeforeTax": -128805000, "incomeTaxExpense": -1204000, "minorityInterest": {}, "netIncomeFromContinuingOps": -127601000, "discontinuedOperations": {}, "extraordinaryItems": {}, "effectOfAccountingCharges": {}, "otherItems": {}, "netIncome": -127601000, "netIncomeApplicableToCommonShares": -127601000}, {"maxAge": 1, "endDate": "2020-03-31", "totalRevenue": 154078000, "costOfRevenue": 27758000, "grossProfit": 126320000, "researchDevelopment": {}, "sellingGeneralAdministrative": -327043000, "nonRecurring": {}, "otherOperatingExpenses": 445815000, "totalOperatingExpenses": 157251000, "operatingIncome": -3173000, "totalOtherIncomeExpenseNet": -129652000, "ebit": -3173000, "interestExpense": -130967000, "incomeBeforeTax": -132825000, "incomeTaxExpense": -1049000, "minorityInterest": {}, "netIncomeFromContinuingOps": -131776000, "discontinuedOperations": {}, "extraordinaryItems": {}, "effectOfAccountingCharges": {}, "otherItems": {}, "netIncome": -131776000, "netIncomeApplicableToCommonShares": -131776000}], "maxAge": 86400}, "cashflowStatementHistoryQuarterly": {"cashflowStatements": [{"maxAge": 1, "endDate": "2020-12-31", "netIncome": -129813000, "changeToLiabilities": 0}, {"maxAge": 1, "endDate": "2020-09-30", "netIncome": -126347000, "changeToLiabilities": 0}, {"maxAge": 1, "endDate": "2020-06-30", "netIncome": -127601000, "changeToLiabilities": 0}, {"maxAge": 1, "endDate": "2020-03-31", "netIncome": -131776000, "changeToLiabilities": 0}], "maxAge": 86400}, "insiderHolders": {"holders": [{"maxAge": 1, "name": "Infotech Infin & Trading Pvt Ltd", "relation": "Institution- Corporation", "url": "", "transactionDescription": "Acquisition", "latestTransDate": "2010-02-22", "positionDirect": 2200000, "positionDirectDate": "2010-02-22"}, {"maxAge": 1, "name": "Reddy (Avula Balliahgari Satyavas)", "relation": "Director (Non-Executive)", "url": "", "transactionDescription": "Acquisition", "latestTransDate": "2013-03-29", "positionDirect": 1716297, "positionDirectDate": "2013-03-29"}, {"maxAge": 1, "name": "Reddy (Satish R)", "relation": "Director (Non-Executive)", "url": "", "transactionDescription": "Sale", "latestTransDate": "2011-01-24", "positionDirect": 0, "positionDirectDate": "2011-01-24"}, {"maxAge": 1, "name": "Reddy (Satyavas A B)", "relation": "Promoter", "url": "", "transactionDescription": "Sale", "latestTransDate": "2013-03-06", "positionDirect": 1966297, "positionDirectDate": "2013-03-06"}, {"maxAge": 1, "name": "Reddy (Shobha Rani R)", "relation": "UNREPORTED", "url": "", "transactionDescription": "Sale", "latestTransDate": "2011-01-28", "positionDirect": 135200, "positionDirectDate": "2011-01-28"}, {"maxAge": 1, "name": "Satya Straps & Packaging Technologies Ltd", "relation": "Promoter", "url": "", "transactionDescription": "Sale", "latestTransDate": "2011-12-16", "positionDirect": 1771090, "positionDirectDate": "2011-12-16"}], "maxAge": 1}, "calendarEvents": {"maxAge": 1, "earnings": {"earningsDate": []}, "exDividendDate": "2011-09-21 05:30:00"}, "price": {"maxAge": 1, "regularMarketChangePercent": 0.0, "regularMarketChange": 0.0, "regularMarketTime": "2021-04-30 15:12:39", "priceHint": 4, "regularMarketPrice": 2.2, "regularMarketDayHigh": 2.3, "regularMarketDayLow": 2.2, "regularMarketVolume": 11601, "averageDailyVolume10Day": 14538, "averageDailyVolume3Month": 19100, "regularMarketPreviousClose": 2.2, "regularMarketSource": "FREE_REALTIME", "regularMarketOpen": 2.3, "exchange": "NSI", "exchangeName": "NSE", "exchangeDataDelayedBy": 15, "marketState": "CLOSED", "quoteType": "EQUITY", "symbol": "BARTRONICS.NS", "underlyingSymbol": null, "shortName": "BARTRONICS INDIA L", "longName": "Bartronics India Limited", "currency": "INR", "quoteSourceName": "Delayed Quote", "currencySymbol": "\u20b9", "fromCurrency": null, "toCurrency": null, "lastMarket": null, "marketCap": 77970640}, "balanceSheetHistory": {"balanceSheetStatements": [{"maxAge": 1, "endDate": "2020-03-31", "cash": 88521000, "netReceivables": 10744862000, "inventory": 711099000, "otherCurrentAssets": 439057000, "totalCurrentAssets": 11998967000, "propertyPlantEquipment": 358785000, "goodWill": 1345389000, "intangibleAssets": 686735000, "otherAssets": 1607858000, "deferredLongTermAssetCharges": 194281000, "totalAssets": 15997734000, "accountsPayable": 746435000, "shortLongTermDebt": 7142949000, "otherCurrentLiab": 3250071000, "otherLiab": 81000, "totalCurrentLiabilities": 14514691000, "totalLiab": 14514772000, "commonStock": 340489000, "retainedEarnings": -1171872000, "treasuryStock": 543946000, "capitalSurplus": 1770399000, "otherStockholderEquity": 543946000, "totalStockholderEquity": 1482962000, "netTangibleAssets": -549162000}, {"maxAge": 1, "endDate": "2019-03-31", "cash": 64592000, "netReceivables": 9492204000, "inventory": 633497000, "otherCurrentAssets": 440447000, "totalCurrentAssets": 10643948000, "propertyPlantEquipment": 444824000, "goodWill": 1345389000, "intangibleAssets": 687371000, "otherAssets": 1681833000, "deferredLongTermAssetCharges": 238424000, "totalAssets": 14803365000, "accountsPayable": 2193561000, "shortLongTermDebt": 5476364000, "otherCurrentLiab": 2005535000, "otherLiab": 2779000, "totalCurrentLiabilities": 13208368000, "totalLiab": 13211147000, "commonStock": 340489000, "retainedEarnings": -1062616000, "treasuryStock": 543946000, "capitalSurplus": 1770399000, "otherStockholderEquity": 543946000, "totalStockholderEquity": 1592218000, "netTangibleAssets": -440542000}, {"maxAge": 1, "endDate": "2018-03-31", "cash": 63059000, "netReceivables": 8982958000, "inventory": 1268155000, "otherCurrentAssets": 407604000, "totalCurrentAssets": 10722726000, "propertyPlantEquipment": 492457000, "goodWill": 1345389000, "intangibleAssets": 690936000, "otherAssets": 1574565000, "deferredLongTermAssetCharges": 160989000, "totalAssets": 14826073000, "accountsPayable": 2031571000, "shortLongTermDebt": 4965216000, "otherCurrentLiab": 1988186000, "otherLiab": 5140000, "totalCurrentLiabilities": 13023002000, "totalLiab": 13028142000, "commonStock": 340489000, "retainedEarnings": -856903000, "treasuryStock": 543946000, "capitalSurplus": 1770399000, "otherStockholderEquity": 543946000, "totalStockholderEquity": 1797931000, "netTangibleAssets": -238394000}, {"maxAge": 1, "endDate": "2017-03-31", "cash": 63984000, "netReceivables": 11490000000, "inventory": 326734000, "otherCurrentAssets": 391308000, "totalCurrentAssets": 12273090000, "propertyPlantEquipment": 579801000, "goodWill": 1345389000, "intangibleAssets": 693146000, "otherAssets": 1570655000, "deferredLongTermAssetCharges": 157077000, "totalAssets": 16462081000, "accountsPayable": 2886503000, "shortLongTermDebt": 5510890000, "otherCurrentLiab": 3117570000, "otherLiab": 11576000, "totalCurrentLiabilities": 14478413000, "totalLiab": 14489989000, "commonStock": 340489000, "retainedEarnings": -682742000, "treasuryStock": 543946000, "capitalSurplus": 1770399000, "otherStockholderEquity": 543946000, "totalStockholderEquity": 1972092000, "netTangibleAssets": -66443000}], "maxAge": 86400}, "financialData": {"maxAge": 86400, "currentPrice": 2.2, "recommendationKey": "none", "totalCash": 97792000, "totalCashPerShare": 3.571, "ebitda": 45402000, "totalDebt": 11194324992, "totalRevenue": 606449984, "debtToEquity": 928.172, "revenuePerShare": 29.681, "grossProfits": 519948000, "revenueGrowth": 0.168, "grossMargins": 0.85806, "ebitdaMargins": 0.07487, "operatingMargins": 0.00857, "profitMargins": -0.85007006, "financialCurrency": "INR"}}}