{"BASANTGL.BO": {"recommendationTrend": {"trend": [{"period": "0m", "strongBuy": 0, "buy": 0, "hold": 0, "sell": 0, "strongSell": 0}, {"period": "-1m", "strongBuy": 0, "buy": 0, "hold": 0, "sell": 0, "strongSell": 0}, {"period": "-2m", "strongBuy": 0, "buy": 0, "hold": 0, "sell": 0, "strongSell": 0}, {"period": "-3m", "strongBuy": 0, "buy": 0, "hold": 0, "sell": 0, "strongSell": 0}], "maxAge": 86400}, "cashflowStatementHistory": {"cashflowStatements": [{"maxAge": 1, "endDate": "2020-03-31", "netIncome": 78492000, "depreciation": 48271000, "changeToNetincome": 64924000, "changeToAccountReceivables": -64045000, "changeToLiabilities": -220185000, "changeToInventory": 282882000, "changeToOperatingActivities": -51684000, "totalCashFromOperatingActivities": 138655000, "capitalExpenditures": -26723000, "totalCashflowsFromInvestingActivities": -26460000, "dividendsPaid": -4532000, "netBorrowings": -29303000, "otherCashflowsFromFinancingActivities": -77450000, "totalCashFromFinancingActivities": -111285000, "changeInCash": 909000}, {"maxAge": 1, "endDate": "2019-03-31", "netIncome": 72106000, "depreciation": 48527000, "changeToNetincome": 76231000, "changeToAccountReceivables": 49377000, "changeToLiabilities": 164927000, "changeToInventory": -248213000, "changeToOperatingActivities": -23565000, "totalCashFromOperatingActivities": 139390000, "capitalExpenditures": -14764000, "investments": -500000, "totalCashflowsFromInvestingActivities": -6046000, "dividendsPaid": -4531000, "netBorrowings": -46435000, "otherCashflowsFromFinancingActivities": -85161000, "totalCashFromFinancingActivities": -136127000, "changeInCash": -2783000}, {"maxAge": 1, "endDate": "2018-03-31", "netIncome": 60785000, "depreciation": 47534000, "changeToNetincome": 103995000, "changeToAccountReceivables": 211876000, "changeToLiabilities": -237425000, "changeToInventory": -64709000, "changeToOperatingActivities": 11516000, "totalCashFromOperatingActivities": 133572000, "capitalExpenditures": -28273000, "investments": -500000, "totalCashflowsFromInvestingActivities": -27398000, "dividendsPaid": -4531000, "netBorrowings": 703000, "otherCashflowsFromFinancingActivities": -108215000, "totalCashFromFinancingActivities": -112043000, "changeInCash": -5869000}, {"maxAge": 1, "endDate": "2017-03-31", "netIncome": 55091000, "depreciation": 46290000, "changeToNetincome": 108298000, "changeToAccountReceivables": 61221000, "changeToLiabilities": -59507000, "changeToInventory": 133861000, "changeToOperatingActivities": -20120000, "totalCashFromOperatingActivities": 325134000, "capitalExpenditures": -42438000, "investments": -500000, "totalCashflowsFromInvestingActivities": -41498000, "dividendsPaid": -5453000, "netBorrowings": -168588000, "otherCashflowsFromFinancingActivities": -108997000, "totalCashFromFinancingActivities": -283038000, "changeInCash": 598000}], "maxAge": 86400}, "institutionOwnership": {"ownershipList": [], "maxAge": 1}, "balanceSheetHistoryQuarterly": {"balanceSheetStatements": [{"maxAge": 1, "endDate": "2020-03-31", "cash": 6097000, "shortTermInvestments": 4050000, "netReceivables": 736380000, "inventory": 851429000, "otherCurrentAssets": 256171000, "totalCurrentAssets": 1869430000, "longTermInvestments": 510000, "propertyPlantEquipment": 824774000, "otherAssets": 11765000, "totalAssets": 2706479000, "accountsPayable": 437612000, "shortLongTermDebt": 2900000, "otherCurrentLiab": 354955000, "longTermDebt": 213082000, "otherLiab": 28557000, "totalCurrentLiabilities": 1203383000, "totalLiab": 1445022000, "commonStock": 90628000, "retainedEarnings": 1021305000, "treasuryStock": 3237000, "capitalSurplus": 146287000, "otherStockholderEquity": 3237000, "totalStockholderEquity": 1261457000, "netTangibleAssets": 1261457000}, {"maxAge": 1, "endDate": "2019-12-31", "totalStockholderEquity": 1209274000, "netTangibleAssets": 1209274000}, {"maxAge": 1, "endDate": "2019-09-30", "cash": 9530000, "netReceivables": 1017059000, "inventory": 684325000, "otherCurrentAssets": 90320000, "totalCurrentAssets": 1801234000, "longTermInvestments": 516000, "propertyPlantEquipment": 830621000, "otherAssets": 12585000, "totalAssets": 2644956000, "accountsPayable": 448418000, "otherCurrentLiab": 85749000, "longTermDebt": 238576000, "otherLiab": 45149000, "totalCurrentLiabilities": 1151957000, "totalLiab": 1435682000, "commonStock": 90628000, "treasuryStock": 1118646000, "otherStockholderEquity": 1118646000, "totalStockholderEquity": 1209274000, "netTangibleAssets": 1209274000}, {"maxAge": 1, "endDate": "2019-06-30", "totalStockholderEquity": 1173114000, "netTangibleAssets": 1173114000}], "maxAge": 86400}, "earningsHistory": {"history": [{"maxAge": 1, "epsActual": {}, "epsEstimate": {}, "epsDifference": {}, "surprisePercent": {}, "quarter": {}, "period": "-4q"}, {"maxAge": 1, "epsActual": {}, "epsEstimate": {}, "epsDifference": {}, "surprisePercent": {}, "quarter": {}, "period": "-3q"}, {"maxAge": 1, "epsActual": {}, "epsEstimate": {}, "epsDifference": {}, "surprisePercent": {}, "quarter": {}, "period": "-2q"}, {"maxAge": 1, "epsActual": {}, "epsEstimate": {}, "epsDifference": {}, "surprisePercent": {}, "quarter": {}, "period": "-1q"}], "maxAge": 86400}, "indexTrend": {"maxAge": 1, "symbol": "SP5", "peRatio": 19.7411, "pegRatio": 1.34172, "estimates": [{"period": "0q", "growth": 0.549}, {"period": "+1q", "growth": 0.431}, {"period": "0y", "growth": 0.305}, {"period": "+1y", "growth": 0.109}, {"period": "+5y", "growth": 0.120859005}, {"period": "-5y"}]}, "industryTrend": {"maxAge": 1, "symbol": null, "estimates": []}, "insiderTransactions": {"transactions": [{"maxAge": 1, "shares": 1250000, "filerUrl": "", "transactionText": "", "filerName": "Bhartia (Snehlata S)", "filerRelation": "Promoter", "moneyText": "", "startDate": "2019-04-05", "ownership": "D"}, {"maxAge": 1, "shares": 1464983, "filerUrl": "", "transactionText": "", "filerName": "Jhunjhnuwala (Chhanulal)", "filerRelation": "Promoter", "moneyText": "", "startDate": "2019-03-08", "ownership": "D"}, {"maxAge": 1, "shares": 1250000, "filerUrl": "", "transactionText": "", "filerName": "Jhunjhnuwala (Chhanulal)", "filerRelation": "Promoter", "moneyText": "", "startDate": "2018-12-24", "ownership": "D"}, {"maxAge": 1, "shares": 1255807, "filerUrl": "", "transactionText": "", "filerName": "Bhartia (Vishal Shashikant)", "filerRelation": "Promoter", "moneyText": "", "startDate": "2018-12-24", "ownership": "D"}, {"maxAge": 1, "shares": 3176481, "filerUrl": "", "transactionText": "", "filerName": "Jhunjhnuwala (Chhanulal)", "filerRelation": "Promoter", "moneyText": "", "startDate": "2018-12-11", "ownership": "D"}, {"maxAge": 1, "shares": 2000000, "filerUrl": "", "transactionText": "", "filerName": "Bhartia (Snehlata S)", "filerRelation": "Promoter", "moneyText": "", "startDate": "2018-12-11", "ownership": "D"}, {"maxAge": 1, "shares": 500000, "filerUrl": "", "transactionText": "", "filerName": "Jhunjhnuwala (Chhanulal)", "filerRelation": "Promoter", "moneyText": "", "startDate": "2017-03-10", "ownership": "D"}, {"maxAge": 1, "shares": 15316, "filerUrl": "", "transactionText": "", "filerName": "Jhunjhnuwala (Chhanulal)", "filerRelation": "Promoter", "moneyText": "", "startDate": "2017-02-09", "ownership": "D"}, {"maxAge": 1, "shares": 107717, "filerUrl": "", "transactionText": "", "filerName": "Jhunjhnuwala (Chhanulal)", "filerRelation": "Promoter", "moneyText": "", "startDate": "2017-02-03", "ownership": "D"}, {"maxAge": 1, "shares": 116332, "filerUrl": "", "transactionText": "", "filerName": "Jhunjhnuwala (Chhanulal)", "filerRelation": "Promoter", "moneyText": "", "startDate": "2017-01-10", "ownership": "D"}, {"maxAge": 1, "shares": 940, "filerUrl": "", "transactionText": "", "filerName": "Bhartia (Ashwin N)", "filerRelation": "Director (Executive)", "moneyText": "", "startDate": "2014-06-20", "ownership": "D"}, {"maxAge": 1, "shares": 350, "filerUrl": "", "transactionText": "", "filerName": "Bhartia (Vijayadevi N)", "filerRelation": "Promoter", "moneyText": "", "startDate": "2014-06-19", "ownership": "D"}, {"maxAge": 1, "shares": 30, "filerUrl": "", "transactionText": "", "filerName": "Bhartia (Navalkishore C)", "filerRelation": "Promoter", "moneyText": "", "startDate": "2014-06-11", "ownership": "D"}, {"maxAge": 1, "shares": 100, "filerUrl": "", "transactionText": "", "filerName": "Bartia (Shashikant) HUF", "filerRelation": "UNREPORTED", "moneyText": "", "startDate": "2014-06-10", "ownership": "D"}, {"maxAge": 1, "shares": 25200, "filerUrl": "", "transactionText": "", "filerName": "Bhartia (Ritu Ashwinkumar)", "filerRelation": "Promoter", "moneyText": "", "startDate": "2014-01-13", "ownership": "D"}, {"maxAge": 1, "shares": 10000, "filerUrl": "", "transactionText": "", "filerName": "Bhartia (Akshay Deepakkumar)", "filerRelation": "President", "moneyText": "", "startDate": "2013-12-31", "ownership": "D"}, {"maxAge": 1, "shares": 2600, "filerUrl": "", "transactionText": "", "filerName": "Bhartia (Ritu Ashwinkumar)", "filerRelation": "Promoter", "moneyText": "", "startDate": "2013-09-04", "ownership": "D"}, {"maxAge": 1, "shares": 450, "filerUrl": "", "transactionText": "", "filerName": "Bhartia (Vishal Shashikant)", "filerRelation": "Promoter", "moneyText": "", "startDate": "2013-09-04", "ownership": "D"}, {"maxAge": 1, "shares": 18000, "filerUrl": "", "transactionText": "", "filerName": "Bhartia (Vishal Shashikant)", "filerRelation": "Promoter", "moneyText": "", "startDate": "2013-08-30", "ownership": "D"}, {"maxAge": 1, "shares": 15000, "filerUrl": "", "transactionText": "", "filerName": "Bhartia (Vishal Shashikant)", "filerRelation": "Promoter", "moneyText": "", "startDate": "2013-08-28", "ownership": "D"}, {"maxAge": 1, "shares": 12038, "filerUrl": "", "transactionText": "", "filerName": "Bhartia (Vishal Shashikant)", "filerRelation": "Promoter", "moneyText": "", "startDate": "2013-08-20", "ownership": "D"}, {"maxAge": 1, "shares": 28147, "filerUrl": "", "transactionText": "", "filerName": "Bhartia (Vishal Shashikant)", "filerRelation": "Promoter", "moneyText": "", "startDate": "2013-08-07", "ownership": "D"}, {"maxAge": 1, "shares": 16871, "filerUrl": "", "transactionText": "", "filerName": "Bhartia (Vishal Shashikant)", "filerRelation": "Promoter", "moneyText": "", "startDate": "2013-08-02", "ownership": "D"}, {"maxAge": 1, "shares": 16749, "filerUrl": "", "transactionText": "", "filerName": "Bhartia (Vishal Shashikant)", "filerRelation": "Promoter", "moneyText": "", "startDate": "2013-07-26", "ownership": "D"}, {"maxAge": 1, "shares": 15000, "filerUrl": "", "transactionText": "", "filerName": "Bhartia (Vishal Shashikant)", "filerRelation": "Promoter", "moneyText": "", "startDate": "2013-07-09", "ownership": "D"}, {"maxAge": 1, "shares": 16227, "filerUrl": "", "transactionText": "", "filerName": "Bhartia (Vishal Shashikant)", "filerRelation": "Promoter", "moneyText": "", "startDate": "2013-07-05", "ownership": "D"}, {"maxAge": 1, "shares": 11000, "filerUrl": "", "transactionText": "", "filerName": "Bhartia (Ritu Ashwinkumar)", "filerRelation": "Promoter", "moneyText": "", "startDate": "2013-07-04", "ownership": "D"}, {"maxAge": 1, "shares": 5000, "filerUrl": "", "transactionText": "", "filerName": "Bhartia (Vishal Shashikant)", "filerRelation": "Promoter", "moneyText": "", "startDate": "2013-07-02", "ownership": "D"}, {"maxAge": 1, "shares": 12500, "filerUrl": "", "transactionText": "", "filerName": "Bhartia (Ritu Ashwinkumar)", "filerRelation": "Promoter", "moneyText": "", "startDate": "2013-07-01", "ownership": "D"}, {"maxAge": 1, "shares": 10000, "filerUrl": "", "transactionText": "", "filerName": "Bhartia (Vishal Shashikant)", "filerRelation": "Promoter", "moneyText": "", "startDate": "2013-06-26", "ownership": "D"}, {"maxAge": 1, "shares": 5450, "filerUrl": "", "transactionText": "", "filerName": "Bhartia (Vishal Shashikant)", "filerRelation": "Promoter", "moneyText": "", "startDate": "2013-06-26", "ownership": "D"}, {"maxAge": 1, "shares": 25000, "filerUrl": "", "transactionText": "", "filerName": "Bhartia (Ritu Ashwinkumar)", "filerRelation": "Promoter", "moneyText": "", "startDate": "2013-06-26", "ownership": "D"}, {"maxAge": 1, "shares": 42000, "filerUrl": "", "transactionText": "", "filerName": "Bhartia (Ritu Ashwinkumar)", "filerRelation": "Promoter", "moneyText": "", "startDate": "2013-06-21", "ownership": "D"}], "maxAge": 1}, "quoteType": {"exchange": "BSE", "quoteType": "EQUITY", "symbol": "BASANTGL.BO", "underlyingSymbol": "BASANTGL.BO", "shortName": "BASANT AGRO TECH (INDIA) LTD.", "longName": "Basant Agro Tech (India) Limited", "firstTradeDateEpochUtc": "2002-07-05 09:15:00", "timeZoneFullName": "Asia/Kolkata", "timeZoneShortName": "IST", "uuid": "c3db1f03-8bfa-306a-a185-3e5ba21f7be7", "gmtOffSetMilliseconds": 19800000, "maxAge": 1}, "incomeStatementHistory": {"incomeStatementHistory": [{"maxAge": 1, "endDate": "2020-03-31", "totalRevenue": 2859365000, "costOfRevenue": 2078655000, "grossProfit": 780710000, "researchDevelopment": {}, "sellingGeneralAdministrative": 104508000, "nonRecurring": {}, "otherOperatingExpenses": 479943000, "totalOperatingExpenses": 2711377000, "operatingIncome": 147988000, "totalOtherIncomeExpenseNet": -74535000, "ebit": 147988000, "interestExpense": -59185000, "incomeBeforeTax": 73453000, "incomeTaxExpense": -5039000, "minorityInterest": {}, "netIncomeFromContinuingOps": 78492000, "discontinuedOperations": {}, "extraordinaryItems": {}, "effectOfAccountingCharges": {}, "otherItems": {}, "netIncome": 78492000, "netIncomeApplicableToCommonShares": 78492000}, {"maxAge": 1, "endDate": "2019-03-31", "totalRevenue": 2791818000, "costOfRevenue": 2022666000, "grossProfit": 769152000, "researchDevelopment": {}, "sellingGeneralAdministrative": 98070000, "nonRecurring": {}, "otherOperatingExpenses": 470309000, "totalOperatingExpenses": 2639572000, "operatingIncome": 152246000, "totalOtherIncomeExpenseNet": -78991000, "ebit": 152246000, "interestExpense": -64214000, "incomeBeforeTax": 73255000, "incomeTaxExpense": 1149000, "minorityInterest": {}, "netIncomeFromContinuingOps": 72106000, "discontinuedOperations": {}, "extraordinaryItems": {}, "effectOfAccountingCharges": {}, "otherItems": {}, "netIncome": 72106000, "netIncomeApplicableToCommonShares": 72106000}, {"maxAge": 1, "endDate": "2018-03-31", "totalRevenue": 2602268000, "costOfRevenue": 1895084000, "grossProfit": 707184000, "researchDevelopment": {}, "sellingGeneralAdministrative": 88021000, "nonRecurring": {}, "otherOperatingExpenses": 399517000, "totalOperatingExpenses": 2430156000, "operatingIncome": 172112000, "totalOtherIncomeExpenseNet": -104390000, "ebit": 172112000, "interestExpense": -83434000, "incomeBeforeTax": 67722000, "incomeTaxExpense": 6937000, "minorityInterest": {}, "netIncomeFromContinuingOps": 60785000, "discontinuedOperations": {}, "extraordinaryItems": {}, "effectOfAccountingCharges": {}, "otherItems": {}, "netIncome": 60785000, "netIncomeApplicableToCommonShares": 60785000}, {"maxAge": 1, "endDate": "2017-03-31", "totalRevenue": 2955518000, "costOfRevenue": 2253386000, "grossProfit": 702132000, "researchDevelopment": {}, "sellingGeneralAdministrative": 77175000, "nonRecurring": {}, "otherOperatingExpenses": 410051000, "totalOperatingExpenses": 2786902000, "operatingIncome": 168616000, "totalOtherIncomeExpenseNet": -107359000, "ebit": 168616000, "interestExpense": -82342000, "incomeBeforeTax": 61257000, "incomeTaxExpense": 6166000, "minorityInterest": {}, "netIncomeFromContinuingOps": 55091000, "discontinuedOperations": {}, "extraordinaryItems": {}, "effectOfAccountingCharges": {}, "otherItems": {}, "netIncome": 55091000, "netIncomeApplicableToCommonShares": 55091000}], "maxAge": 86400}, "fundOwnership": {"ownershipList": [], "maxAge": 1}, "summaryDetail": {"maxAge": 1, "priceHint": 2, "previousClose": 6.73, "open": 6.91, "dayLow": 6.6, "dayHigh": 6.91, "regularMarketPreviousClose": 6.73, "regularMarketOpen": 6.91, "regularMarketDayLow": 6.6, "regularMarketDayHigh": 6.91, "trailingPE": 7.771363, "volume": 50479, "regularMarketVolume": 50479, "averageVolume": 132757, "averageVolume10days": 142116, "averageDailyVolume10Day": 142116, "bid": 6.73, "ask": 0.0, "bidSize": 0, "askSize": 0, "marketCap": 609923072, "fiftyTwoWeekLow": 2.0, "fiftyTwoWeekHigh": 8.75, "fiftyDayAverage": 6.9448485, "twoHundredDayAverage": 5.602941, "trailingAnnualDividendRate": 0.05, "trailingAnnualDividendYield": 0.0074294205, "currency": "INR", "fromCurrency": null, "lastMarket": null, "algorithm": null, "tradeable": false}, "sectorTrend": {"maxAge": 1, "symbol": null, "estimates": []}, "incomeStatementHistoryQuarterly": {"incomeStatementHistory": [{"maxAge": 1, "endDate": "2020-03-31", "totalRevenue": 675940000, "costOfRevenue": 452882000, "grossProfit": 223058000, "researchDevelopment": {}, "sellingGeneralAdministrative": 28893000, "nonRecurring": {}, "otherOperatingExpenses": 136077000, "totalOperatingExpenses": 630024000, "operatingIncome": 45916000, "totalOtherIncomeExpenseNet": -15016000, "ebit": 45916000, "interestExpense": {}, "incomeBeforeTax": 30900000, "incomeTaxExpense": -8389000, "minorityInterest": {}, "netIncomeFromContinuingOps": 39289000, "discontinuedOperations": {}, "extraordinaryItems": {}, "effectOfAccountingCharges": {}, "otherItems": {}, "netIncome": 39289000, "netIncomeApplicableToCommonShares": 39289000}, {"maxAge": 1, "endDate": "2019-12-31", "totalRevenue": 493699000, "costOfRevenue": 354492000, "grossProfit": 139207000, "researchDevelopment": {}, "sellingGeneralAdministrative": 25930000, "nonRecurring": {}, "otherOperatingExpenses": 80374000, "totalOperatingExpenses": 473003000, "operatingIncome": 20696000, "totalOtherIncomeExpenseNet": -17103000, "ebit": 20696000, "interestExpense": -19515000, "incomeBeforeTax": 3593000, "incomeTaxExpense": 550000, "minorityInterest": {}, "netIncomeFromContinuingOps": 3043000, "discontinuedOperations": {}, "extraordinaryItems": {}, "effectOfAccountingCharges": {}, "otherItems": {}, "netIncome": 3043000, "netIncomeApplicableToCommonShares": 3043000}, {"maxAge": 1, "endDate": "2019-09-30", "totalRevenue": 624914000, "costOfRevenue": 458337000, "grossProfit": 166577000, "researchDevelopment": {}, "sellingGeneralAdministrative": 24942000, "nonRecurring": {}, "otherOperatingExpenses": 102974000, "totalOperatingExpenses": 597733000, "operatingIncome": 27181000, "totalOtherIncomeExpenseNet": -18349000, "ebit": 27181000, "interestExpense": -18975000, "incomeBeforeTax": 8832000, "incomeTaxExpense": 800000, "minorityInterest": {}, "netIncomeFromContinuingOps": 8032000, "discontinuedOperations": {}, "extraordinaryItems": {}, "effectOfAccountingCharges": {}, "otherItems": {}, "netIncome": 8032000, "netIncomeApplicableToCommonShares": 8032000}, {"maxAge": 1, "endDate": "2019-06-30", "totalRevenue": 1064812000, "costOfRevenue": 812944000, "grossProfit": 251868000, "researchDevelopment": {}, "sellingGeneralAdministrative": 24743000, "nonRecurring": {}, "otherOperatingExpenses": 160518000, "totalOperatingExpenses": 1010617000, "operatingIncome": 54195000, "totalOtherIncomeExpenseNet": -24067000, "ebit": 54195000, "interestExpense": -24514000, "incomeBeforeTax": 30128000, "incomeTaxExpense": 2000000, "minorityInterest": {}, "netIncomeFromContinuingOps": 28128000, "discontinuedOperations": {}, "extraordinaryItems": {}, "effectOfAccountingCharges": {}, "otherItems": {}, "netIncome": 28128000, "netIncomeApplicableToCommonShares": 28128000}], "maxAge": 86400}, "cashflowStatementHistoryQuarterly": {"cashflowStatements": [{"maxAge": 1, "endDate": "2020-03-31", "netIncome": 39289000, "changeToLiabilities": 0}, {"maxAge": 1, "endDate": "2019-12-31", "netIncome": 3043000, "changeToLiabilities": 0}, {"maxAge": 1, "endDate": "2019-09-30", "netIncome": 8032000, "changeToLiabilities": 0}, {"maxAge": 1, "endDate": "2019-06-30", "netIncome": 28128000, "changeToLiabilities": 0}], "maxAge": 86400}, "insiderHolders": {"holders": [{"maxAge": 1, "name": "Bartia (Shashikant) HUF", "relation": "UNREPORTED", "url": "", "transactionDescription": "Acquisition", "latestTransDate": "2014-06-10", "positionDirect": 100, "positionDirectDate": "2014-06-10"}, {"maxAge": 1, "name": "Bhartia (Akshay Deepakkumar)", "relation": "President", "url": "", "transactionDescription": "Acquisition", "latestTransDate": "2013-12-31", "positionDirect": 3465500, "positionDirectDate": "2013-12-31"}, {"maxAge": 1, "name": "Bhartia (Ashwin N)", "relation": "Director (Executive)", "url": "", "transactionDescription": "Acquisition", "latestTransDate": "2014-06-20", "positionDirect": 3155000, "positionDirectDate": "2014-06-20"}, {"maxAge": 1, "name": "Bhartia (Navalkishore C)", "relation": "Promoter", "url": "", "transactionDescription": "Acquisition", "latestTransDate": "2014-06-11", "positionDirect": 3395000, "positionDirectDate": "2014-06-11"}, {"maxAge": 1, "name": "Bhartia (Ritu Ashwinkumar)", "relation": "Promoter", "url": "", "transactionDescription": "Acquisition", "latestTransDate": "2014-01-13", "positionDirect": 647800, "positionDirectDate": "2014-01-13"}, {"maxAge": 1, "name": "Bhartia (Snehlata S)", "relation": "Promoter", "url": "", "transactionDescription": "Gift", "latestTransDate": "2019-04-05", "positionDirect": 7306634, "positionDirectDate": "2019-04-05"}, {"maxAge": 1, "name": "Bhartia (Vijayadevi N)", "relation": "Promoter", "url": "", "transactionDescription": "Acquisition", "latestTransDate": "2014-06-19", "positionDirect": 1457000, "positionDirectDate": "2014-06-19"}, {"maxAge": 1, "name": "Bhartia (Vishal Shashikant)", "relation": "Promoter", "url": "", "transactionDescription": "Gift", "latestTransDate": "2018-12-24", "positionDirect": 3627291, "positionDirectDate": "2018-12-24"}, {"maxAge": 1, "name": "Jhunjhnuwala (Chhanulal)", "relation": "Promoter", "url": "", "transactionDescription": "Gift", "latestTransDate": "2019-03-08", "positionDirect": 0, "positionDirectDate": "2019-03-08"}], "maxAge": 1}, "earnings": {"maxAge": 86400, "earningsChart": {"quarterly": [], "earningsDate": []}, "financialsChart": {"yearly": [{"date": 2017, "revenue": 2955518000, "earnings": 55091000}, {"date": 2018, "revenue": 2602268000, "earnings": 60785000}, {"date": 2019, "revenue": 2791818000, "earnings": 72106000}, {"date": 2020, "revenue": 2859365000, "earnings": 78492000}], "quarterly": [{"date": "2Q2019", "revenue": 1064812000, "earnings": 28128000}, {"date": "3Q2019", "revenue": 624914000, "earnings": 8032000}, {"date": "4Q2019", "revenue": 493699000, "earnings": 3043000}, {"date": "1Q2020", "revenue": 675940000, "earnings": 39289000}]}, "financialCurrency": "INR"}, "calendarEvents": {"maxAge": 1, "earnings": {"earningsDate": []}}, "upgradeDowngradeHistory": {"history": [], "maxAge": 86400}, "price": {"maxAge": 1, "regularMarketChangePercent": 0.0, "regularMarketChange": 0.0, "regularMarketTime": "2021-04-30 15:45:18", "priceHint": 2, "regularMarketPrice": 6.73, "regularMarketDayHigh": 6.91, "regularMarketDayLow": 6.6, "regularMarketVolume": 50479, "averageDailyVolume10Day": 142116, "averageDailyVolume3Month": 132757, "regularMarketPreviousClose": 6.73, "regularMarketSource": "FREE_REALTIME", "regularMarketOpen": 6.91, "exchange": "BSE", "exchangeName": "BSE", "exchangeDataDelayedBy": 0, "marketState": "CLOSED", "quoteType": "EQUITY", "symbol": "BASANTGL.BO", "underlyingSymbol": null, "shortName": "BASANT AGRO TECH (INDIA) LTD.", "longName": "Basant Agro Tech (India) Limited", "currency": "INR", "quoteSourceName": "Delayed Quote", "currencySymbol": "\u20b9", "fromCurrency": null, "lastMarket": null, "marketCap": 609923072}, "balanceSheetHistory": {"balanceSheetStatements": [{"maxAge": 1, "endDate": "2020-03-31", "cash": 6097000, "shortTermInvestments": 4050000, "netReceivables": 736380000, "inventory": 851429000, "otherCurrentAssets": 256171000, "totalCurrentAssets": 1869430000, "longTermInvestments": 510000, "propertyPlantEquipment": 824774000, "otherAssets": 11765000, "totalAssets": 2706479000, "accountsPayable": 437612000, "shortLongTermDebt": 2900000, "otherCurrentLiab": 354955000, "longTermDebt": 213082000, "otherLiab": 28557000, "totalCurrentLiabilities": 1203383000, "totalLiab": 1445022000, "commonStock": 90628000, "retainedEarnings": 1021305000, "treasuryStock": 3237000, "capitalSurplus": 146287000, "otherStockholderEquity": 3237000, "totalStockholderEquity": 1261457000, "netTangibleAssets": 1261457000}, {"maxAge": 1, "endDate": "2019-03-31", "cash": 5419000, "shortTermInvestments": 3819000, "netReceivables": 672335000, "inventory": 1134311000, "otherCurrentAssets": 195996000, "totalCurrentAssets": 2019839000, "longTermInvestments": 516000, "propertyPlantEquipment": 846585000, "otherAssets": 12224000, "totalAssets": 2879164000, "accountsPayable": 620050000, "shortLongTermDebt": 3000000, "otherCurrentLiab": 288486000, "longTermDebt": 242385000, "otherLiab": 46644000, "totalCurrentLiabilities": 1417021000, "totalLiab": 1706050000, "commonStock": 90628000, "retainedEarnings": 932947000, "treasuryStock": 3252000, "capitalSurplus": 146287000, "otherStockholderEquity": 3252000, "totalStockholderEquity": 1173114000, "netTangibleAssets": 1173114000}, {"maxAge": 1, "endDate": "2018-03-31", "cash": 8399000, "shortTermInvestments": 3622000, "netReceivables": 721712000, "inventory": 886098000, "otherCurrentAssets": 172150000, "totalCurrentAssets": 1801245000, "longTermInvestments": 16000, "propertyPlantEquipment": 887854000, "otherAssets": 11200000, "totalAssets": 2700315000, "accountsPayable": 287867000, "shortLongTermDebt": 25308000, "otherCurrentLiab": 190977000, "longTermDebt": 288820000, "otherLiab": 59375000, "totalCurrentLiabilities": 1245715000, "totalLiab": 1593910000, "commonStock": 90628000, "retainedEarnings": 866234000, "treasuryStock": 3257000, "capitalSurplus": 146286000, "otherStockholderEquity": 3257000, "totalStockholderEquity": 1106405000, "netTangibleAssets": 1106405000}, {"maxAge": 1, "endDate": "2017-03-31", "cash": 8085000, "shortTermInvestments": 9805000, "netReceivables": 933588000, "inventory": 821389000, "otherCurrentAssets": 191638000, "totalCurrentAssets": 1966105000, "longTermInvestments": 17000, "propertyPlantEquipment": 908470000, "otherAssets": 10892000, "totalAssets": 2885484000, "accountsPayable": 502496000, "shortLongTermDebt": 53376000, "otherCurrentLiab": 158095000, "longTermDebt": 326476000, "otherLiab": 85291000, "totalCurrentLiabilities": 1422628000, "totalLiab": 1834395000, "commonStock": 90628000, "retainedEarnings": 810917000, "treasuryStock": 3258000, "capitalSurplus": 146286000, "otherStockholderEquity": 3258000, "totalStockholderEquity": 1051089000, "netTangibleAssets": 1051089000}], "maxAge": 86400}, "earningsTrend": {"trend": [{"maxAge": 1, "period": "0q", "endDate": "2014-09-30", "growth": {}, "earningsEstimate": {"avg": 0.0, "low": 0.0, "high": 0.0, "yearAgoEps": {}, "numberOfAnalysts": 0, "growth": {}}, "revenueEstimate": {"avg": 0, "low": 0, "high": 0, "numberOfAnalysts": 0, "yearAgoRevenue": {}, "growth": {}}, "epsTrend": {"current": 0.0, "7daysAgo": 0.33, "30daysAgo": 0.33, "60daysAgo": 0.33, "90daysAgo": 0.33}, "epsRevisions": {"upLast7days": 0, "upLast30days": 0, "downLast30days": 0, "downLast90days": {}}}, {"maxAge": 1, "period": "+1q", "endDate": "2014-12-31", "growth": {}, "earningsEstimate": {"avg": 0.0, "low": 0.0, "high": 0.0, "yearAgoEps": {}, "numberOfAnalysts": 0, "growth": {}}, "revenueEstimate": {"avg": 0, "low": 0, "high": 0, "numberOfAnalysts": 0, "yearAgoRevenue": {}, "growth": {}}, "epsTrend": {"current": 0.0, "7daysAgo": 0.34, "30daysAgo": 0.34, "60daysAgo": 0.34, "90daysAgo": 0.34}, "epsRevisions": {"upLast7days": 0, "upLast30days": 0, "downLast30days": 0, "downLast90days": {}}}, {"maxAge": 1, "period": "0y", "endDate": "2019-03-31", "growth": {}, "earningsEstimate": {"avg": 0.0, "low": 0.0, "high": 0.0, "yearAgoEps": {}, "numberOfAnalysts": 0, "growth": {}}, "revenueEstimate": {"avg": 0, "low": 0, "high": 0, "numberOfAnalysts": 0, "yearAgoRevenue": {}, "growth": {}}, "epsTrend": {"current": 0.0, "7daysAgo": 0.0, "30daysAgo": 0.0, "60daysAgo": 0.0, "90daysAgo": 0.0}, "epsRevisions": {"upLast7days": 0, "upLast30days": 0, "downLast30days": 0, "downLast90days": {}}}, {"maxAge": 1, "period": "+1y", "endDate": "2015-03-31", "growth": {}, "earningsEstimate": {"avg": 0.0, "low": 0.0, "high": 0.0, "yearAgoEps": {}, "numberOfAnalysts": 0, "growth": {}}, "revenueEstimate": {"avg": 3060650000, "low": 3534000000, "high": 3534000000, "numberOfAnalysts": 1, "yearAgoRevenue": {}, "growth": {}}, "epsTrend": {"current": 0.0, "7daysAgo": 2.2, "30daysAgo": 2.2, "60daysAgo": 2.2, "90daysAgo": 2.2}, "epsRevisions": {"upLast7days": 0, "upLast30days": 0, "downLast30days": 0, "downLast90days": {}}}, {"maxAge": 1, "period": "+5y", "endDate": null, "growth": {}, "earningsEstimate": {"avg": {}, "low": {}, "high": {}, "yearAgoEps": {}, "numberOfAnalysts": {}, "growth": {}}, "revenueEstimate": {"avg": {}, "low": {}, "high": {}, "numberOfAnalysts": {}, "yearAgoRevenue": {}, "growth": {}}, "epsTrend": {"current": {}, "7daysAgo": {}, "30daysAgo": {}, "60daysAgo": {}, "90daysAgo": {}}, "epsRevisions": {"upLast7days": {}, "upLast30days": {}, "downLast30days": {}, "downLast90days": {}}}, {"maxAge": 1, "period": "-5y", "endDate": null, "growth": {}, "earningsEstimate": {"avg": {}, "low": {}, "high": {}, "yearAgoEps": {}, "numberOfAnalysts": {}, "growth": {}}, "revenueEstimate": {"avg": {}, "low": {}, "high": {}, "numberOfAnalysts": {}, "yearAgoRevenue": {}, "growth": {}}, "epsTrend": {"current": {}, "7daysAgo": {}, "30daysAgo": {}, "60daysAgo": {}, "90daysAgo": {}}, "epsRevisions": {"upLast7days": {}, "upLast30days": {}, "downLast30days": {}, "downLast90days": {}}}], "maxAge": 1}, "financialData": {"maxAge": 86400, "currentPrice": 6.73, "targetHighPrice": 12.0, "targetLowPrice": 12.0, "targetMeanPrice": 12.0, "targetMedianPrice": 12.0, "recommendationKey": "none", "numberOfAnalystOpinions": 1, "grossProfits": 780710000, "financialCurrency": "INR"}}}