{"BASF.BO": {"recommendationTrend": {"trend": [{"period": "0m", "strongBuy": 0, "buy": 0, "hold": 0, "sell": 0, "strongSell": 0}, {"period": "-1m", "strongBuy": 0, "buy": 0, "hold": 0, "sell": 0, "strongSell": 0}, {"period": "-2m", "strongBuy": 0, "buy": 0, "hold": 0, "sell": 0, "strongSell": 0}, {"period": "-3m", "strongBuy": 0, "buy": 0, "hold": 0, "sell": 0, "strongSell": 0}], "maxAge": 86400}, "cashflowStatementHistory": {"cashflowStatements": [{"maxAge": 1, "endDate": "2020-03-31", "netIncome": 185100000, "depreciation": 1799700000, "changeToNetincome": 1310800000, "changeToAccountReceivables": -3267300000, "changeToLiabilities": 7780600000, "changeToInventory": -3016700000, "changeToOperatingActivities": 745100000, "totalCashFromOperatingActivities": 5538200000, "capitalExpenditures": -620800000, "otherCashflowsFromInvestingActivities": 2300000, "totalCashflowsFromInvestingActivities": -223200000, "dividendsPaid": -216200000, "netBorrowings": -3188400000, "otherCashflowsFromFinancingActivities": -1233400000, "totalCashFromFinancingActivities": -4638000000, "changeInCash": 677000000}, {"maxAge": 1, "endDate": "2019-03-31", "netIncome": 817200000, "depreciation": 1467800000, "changeToNetincome": -1371800000, "changeToAccountReceivables": 385800000, "changeToLiabilities": 113700000, "changeToInventory": -2377600000, "changeToOperatingActivities": 190300000, "totalCashFromOperatingActivities": -771500000, "capitalExpenditures": -840800000, "otherCashflowsFromInvestingActivities": -237900000, "totalCashflowsFromInvestingActivities": 1768000000, "dividendsPaid": -130800000, "netBorrowings": 889200000, "otherCashflowsFromFinancingActivities": -1708100000, "totalCashFromFinancingActivities": -949700000, "changeInCash": 46800000}, {"maxAge": 1, "endDate": "2018-03-31", "netIncome": 2465000000, "depreciation": 1530700000, "changeToNetincome": -1194300000, "changeToAccountReceivables": -277400000, "changeToLiabilities": 711900000, "changeToInventory": -1156600000, "changeToOperatingActivities": 817500000, "totalCashFromOperatingActivities": 2900000000, "capitalExpenditures": -670800000, "otherCashflowsFromInvestingActivities": 36800000, "totalCashflowsFromInvestingActivities": 1582500000, "dividendsPaid": -44000000, "netBorrowings": -3720800000, "otherCashflowsFromFinancingActivities": -881700000, "totalCashFromFinancingActivities": -4646500000, "changeInCash": -164000000}, {"maxAge": 1, "endDate": "2017-03-31", "netIncome": -141300000, "depreciation": 1649900000, "changeToNetincome": 1058600000, "changeToAccountReceivables": -416900000, "changeToLiabilities": 1207500000, "changeToInventory": -1125500000, "changeToOperatingActivities": -62000000, "totalCashFromOperatingActivities": 2210700000, "capitalExpenditures": -850400000, "investments": 500000, "otherCashflowsFromInvestingActivities": 12200000, "totalCashflowsFromInvestingActivities": -659600000, "dividendsPaid": -50700000, "netBorrowings": -576300000, "otherCashflowsFromFinancingActivities": -702900000, "totalCashFromFinancingActivities": -1329900000, "changeInCash": 221200000}], "maxAge": 86400}, "institutionOwnership": {"maxAge": 1, "ownershipList": []}, "balanceSheetHistoryQuarterly": {"balanceSheetStatements": [{"maxAge": 1, "endDate": "2020-06-30", "totalStockholderEquity": 13860200000, "netTangibleAssets": 13852100000}, {"maxAge": 1, "endDate": "2020-03-31", "cash": 804800000, "netReceivables": 14735000000, "inventory": 14962000000, "otherCurrentAssets": 2875000000, "totalCurrentAssets": 33473900000, "propertyPlantEquipment": 9630500000, "intangibleAssets": 8100000, "otherAssets": 2776400000, "deferredLongTermAssetCharges": 878600000, "totalAssets": 45888900000, "accountsPayable": 21434800000, "shortLongTermDebt": 1808600000, "otherCurrentLiab": 564300000, "longTermDebt": 1471100000, "otherLiab": 718700000, "totalCurrentLiabilities": 28686800000, "totalLiab": 32028700000, "commonStock": 432900000, "retainedEarnings": 12377000000, "treasuryStock": 403800000, "capitalSurplus": 646500000, "otherStockholderEquity": 403800000, "totalStockholderEquity": 13860200000, "netTangibleAssets": 13852100000}, {"maxAge": 1, "endDate": "2019-12-31", "totalStockholderEquity": 13882200000, "netTangibleAssets": 13873500000}, {"maxAge": 1, "endDate": "2019-09-30", "cash": 343800000, "shortTermInvestments": 913900000, "netReceivables": 15633000000, "inventory": 11311900000, "otherCurrentAssets": 1599100000, "totalCurrentAssets": 29801700000, "propertyPlantEquipment": 11189200000, "intangibleAssets": 8700000, "otherAssets": 2402200000, "deferredLongTermAssetCharges": 633900000, "totalAssets": 43401800000, "accountsPayable": 15504100000, "otherCurrentLiab": 2945600000, "longTermDebt": 1362900000, "otherLiab": 506500000, "totalCurrentLiabilities": 26099900000, "totalLiab": 29519600000, "commonStock": 432900000, "treasuryStock": 13449300000, "otherStockholderEquity": 13449300000, "totalStockholderEquity": 13882200000, "netTangibleAssets": 13873500000}], "maxAge": 86400}, "earningsHistory": {"history": [{"maxAge": 1, "epsActual": -0.21, "epsEstimate": 5.7, "epsDifference": -5.91, "surprisePercent": -1.037, "quarter": "2017-12-31", "period": "-4q"}, {"maxAge": 1, "epsActual": 10.8, "epsEstimate": 10.5, "epsDifference": 0.3, "surprisePercent": 0.029000001, "quarter": "2018-03-31", "period": "-3q"}, {"maxAge": 1, "epsActual": 5.6, "epsEstimate": 12.4, "epsDifference": -6.8, "surprisePercent": -0.548, "quarter": "2018-06-30", "period": "-2q"}, {"maxAge": 1, "epsActual": 2.2, "epsEstimate": 9.9, "epsDifference": -7.7, "surprisePercent": -0.77800006, "quarter": "2018-09-30", "period": "-1q"}], "maxAge": 86400}, "indexTrend": {"maxAge": 1, "symbol": "SP5", "peRatio": 19.7411, "pegRatio": 1.34172, "estimates": [{"period": "0q", "growth": 0.549}, {"period": "+1q", "growth": 0.431}, {"period": "0y", "growth": 0.305}, {"period": "+1y", "growth": 0.109}, {"period": "+5y", "growth": 0.120865}, {"period": "-5y"}]}, "industryTrend": {"maxAge": 1, "symbol": null, "estimates": []}, "insiderTransactions": {"transactions": [{"maxAge": 1, "shares": 1896061, "filerUrl": "", "transactionText": "", "filerName": "BASF Construction Solutions GMBH", "filerRelation": "Promoter", "moneyText": "", "startDate": "2020-03-23", "ownership": "D"}, {"maxAge": 1, "shares": 1896061, "filerUrl": "", "transactionText": "", "filerName": "BASF Societas Europaea", "filerRelation": "Promoter", "moneyText": "", "startDate": "2020-03-23", "ownership": "D"}], "maxAge": 1}, "quoteType": {"exchange": "BSE", "quoteType": "EQUITY", "symbol": "BASF.BO", "underlyingSymbol": "BASF.BO", "shortName": "BASF INDIA LTD.", "longName": "BASF India Limited", "firstTradeDateEpochUtc": "2000-01-03 09:15:00", "timeZoneFullName": "Asia/Kolkata", "timeZoneShortName": "IST", "uuid": "3069f859-f49d-3350-bd2f-14961db6b091", "messageBoardId": null, "gmtOffSetMilliseconds": 19800000, "maxAge": 1}, "incomeStatementHistory": {"incomeStatementHistory": [{"maxAge": 1, "endDate": "2020-03-31", "totalRevenue": 75629100000, "costOfRevenue": 61655400000, "grossProfit": 13973700000, "researchDevelopment": {}, "sellingGeneralAdministrative": 4285000000, "nonRecurring": {}, "otherOperatingExpenses": 6251800000, "totalOperatingExpenses": 73996600000, "operatingIncome": 1632500000, "totalOtherIncomeExpenseNet": -1586000000, "ebit": 1632500000, "interestExpense": -958800000, "incomeBeforeTax": 46500000, "incomeTaxExpense": -138600000, "minorityInterest": {}, "netIncomeFromContinuingOps": 185100000, "discontinuedOperations": {}, "extraordinaryItems": {}, "effectOfAccountingCharges": {}, "otherItems": {}, "netIncome": 185100000, "netIncomeApplicableToCommonShares": 185100000}, {"maxAge": 1, "endDate": "2019-03-31", "totalRevenue": 60337000000, "costOfRevenue": 46306200000, "grossProfit": 14030800000, "researchDevelopment": {}, "sellingGeneralAdministrative": 4872100000, "nonRecurring": {}, "otherOperatingExpenses": 6965700000, "totalOperatingExpenses": 59763500000, "operatingIncome": 573500000, "totalOtherIncomeExpenseNet": 145100000, "ebit": 573500000, "interestExpense": -1655100000, "incomeBeforeTax": 718600000, "incomeTaxExpense": -98600000, "minorityInterest": {}, "netIncomeFromContinuingOps": 817200000, "discontinuedOperations": {}, "extraordinaryItems": {}, "effectOfAccountingCharges": {}, "otherItems": {}, "netIncome": 817200000, "netIncomeApplicableToCommonShares": 817200000}, {"maxAge": 1, "endDate": "2018-03-31", "totalRevenue": 55959500000, "costOfRevenue": 40910300000, "grossProfit": 15049200000, "researchDevelopment": {}, "sellingGeneralAdministrative": 4797800000, "nonRecurring": {}, "otherOperatingExpenses": 6313100000, "totalOperatingExpenses": 53625000000, "operatingIncome": 2334500000, "totalOtherIncomeExpenseNet": 275800000, "ebit": 2334500000, "interestExpense": -898500000, "incomeBeforeTax": 2610300000, "incomeTaxExpense": 145300000, "minorityInterest": {}, "netIncomeFromContinuingOps": 2465000000, "discontinuedOperations": {}, "extraordinaryItems": {}, "effectOfAccountingCharges": {}, "otherItems": {}, "netIncome": 2465000000, "netIncomeApplicableToCommonShares": 2465000000}, {"maxAge": 1, "endDate": "2017-03-31", "totalRevenue": 50885100000, "costOfRevenue": 37289300000, "grossProfit": 13595800000, "researchDevelopment": {}, "sellingGeneralAdministrative": 4350400000, "nonRecurring": {}, "otherOperatingExpenses": 6096900000, "totalOperatingExpenses": 49452600000, "operatingIncome": 1432500000, "totalOtherIncomeExpenseNet": -1557200000, "ebit": 1432500000, "interestExpense": -554000000, "incomeBeforeTax": -124700000, "incomeTaxExpense": 16600000, "minorityInterest": {}, "netIncomeFromContinuingOps": -141300000, "discontinuedOperations": {}, "extraordinaryItems": {}, "effectOfAccountingCharges": {}, "otherItems": {}, "netIncome": -141300000, "netIncomeApplicableToCommonShares": -141300000}], "maxAge": 86400}, "fundOwnership": {"maxAge": 1, "ownershipList": [{"maxAge": 1, "reportDate": "2020-07-31", "organization": "iShares Core MSCI Emerging Markets ETF", "pctHeld": 0.0022, "position": 93235, "value": 124361504}, {"maxAge": 1, "reportDate": "2020-07-31", "organization": "DFA Emerging Markets Small Cap Series", "pctHeld": 0.0018000001, "position": 79081, "value": 105482191}, {"maxAge": 1, "reportDate": "2020-07-31", "organization": "DFA Emerging Markets Core Equity Portfolio", "pctHeld": 0.0011, "position": 49245, "value": 65685443}, {"maxAge": 1, "reportDate": "2020-08-31", "organization": "iShares MSCI India Small Cap ETF", "pctHeld": 0.0005, "position": 22848, "value": 33801331}, {"maxAge": 1, "reportDate": "2020-08-31", "organization": "SPDR Portfolio Emerging Markets ETF", "pctHeld": 0.0002, "position": 7029, "value": 10398702}, {"maxAge": 1, "reportDate": "2020-08-31", "organization": "SPDR (R) Idx Shares-SPDR (R) Emerging Markets Small Cap ETF", "pctHeld": 0.0002, "position": 6515, "value": 9638291}, {"maxAge": 1, "reportDate": "2020-06-30", "organization": "State Street Inst Inv Tr-State St All Cap Glb Equity ex-US Index Port", "pctHeld": 0.0001, "position": 5048, "value": 5735790}, {"maxAge": 1, "reportDate": "2020-07-31", "organization": "DFA Investment Dimensions-Emerging Markets Social Core Equity", "pctHeld": 0.0001, "position": 3352, "value": 4471065}, {"maxAge": 1, "reportDate": "2020-07-31", "organization": "DFA Investment Dimensions-World Ex U.S. Core Equity Port", "pctHeld": 0.0001, "position": 2387, "value": 3183899}, {"maxAge": 1, "reportDate": "2020-07-31", "organization": "DFA Emerging Markets Sustainability Core 1 Portfolio", "pctHeld": 0.0001, "position": 2256, "value": 3009165}]}, "summaryDetail": {"maxAge": 1, "priceHint": 2, "previousClose": 2073.45, "open": 2061.9, "dayLow": 2061.9, "dayHigh": 2269.45, "regularMarketPreviousClose": 2073.45, "regularMarketOpen": 2061.9, "regularMarketDayLow": 2061.9, "regularMarketDayHigh": 2269.45, "forwardPE": 31.123516, "volume": 8617, "regularMarketVolume": 8617, "averageVolume": 5034, "averageVolume10days": 7391, "averageDailyVolume10Day": 7391, "bid": 2201.0, "ask": 2212.85, "bidSize": 0, "askSize": 0, "marketCap": 96525549568, "fiftyTwoWeekLow": 805.65, "fiftyTwoWeekHigh": 2269.45, "fiftyDayAverage": 1728.6371, "twoHundredDayAverage": 1555.1678, "trailingAnnualDividendRate": 3.0, "trailingAnnualDividendYield": 0.001446864, "currency": "INR", "fromCurrency": null, "toCurrency": null, "lastMarket": null, "algorithm": null, "tradeable": false}, "sectorTrend": {"maxAge": 1, "symbol": null, "estimates": []}, "incomeStatementHistoryQuarterly": {"incomeStatementHistory": [{"maxAge": 1, "endDate": "2020-06-30", "totalRevenue": 17716800000, "costOfRevenue": 15101700000, "grossProfit": 2615100000, "researchDevelopment": {}, "sellingGeneralAdministrative": 956000000, "nonRecurring": {}, "otherOperatingExpenses": 1487300000, "totalOperatingExpenses": 17972400000, "operatingIncome": -255600000, "totalOtherIncomeExpenseNet": -122400000, "ebit": -255600000, "interestExpense": -122400000, "incomeBeforeTax": -378000000, "incomeTaxExpense": -86500000, "minorityInterest": {}, "netIncomeFromContinuingOps": -291500000, "discontinuedOperations": {}, "extraordinaryItems": {}, "effectOfAccountingCharges": {}, "otherItems": {}, "netIncome": -291500000, "netIncomeApplicableToCommonShares": -291500000}, {"maxAge": 1, "endDate": "2020-03-31", "totalRevenue": 18448700000, "costOfRevenue": 15196200000, "grossProfit": 3252500000, "researchDevelopment": {}, "sellingGeneralAdministrative": 1555300000, "nonRecurring": {}, "otherOperatingExpenses": 387300000, "totalOperatingExpenses": 17567000000, "operatingIncome": 881700000, "totalOtherIncomeExpenseNet": -589600000, "ebit": 881700000, "interestExpense": -284000000, "incomeBeforeTax": 292100000, "incomeTaxExpense": -111600000, "minorityInterest": {}, "netIncomeFromContinuingOps": 403700000, "discontinuedOperations": {}, "extraordinaryItems": {}, "effectOfAccountingCharges": {}, "otherItems": {}, "netIncome": 403700000, "netIncomeApplicableToCommonShares": 403700000}, {"maxAge": 1, "endDate": "2019-12-31", "totalRevenue": 20182200000, "costOfRevenue": 16940600000, "grossProfit": 3241600000, "researchDevelopment": {}, "sellingGeneralAdministrative": 875300000, "nonRecurring": {}, "otherOperatingExpenses": 1934800000, "totalOperatingExpenses": 20215900000, "operatingIncome": -33700000, "totalOtherIncomeExpenseNet": -355500000, "ebit": -33700000, "interestExpense": -206700000, "incomeBeforeTax": -389200000, "incomeTaxExpense": -65400000, "minorityInterest": {}, "netIncomeFromContinuingOps": -323800000, "discontinuedOperations": {}, "extraordinaryItems": {}, "effectOfAccountingCharges": {}, "otherItems": {}, "netIncome": -323800000, "netIncomeApplicableToCommonShares": -323800000}, {"maxAge": 1, "endDate": "2019-09-30", "totalRevenue": 20805900000, "costOfRevenue": 17015200000, "grossProfit": 3790700000, "researchDevelopment": {}, "sellingGeneralAdministrative": 903200000, "nonRecurring": {}, "otherOperatingExpenses": 2064300000, "totalOperatingExpenses": 20438700000, "operatingIncome": 367200000, "totalOtherIncomeExpenseNet": -336100000, "ebit": 367200000, "interestExpense": -226400000, "incomeBeforeTax": 31100000, "incomeTaxExpense": 7900000, "minorityInterest": {}, "netIncomeFromContinuingOps": 23200000, "discontinuedOperations": {}, "extraordinaryItems": {}, "effectOfAccountingCharges": {}, "otherItems": {}, "netIncome": 23200000, "netIncomeApplicableToCommonShares": 23200000}], "maxAge": 86400}, "cashflowStatementHistoryQuarterly": {"cashflowStatements": [{"maxAge": 1, "endDate": "2020-06-30", "netIncome": -291500000, "changeToLiabilities": 0}, {"maxAge": 1, "endDate": "2020-03-31", "netIncome": 403700000, "changeToLiabilities": 0}, {"maxAge": 1, "endDate": "2019-12-31", "netIncome": -323800000, "changeToLiabilities": 0}, {"maxAge": 1, "endDate": "2019-09-30", "netIncome": 23200000, "changeToLiabilities": 0}], "maxAge": 86400}, "insiderHolders": {"holders": [{"maxAge": 1, "name": "BASF Construction Solutions GMBH", "relation": "Promoter", "url": "", "transactionDescription": "Other", "latestTransDate": "2020-03-23", "positionDirect": 0, "positionDirectDate": "2020-03-23"}, {"maxAge": 1, "name": "BASF Societas Europaea", "relation": "Promoter", "url": "", "transactionDescription": "Other", "latestTransDate": "2020-03-23", "positionDirect": 22835320, "positionDirectDate": "2020-03-23"}], "maxAge": 1}, "earnings": {"maxAge": 86400, "earningsChart": {"quarterly": [{"date": "4Q2017", "actual": -0.21, "estimate": 5.7}, {"date": "1Q2018", "actual": 10.8, "estimate": 10.5}, {"date": "2Q2018", "actual": 5.6, "estimate": 12.4}, {"date": "3Q2018", "actual": 2.2, "estimate": 9.9}], "currentQuarterEstimateDate": "4Q", "currentQuarterEstimateYear": 2018, "earningsDate": ["2020-08-06 05:30:S"]}, "financialsChart": {"yearly": [{"date": 2017, "revenue": 50885100000, "earnings": -141300000}, {"date": 2018, "revenue": 55959500000, "earnings": 2465000000}, {"date": 2019, "revenue": 60337000000, "earnings": 817200000}, {"date": 2020, "revenue": 75629100000, "earnings": 185100000}], "quarterly": [{"date": "3Q2019", "revenue": 20805900000, "earnings": 23200000}, {"date": "4Q2019", "revenue": 20182200000, "earnings": -323800000}, {"date": "1Q2020", "revenue": 18448700000, "earnings": 403700000}, {"date": "2Q2020", "revenue": 17716800000, "earnings": -291500000}]}, "financialCurrency": "INR"}, "calendarEvents": {"maxAge": 1, "earnings": {"earningsDate": ["2020-08-06 05:30:S"]}}, "price": {"maxAge": 1, "regularMarketChangePercent": 0.07550221, "regularMarketChange": 156.55005, "regularMarketTime": "2021-04-30 15:58:39", "priceHint": 2, "regularMarketPrice": 2230.0, "regularMarketDayHigh": 2269.45, "regularMarketDayLow": 2061.9, "regularMarketVolume": 8617, "averageDailyVolume10Day": 7391, "averageDailyVolume3Month": 5034, "regularMarketPreviousClose": 2073.45, "regularMarketSource": "FREE_REALTIME", "regularMarketOpen": 2061.9, "exchange": "BSE", "exchangeName": "BSE", "exchangeDataDelayedBy": 0, "marketState": "CLOSED", "quoteType": "EQUITY", "symbol": "BASF.BO", "underlyingSymbol": null, "shortName": "BASF INDIA LTD.", "longName": "BASF India Limited", "currency": "INR", "quoteSourceName": "Delayed Quote", "currencySymbol": "\u20b9", "fromCurrency": null, "toCurrency": null, "lastMarket": null, "marketCap": 96525549568}, "balanceSheetHistory": {"balanceSheetStatements": [{"maxAge": 1, "endDate": "2020-03-31", "cash": 804800000, "netReceivables": 14735000000, "inventory": 14962000000, "otherCurrentAssets": 2875000000, "totalCurrentAssets": 33473900000, "propertyPlantEquipment": 9630500000, "intangibleAssets": 8100000, "otherAssets": 2776400000, "deferredLongTermAssetCharges": 878600000, "totalAssets": 45888900000, "accountsPayable": 21434800000, "shortLongTermDebt": 1808600000, "otherCurrentLiab": 564300000, "longTermDebt": 1471100000, "otherLiab": 718700000, "totalCurrentLiabilities": 28686800000, "totalLiab": 32028700000, "commonStock": 432900000, "retainedEarnings": 12377000000, "treasuryStock": 403800000, "capitalSurplus": 646500000, "otherStockholderEquity": 403800000, "totalStockholderEquity": 13860200000, "netTangibleAssets": 13852100000}, {"maxAge": 1, "endDate": "2019-03-31", "cash": 127800000, "netReceivables": 11146600000, "inventory": 12126300000, "otherCurrentAssets": 2576500000, "totalCurrentAssets": 26049700000, "propertyPlantEquipment": 9983200000, "intangibleAssets": 9000000, "otherAssets": 2452900000, "deferredLongTermAssetCharges": 639000000, "totalAssets": 38494800000, "accountsPayable": 12656000000, "shortLongTermDebt": 353200000, "otherCurrentLiab": 925400000, "longTermDebt": 3034100000, "otherLiab": 689100000, "totalCurrentLiabilities": 20642700000, "totalLiab": 24365900000, "commonStock": 432900000, "retainedEarnings": 12652400000, "treasuryStock": 397100000, "capitalSurplus": 646500000, "otherStockholderEquity": 397100000, "totalStockholderEquity": 14128900000, "netTangibleAssets": 14119900000}, {"maxAge": 1, "endDate": "2018-03-31", "cash": 81000000, "netReceivables": 11825200000, "inventory": 10191700000, "otherCurrentAssets": 2961600000, "totalCurrentAssets": 25107600000, "propertyPlantEquipment": 11444000000, "intangibleAssets": 4300000, "otherAssets": 1907700000, "deferredLongTermAssetCharges": 460200000, "totalAssets": 38463600000, "accountsPayable": 12711200000, "shortLongTermDebt": 3735800000, "otherCurrentLiab": 1408600000, "longTermDebt": 3206800000, "otherLiab": 1148900000, "totalCurrentLiabilities": 20669100000, "totalLiab": 25024800000, "commonStock": 432900000, "retainedEarnings": 11967500000, "treasuryStock": 391900000, "capitalSurplus": 646500000, "otherStockholderEquity": 391900000, "totalStockholderEquity": 13438800000, "netTangibleAssets": 13434500000}, {"maxAge": 1, "endDate": "2017-03-31", "cash": 245000000, "shortTermInvestments": 100000, "netReceivables": 11697700000, "inventory": 9201300000, "otherCurrentAssets": 3486100000, "totalCurrentAssets": 24665500000, "propertyPlantEquipment": 12546700000, "intangibleAssets": 5800000, "otherAssets": 1527500000, "totalAssets": 38745500000, "accountsPayable": 11828800000, "shortLongTermDebt": 2177300000, "otherCurrentLiab": 777000000, "longTermDebt": 6927900000, "otherLiab": 1357800000, "totalCurrentLiabilities": 19437200000, "totalLiab": 27722900000, "commonStock": 432900000, "retainedEarnings": 9560700000, "treasuryStock": 382500000, "capitalSurplus": 646500000, "otherStockholderEquity": 382500000, "totalStockholderEquity": 11022600000, "netTangibleAssets": 11016800000}], "maxAge": 86400}, "earningsTrend": {"trend": [{"maxAge": 1, "period": "0q", "endDate": "2018-12-31", "growth": {}, "earningsEstimate": {"avg": 0.0, "low": 0.0, "high": 0.0, "yearAgoEps": -0.21, "numberOfAnalysts": 0, "growth": {}}, "revenueEstimate": {"avg": 0, "low": 0, "high": 0, "numberOfAnalysts": 0, "yearAgoRevenue": {}, "growth": {}}, "epsTrend": {"current": 0.0, "7daysAgo": 0.0, "30daysAgo": 0.0, "60daysAgo": 0.0, "90daysAgo": 0.0}, "epsRevisions": {"upLast7days": 0, "upLast30days": 0, "downLast30days": 0, "downLast90days": {}}}, {"maxAge": 1, "period": "+1q", "endDate": "2019-03-31", "growth": {}, "earningsEstimate": {"avg": 0.0, "low": 0.0, "high": 0.0, "yearAgoEps": 10.8, "numberOfAnalysts": 0, "growth": {}}, "revenueEstimate": {"avg": 0, "low": 0, "high": 0, "numberOfAnalysts": 0, "yearAgoRevenue": {}, "growth": {}}, "epsTrend": {"current": 0.0, "7daysAgo": 0.0, "30daysAgo": 0.0, "60daysAgo": 0.0, "90daysAgo": 0.0}, "epsRevisions": {"upLast7days": 0, "upLast30days": 0, "downLast30days": 0, "downLast90days": {}}}, {"maxAge": 1, "period": "0y", "endDate": "2019-03-31", "growth": {}, "earningsEstimate": {"avg": 0.0, "low": 0.0, "high": 0.0, "yearAgoEps": {}, "numberOfAnalysts": 0, "growth": {}}, "revenueEstimate": {"avg": 62995500000, "low": 62489000000, "high": 63502000000, "numberOfAnalysts": 2, "yearAgoRevenue": 55834000000, "growth": 0.128}, "epsTrend": {"current": 0.0, "7daysAgo": 28.85, "30daysAgo": 28.85, "60daysAgo": 28.85, "90daysAgo": 28.85}, "epsRevisions": {"upLast7days": 0, "upLast30days": 0, "downLast30days": 0, "downLast90days": {}}}, {"maxAge": 1, "period": "+1y", "endDate": "2020-03-31", "growth": {}, "earningsEstimate": {"avg": 0.0, "low": 0.0, "high": 0.0, "yearAgoEps": {}, "numberOfAnalysts": 0, "growth": {}}, "revenueEstimate": {"avg": 71927000000, "low": 69458000000, "high": 74396000000, "numberOfAnalysts": 2, "yearAgoRevenue": 62995500000, "growth": 0.142}, "epsTrend": {"current": 0.0, "7daysAgo": 71.65, "30daysAgo": 71.65, "60daysAgo": 71.65, "90daysAgo": 71.65}, "epsRevisions": {"upLast7days": 0, "upLast30days": 0, "downLast30days": 0, "downLast90days": {}}}, {"maxAge": 1, "period": "+5y", "endDate": null, "growth": {}, "earningsEstimate": {"avg": {}, "low": {}, "high": {}, "yearAgoEps": {}, "numberOfAnalysts": {}, "growth": {}}, "revenueEstimate": {"avg": {}, "low": {}, "high": {}, "numberOfAnalysts": {}, "yearAgoRevenue": {}, "growth": {}}, "epsTrend": {"current": {}, "7daysAgo": {}, "30daysAgo": {}, "60daysAgo": {}, "90daysAgo": {}}, "epsRevisions": {"upLast7days": {}, "upLast30days": {}, "downLast30days": {}, "downLast90days": {}}}, {"maxAge": 1, "period": "-5y", "endDate": null, "growth": {}, "earningsEstimate": {"avg": {}, "low": {}, "high": {}, "yearAgoEps": {}, "numberOfAnalysts": {}, "growth": {}}, "revenueEstimate": {"avg": {}, "low": {}, "high": {}, "numberOfAnalysts": {}, "yearAgoRevenue": {}, "growth": {}}, "epsTrend": {"current": {}, "7daysAgo": {}, "30daysAgo": {}, "60daysAgo": {}, "90daysAgo": {}}, "epsRevisions": {"upLast7days": {}, "upLast30days": {}, "downLast30days": {}, "downLast90days": {}}}], "maxAge": 1}, "financialData": {"maxAge": 86400, "currentPrice": 2230.0, "targetHighPrice": 2212.0, "targetLowPrice": 1400.0, "targetMeanPrice": 1806.0, "targetMedianPrice": 1806.0, "recommendationKey": "none", "numberOfAnalystOpinions": 2, "grossProfits": 13973700000, "financialCurrency": "INR"}}}