{"BASML.NS": {"assetProfile": {"address1": "252, Mettupalayam Road", "city": "Coimbatore", "zip": "641043", "country": "India", "phone": "91 42 2243 5555", "fax": "91 42 2243 4445", "website": "http://www.bannarimills.com", "industry": "Textile Manufacturing", "sector": "Consumer Cyclical", "longBusinessSummary": "Bannari Amman Spinning Mills Ltd engages in textile business in India. It manufactures and markets cotton yarns; woven and knitted fabrics; home textiles; and knitted garments, as well as processes fabrics. The company is also involved in the retail of inner wear and active wear for men, women, and kids under the Bitz brand. In addition, it engages in the wind power generation activities. The company also exports its products. The company was incorporated in 1989 and is based in Coimbatore, India. As of November 19, 2020, Bannari Amman Spinning Mills Ltd operates as a subsidiary of Murugan Enterprise Private Limited.", "fullTimeEmployees": 3459, "companyOfficers": [{"maxAge": 1, "name": "Mr. Sangampalayam Vedanayagam Arumugam", "age": 71, "title": "Chairman & MD", "yearBorn": 1949, "exercisedValue": 0, "unexercisedValue": 0}, {"maxAge": 1, "name": "Mr. A.  Senthil", "age": 44, "title": "Chief Exec. Officer", "yearBorn": 1976, "exercisedValue": 0, "unexercisedValue": 0}, {"maxAge": 1, "name": "Mr. S.  Seshadri", "age": 60, "title": "Chief Financial Officer", "yearBorn": 1960, "exercisedValue": 0, "unexercisedValue": 0}, {"maxAge": 1, "name": "Mr. K.  Prabakaran", "age": 49, "title": "VP of Operations", "yearBorn": 1971, "exercisedValue": 0, "unexercisedValue": 0}, {"maxAge": 1, "name": "Mr. Nachimuthugounder  Krishnaraj", "age": 56, "title": "Compliance Officer & Company Sec.", "yearBorn": 1964, "exercisedValue": 0, "unexercisedValue": 0}, {"maxAge": 1, "name": "Mr. S.  Swaminathan", "age": 51, "title": "Head of Admin.", "yearBorn": 1969, "fiscalYear": 2018, "totalPay": 0, "exercisedValue": 0, "unexercisedValue": 0}, {"maxAge": 1, "name": "Mr. K.  Mugunth", "age": 43, "title": "Head of Marketing", "yearBorn": 1977, "fiscalYear": 2018, "totalPay": 0, "exercisedValue": 0, "unexercisedValue": 0}], "compensationAsOfEpochDate": "2018-12-31 05:30:00", "maxAge": 86400}, "recommendationTrend": {"trend": [{"period": "0m", "strongBuy": 0, "buy": 0, "hold": 0, "sell": 0, "strongSell": 0}, {"period": "-1m", "strongBuy": 0, "buy": 1, "hold": 0, "sell": 0, "strongSell": 0}, {"period": "-2m", "strongBuy": 0, "buy": 1, "hold": 0, "sell": 0, "strongSell": 0}, {"period": "-3m", "strongBuy": 0, "buy": 1, "hold": 0, "sell": 0, "strongSell": 0}], "maxAge": 86400}, "cashflowStatementHistory": {"cashflowStatements": [{"maxAge": 1, "endDate": "2020-03-31", "netIncome": 24248000, "depreciation": 325881000, "changeToNetincome": 590594000, "changeToAccountReceivables": 214171000, "changeToLiabilities": 350168000, "changeToInventory": -85665000, "changeToOperatingActivities": -25612000, "totalCashFromOperatingActivities": 1394187000, "capitalExpenditures": -259198000, "investments": 5866000, "otherCashflowsFromInvestingActivities": 18147000, "totalCashflowsFromInvestingActivities": 69119000, "dividendsPaid": -25207000, "netBorrowings": -451021000, "otherCashflowsFromFinancingActivities": -750653000, "totalCashFromFinancingActivities": -1226881000, "changeInCash": 236425000}, {"maxAge": 1, "endDate": "2019-03-31", "netIncome": 209106000, "depreciation": 339263000, "changeToNetincome": 607861000, "changeToAccountReceivables": -655702000, "changeToLiabilities": -30494000, "changeToInventory": 21017000, "changeToOperatingActivities": 183237000, "totalCashFromOperatingActivities": 674707000, "capitalExpenditures": -278672000, "investments": -24447000, "otherCashflowsFromInvestingActivities": 5773000, "totalCashflowsFromInvestingActivities": -259291000, "dividendsPaid": -25207000, "netBorrowings": 234449000, "otherCashflowsFromFinancingActivities": -684872000, "totalCashFromFinancingActivities": -475630000, "changeInCash": -60214000}, {"maxAge": 1, "endDate": "2018-03-31", "netIncome": 87719000, "depreciation": 312828000, "changeToNetincome": 593353000, "changeToAccountReceivables": -131758000, "changeToLiabilities": 708191000, "changeToInventory": -837219000, "changeToOperatingActivities": -513128000, "totalCashFromOperatingActivities": 220456000, "capitalExpenditures": -514867000, "investments": 6998000, "otherCashflowsFromInvestingActivities": 47267000, "totalCashflowsFromInvestingActivities": -485745000, "dividendsPaid": -28358000, "netBorrowings": 817655000, "otherCashflowsFromFinancingActivities": -602697000, "totalCashFromFinancingActivities": 186600000, "changeInCash": -12403000}, {"maxAge": 1, "endDate": "2017-03-31", "netIncome": 115002000, "depreciation": 295747000, "changeToNetincome": 406137000, "changeToAccountReceivables": -35237000, "changeToLiabilities": -471709000, "changeToInventory": -56403000, "changeToOperatingActivities": 3037000, "totalCashFromOperatingActivities": 256574000, "capitalExpenditures": -733662000, "investments": 28746000, "otherCashflowsFromInvestingActivities": 4959000, "totalCashflowsFromInvestingActivities": -670996000, "dividendsPaid": -25208000, "netBorrowings": 931129000, "otherCashflowsFromFinancingActivities": -372292000, "totalCashFromFinancingActivities": 533629000, "changeInCash": 119207000}], "maxAge": 86400}, "indexTrend": {"maxAge": 1, "symbol": "SP5", "peRatio": 19.7411, "pegRatio": 1.34172, "estimates": [{"period": "0q", "growth": 0.549}, {"period": "+1q", "growth": 0.431}, {"period": "0y", "growth": 0.305}, {"period": "+1y", "growth": 0.109}, {"period": "+5y", "growth": 0.120865}, {"period": "-5y"}]}, "defaultKeyStatistics": {"maxAge": 1, "priceHint": 2, "enterpriseValue": 8513334272, "profitMargins": -0.03174, "floatShares": 5711386, "sharesOutstanding": 31508500, "heldPercentInsiders": 0.75152, "heldPercentInstitutions": 0.04323, "beta": 1.400182, "category": null, "bookValue": 85.739, "priceToBook": 0.7120447, "fundFamily": null, "legalType": null, "lastFiscalYearEnd": "2020-03-31 05:30:00", "nextFiscalYearEnd": "2022-03-31 05:30:00", "mostRecentQuarter": "2020-12-31 05:30:00", "earningsQuarterlyGrowth": 2.706, "netIncomeToCommon": -313742016, "trailingEps": -8.445, "forwardEps": 15.58, "lastSplitFactor": "2:1", "lastSplitDate": "2021-02-12 05:30:00", "enterpriseToRevenue": 0.861, "enterpriseToEbitda": 16.327, "52WeekChange": 0.58263123, "SandP52WeekChange": 0.48148263, "lastDividendValue": 0.8, "lastDividendDate": 1565222400}, "industryTrend": {"maxAge": 1, "symbol": null, "estimates": []}, "quoteType": {"exchange": "NSI", "quoteType": "EQUITY", "symbol": "BASML.NS", "underlyingSymbol": "BASML.NS", "shortName": "BANNARI AMMAN SPIN", "longName": "Bannari Amman Spinning Mills Ltd", "firstTradeDateEpochUtc": "2005-11-14 09:15:00", "timeZoneFullName": "Asia/Kolkata", "timeZoneShortName": "IST", "uuid": "63e4675b-0029-3498-8d6d-7e5e5024b218", "messageBoardId": "finmb_23687117", "gmtOffSetMilliseconds": 19800000, "maxAge": 1}, "incomeStatementHistory": {"incomeStatementHistory": [{"maxAge": 1, "endDate": "2020-03-31", "totalRevenue": 11338767000, "costOfRevenue": 7819878000, "grossProfit": 3518889000, "researchDevelopment": {}, "sellingGeneralAdministrative": 1441748000, "nonRecurring": {}, "otherOperatingExpenses": 1102915000, "totalOperatingExpenses": 10690806000, "operatingIncome": 647961000, "totalOtherIncomeExpenseNet": -547609000, "ebit": 647961000, "interestExpense": -683576000, "incomeBeforeTax": 100352000, "incomeTaxExpense": 41303000, "minorityInterest": 348530000, "netIncomeFromContinuingOps": 59049000, "discontinuedOperations": {}, "extraordinaryItems": {}, "effectOfAccountingCharges": {}, "otherItems": {}, "netIncome": 24248000, "netIncomeApplicableToCommonShares": 24248000}, {"maxAge": 1, "endDate": "2019-03-31", "totalRevenue": 11744894000, "costOfRevenue": 8025118000, "grossProfit": 3719776000, "researchDevelopment": {}, "sellingGeneralAdministrative": 1393605000, "nonRecurring": {}, "otherOperatingExpenses": 1151633000, "totalOperatingExpenses": 10909912000, "operatingIncome": 834982000, "totalOtherIncomeExpenseNet": -582989000, "ebit": 834982000, "interestExpense": -646685000, "incomeBeforeTax": 251993000, "incomeTaxExpense": 15347000, "minorityInterest": 312238000, "netIncomeFromContinuingOps": 236646000, "discontinuedOperations": {}, "extraordinaryItems": {}, "effectOfAccountingCharges": {}, "otherItems": {}, "netIncome": 209106000, "netIncomeApplicableToCommonShares": 209106000}, {"maxAge": 1, "endDate": "2018-03-31", "totalRevenue": 10078578000, "costOfRevenue": 6976503000, "grossProfit": 3102075000, "researchDevelopment": {}, "sellingGeneralAdministrative": 1146845000, "nonRecurring": {}, "otherOperatingExpenses": 990321000, "totalOperatingExpenses": 9426727000, "operatingIncome": 651851000, "totalOtherIncomeExpenseNet": -536911000, "ebit": 651851000, "interestExpense": -555747000, "incomeBeforeTax": 114940000, "incomeTaxExpense": 17209000, "minorityInterest": 287575000, "netIncomeFromContinuingOps": 97731000, "discontinuedOperations": {}, "extraordinaryItems": {}, "effectOfAccountingCharges": {}, "otherItems": {}, "netIncome": 87719000, "netIncomeApplicableToCommonShares": 87719000}, {"maxAge": 1, "endDate": "2017-03-31", "totalRevenue": 8684532000, "costOfRevenue": 6475324000, "grossProfit": 2209208000, "researchDevelopment": {}, "sellingGeneralAdministrative": 601267000, "nonRecurring": {}, "otherOperatingExpenses": 745675000, "totalOperatingExpenses": 8120890000, "operatingIncome": 563642000, "totalOtherIncomeExpenseNet": -416177000, "ebit": 563642000, "interestExpense": -401446000, "incomeBeforeTax": 147465000, "incomeTaxExpense": 32463000, "minorityInterest": 287575000, "netIncomeFromContinuingOps": 115002000, "discontinuedOperations": {}, "extraordinaryItems": {}, "effectOfAccountingCharges": {}, "otherItems": {}, "netIncome": 115002000, "netIncomeApplicableToCommonShares": 115002000}], "maxAge": 86400}, "fundOwnership": {"maxAge": 1, "ownershipList": []}, "summaryDetail": {"maxAge": 1, "priceHint": 2, "previousClose": 63.65, "open": 63.0, "dayLow": 60.65, "dayHigh": 63.35, "regularMarketPreviousClose": 63.65, "regularMarketOpen": 63.0, "regularMarketDayLow": 60.65, "regularMarketDayHigh": 63.35, "exDividendDate": "2019-08-08 05:30:00", "payoutRatio": 0.0, "beta": 1.400182, "forwardPE": 3.9184852, "volume": 35463, "regularMarketVolume": 35463, "averageVolume": 38948, "averageVolume10days": 15831, "averageDailyVolume10Day": 15831, "bid": 0.0, "ask": 0.0, "bidSize": 0, "askSize": 0, "marketCap": 1900932096, "fiftyTwoWeekLow": 35.075, "fiftyTwoWeekHigh": 82.375, "priceToSalesTrailing12Months": 0.19230151, "fiftyDayAverage": 62.945713, "twoHundredDayAverage": 60.104687, "trailingAnnualDividendRate": 1.6, "trailingAnnualDividendYield": 0.025137471, "currency": "INR", "fromCurrency": null, "toCurrency": null, "lastMarket": null, "algorithm": null, "tradeable": false}, "insiderHolders": {"holders": [{"maxAge": 1, "name": "Alagappan (S V)", "relation": "Vice Chairman", "url": "", "transactionDescription": "Sale", "latestTransDate": "2011-03-23", "positionDirect": 0, "positionDirectDate": "2011-03-23"}, {"maxAge": 1, "name": "Arumugam (S V)", "relation": "Managing Director", "url": "", "transactionDescription": "Acquisition", "latestTransDate": "2011-08-17", "positionDirect": 168017, "positionDirectDate": "2011-08-17"}, {"maxAge": 1, "name": "Balasubramaniam (S V)", "relation": "UNREPORTED", "url": "", "transactionDescription": "Sale", "latestTransDate": "2011-03-25", "positionDirect": 0, "positionDirectDate": "2011-03-25"}, {"maxAge": 1, "name": "Kandasami (S V)", "relation": "Director (Non-Executive)", "url": "", "transactionDescription": "Sale", "latestTransDate": "2011-03-23", "positionDirect": 0, "positionDirectDate": "2011-03-23"}], "maxAge": 1}, "calendarEvents": {"maxAge": 1, "earnings": {"earningsDate": [], "revenueAverage": 10961900000, "revenueLow": 10961900000, "revenueHigh": 10961900000}, "exDividendDate": "2019-08-08 05:30:00"}, "price": {"maxAge": 1, "regularMarketChangePercent": -0.040848423, "regularMarketChange": -2.6000023, "regularMarketTime": "2021-04-30 15:28:57", "priceHint": 2, "regularMarketPrice": 61.05, "regularMarketDayHigh": 63.35, "regularMarketDayLow": 60.65, "regularMarketVolume": 35463, "averageDailyVolume10Day": 15831, "averageDailyVolume3Month": 38948, "regularMarketPreviousClose": 63.65, "regularMarketSource": "FREE_REALTIME", "regularMarketOpen": 63.0, "exchange": "NSI", "exchangeName": "NSE", "exchangeDataDelayedBy": 15, "marketState": "CLOSED", "quoteType": "EQUITY", "symbol": "BASML.NS", "underlyingSymbol": null, "shortName": "BANNARI AMMAN SPIN", "longName": "Bannari Amman Spinning Mills Ltd", "currency": "INR", "quoteSourceName": "Delayed Quote", "currencySymbol": "\u20b9", "fromCurrency": null, "toCurrency": null, "lastMarket": null, "marketCap": 1900932096}, "balanceSheetHistory": {"balanceSheetStatements": [{"maxAge": 1, "endDate": "2020-03-31", "cash": 342440000, "netReceivables": 2046922000, "inventory": 3265576000, "otherCurrentAssets": 175142000, "totalCurrentAssets": 5881218000, "longTermInvestments": 2538000, "propertyPlantEquipment": 6438529000, "intangibleAssets": 937000, "otherAssets": 147816000, "deferredLongTermAssetCharges": 80000, "totalAssets": 12471038000, "accountsPayable": 1473248000, "shortLongTermDebt": 606868000, "otherCurrentLiab": 216190000, "longTermDebt": 1961695000, "otherLiab": 449420000, "minorityInterest": 348530000, "totalCurrentLiabilities": 6570416000, "totalLiab": 8999144000, "commonStock": 157543000, "retainedEarnings": 2123174000, "treasuryStock": 49571000, "capitalSurplus": 793076000, "otherStockholderEquity": 49571000, "totalStockholderEquity": 3123364000, "netTangibleAssets": 3122427000}, {"maxAge": 1, "endDate": "2019-03-31", "cash": 106015000, "shortTermInvestments": 151281000, "netReceivables": 2288312000, "inventory": 3179911000, "otherCurrentAssets": 254161000, "totalCurrentAssets": 5876183000, "longTermInvestments": 8787000, "propertyPlantEquipment": 6602233000, "intangibleAssets": 1339000, "otherAssets": 111919000, "deferredLongTermAssetCharges": 5830000, "totalAssets": 12600461000, "accountsPayable": 1123080000, "shortLongTermDebt": 557740000, "otherCurrentLiab": 304127000, "longTermDebt": 2256127000, "otherLiab": 419802000, "minorityInterest": 312238000, "totalCurrentLiabilities": 6488954000, "totalLiab": 9164883000, "commonStock": 157543000, "retainedEarnings": 2130454000, "treasuryStock": 42267000, "capitalSurplus": 793076000, "otherStockholderEquity": 42267000, "totalStockholderEquity": 3123340000, "netTangibleAssets": 3122001000}, {"maxAge": 1, "endDate": "2018-03-31", "cash": 168200000, "netReceivables": 1663818000, "inventory": 3200928000, "otherCurrentAssets": 167702000, "totalCurrentAssets": 5264336000, "longTermInvestments": 11433000, "propertyPlantEquipment": 6699766000, "intangibleAssets": 1758000, "otherAssets": 115394000, "deferredLongTermAssetCharges": 11918000, "totalAssets": 12092687000, "accountsPayable": 1153574000, "shortLongTermDebt": 370912000, "otherCurrentLiab": 166666000, "longTermDebt": 2701402000, "otherLiab": 458842000, "minorityInterest": 287575000, "totalCurrentLiabilities": 5695816000, "totalLiab": 8856060000, "commonStock": 157543000, "retainedEarnings": 1951736000, "treasuryStock": 46697000, "capitalSurplus": 793076000, "otherStockholderEquity": 46697000, "totalStockholderEquity": 2949052000, "netTangibleAssets": 2947294000}, {"maxAge": 1, "endDate": "2017-03-31", "cash": 218766000, "netReceivables": 921971000, "inventory": 1975737000, "otherCurrentAssets": 63081000, "totalCurrentAssets": 3239287000, "longTermInvestments": 205594000, "propertyPlantEquipment": 5761480000, "otherAssets": 207303000, "totalAssets": 9413664000, "accountsPayable": 374935000, "shortLongTermDebt": 494355000, "otherCurrentLiab": 103348000, "longTermDebt": 1905970000, "otherLiab": 452061000, "totalCurrentLiabilities": 4209943000, "totalLiab": 6567974000, "commonStock": 157543000, "retainedEarnings": 1898154000, "treasuryStock": -3083000, "capitalSurplus": 793076000, "otherStockholderEquity": -3083000, "totalStockholderEquity": 2845690000, "netTangibleAssets": 2845690000}], "maxAge": 86400}, "earningsTrend": {"trend": [{"maxAge": 1, "period": "0q", "endDate": "2014-12-31", "growth": {}, "earningsEstimate": {"avg": 0.0, "low": 0.0, "high": 0.0, "yearAgoEps": {}, "numberOfAnalysts": 0, "growth": {}}, "revenueEstimate": {"avg": 10961900000, "low": 10961900000, "high": 10961900000, "numberOfAnalysts": 1, "yearAgoRevenue": 10138300000, "growth": 0.081}, "epsTrend": {"current": 0.0, "7daysAgo": 4.15, "30daysAgo": 4.15, "60daysAgo": 4.15, "90daysAgo": 4.15}, "epsRevisions": {"upLast7days": 0, "upLast30days": 0, "downLast30days": 0, "downLast90days": {}}}, {"maxAge": 1, "period": "+1q", "endDate": "2015-03-31", "growth": {}, "earningsEstimate": {"avg": 0.0, "low": 0.0, "high": 0.0, "yearAgoEps": {}, "numberOfAnalysts": 0, "growth": {}}, "revenueEstimate": {"avg": 10961900000, "low": 10961900000, "high": 10961900000, "numberOfAnalysts": 1, "yearAgoRevenue": 10138300000, "growth": 0.081}, "epsTrend": {"current": 0.0, "7daysAgo": 0.0, "30daysAgo": 0.0, "60daysAgo": 0.0, "90daysAgo": 0.0}, "epsRevisions": {"upLast7days": 0, "upLast30days": 0, "downLast30days": 0, "downLast90days": {}}}, {"maxAge": 1, "period": "0y", "endDate": "2019-03-31", "growth": {}, "earningsEstimate": {"avg": 0.0, "low": 0.0, "high": 0.0, "yearAgoEps": {}, "numberOfAnalysts": 0, "growth": {}}, "revenueEstimate": {"avg": 10961900000, "low": 10961900000, "high": 10961900000, "numberOfAnalysts": 1, "yearAgoRevenue": 10138300000, "growth": 0.081}, "epsTrend": {"current": 0.0, "7daysAgo": 0.0, "30daysAgo": 0.0, "60daysAgo": 0.0, "90daysAgo": 0.0}, "epsRevisions": {"upLast7days": 0, "upLast30days": 0, "downLast30days": 0, "downLast90days": {}}}, {"maxAge": 1, "period": "+1y", "endDate": "2015-03-31", "growth": {}, "earningsEstimate": {"avg": 0.0, "low": 0.0, "high": 0.0, "yearAgoEps": {}, "numberOfAnalysts": 0, "growth": {}}, "revenueEstimate": {"avg": 0, "low": 8029000000, "high": 8029000000, "numberOfAnalysts": 1, "yearAgoRevenue": 10961900000, "growth": {}}, "epsTrend": {"current": 0.0, "7daysAgo": 15.58, "30daysAgo": 15.58, "60daysAgo": 15.58, "90daysAgo": 15.58}, "epsRevisions": {"upLast7days": 0, "upLast30days": 0, "downLast30days": 0, "downLast90days": {}}}, {"maxAge": 1, "period": "+5y", "endDate": null, "growth": {}, "earningsEstimate": {"avg": {}, "low": {}, "high": {}, "yearAgoEps": {}, "numberOfAnalysts": {}, "growth": {}}, "revenueEstimate": {"avg": {}, "low": {}, "high": {}, "numberOfAnalysts": {}, "yearAgoRevenue": {}, "growth": {}}, "epsTrend": {"current": {}, "7daysAgo": {}, "30daysAgo": {}, "60daysAgo": {}, "90daysAgo": {}}, "epsRevisions": {"upLast7days": {}, "upLast30days": {}, "downLast30days": {}, "downLast90days": {}}}, {"maxAge": 1, "period": "-5y", "endDate": null, "growth": 0.31393, "earningsEstimate": {"avg": {}, "low": {}, "high": {}, "yearAgoEps": {}, "numberOfAnalysts": {}, "growth": {}}, "revenueEstimate": {"avg": {}, "low": {}, "high": {}, "numberOfAnalysts": {}, "yearAgoRevenue": {}, "growth": {}}, "epsTrend": {"current": {}, "7daysAgo": {}, "30daysAgo": {}, "60daysAgo": {}, "90daysAgo": {}}, "epsRevisions": {"upLast7days": {}, "upLast30days": {}, "downLast30days": {}, "downLast90days": {}}}], "maxAge": 1}, "institutionOwnership": {"maxAge": 1, "ownershipList": []}, "majorHoldersBreakdown": {"maxAge": 1, "insidersPercentHeld": 0.75152, "institutionsPercentHeld": 0.04323, "institutionsFloatPercentHeld": 0.17396, "institutionsCount": 1}, "balanceSheetHistoryQuarterly": {"balanceSheetStatements": [{"maxAge": 1, "endDate": "2020-12-31", "totalStockholderEquity": 2812945000, "netTangibleAssets": 2812008000}, {"maxAge": 1, "endDate": "2020-09-30", "cash": 112787000, "shortTermInvestments": 191632000, "netReceivables": 1483237000, "inventory": 2498952000, "otherCurrentAssets": 525960000, "totalCurrentAssets": 4812568000, "longTermInvestments": 2538000, "propertyPlantEquipment": 6301033000, "intangibleAssets": 937000, "otherAssets": 190118000, "deferredLongTermAssetCharges": 80000, "totalAssets": 11307194000, "accountsPayable": 1132791000, "shortLongTermDebt": 696151000, "otherCurrentLiab": 151304000, "longTermDebt": 1875199000, "otherLiab": 383128000, "minorityInterest": 347573000, "totalCurrentLiabilities": 5869937000, "totalLiab": 8146676000, "commonStock": 157543000, "treasuryStock": 2655402000, "otherStockholderEquity": 2655402000, "totalStockholderEquity": 2812945000, "netTangibleAssets": 2812008000}, {"maxAge": 1, "endDate": "2020-06-30", "totalStockholderEquity": 3123364000, "netTangibleAssets": 3122427000}, {"maxAge": 1, "endDate": "2020-03-31", "cash": 342440000, "netReceivables": 2046922000, "inventory": 3265576000, "otherCurrentAssets": 175142000, "totalCurrentAssets": 5881218000, "longTermInvestments": 2538000, "propertyPlantEquipment": 6438529000, "intangibleAssets": 937000, "otherAssets": 147816000, "deferredLongTermAssetCharges": 80000, "totalAssets": 12471038000, "accountsPayable": 1473248000, "shortLongTermDebt": 606868000, "otherCurrentLiab": 216190000, "longTermDebt": 1961695000, "otherLiab": 449420000, "minorityInterest": 348530000, "totalCurrentLiabilities": 6570416000, "totalLiab": 8999144000, "commonStock": 157543000, "retainedEarnings": 2123174000, "treasuryStock": 49571000, "capitalSurplus": 793076000, "otherStockholderEquity": 49571000, "totalStockholderEquity": 3123364000, "netTangibleAssets": 3122427000}], "maxAge": 86400}, "earningsHistory": {"history": [{"maxAge": 1, "epsActual": {}, "epsEstimate": {}, "epsDifference": {}, "surprisePercent": {}, "quarter": {}, "period": "-4q"}, {"maxAge": 1, "epsActual": {}, "epsEstimate": {}, "epsDifference": {}, "surprisePercent": {}, "quarter": {}, "period": "-3q"}, {"maxAge": 1, "epsActual": {}, "epsEstimate": {}, "epsDifference": {}, "surprisePercent": {}, "quarter": {}, "period": "-2q"}, {"maxAge": 1, "epsActual": {}, "epsEstimate": {}, "epsDifference": {}, "surprisePercent": {}, "quarter": {}, "period": "-1q"}], "maxAge": 86400}, "summaryProfile": {"address1": "252, Mettupalayam Road", "city": "Coimbatore", "zip": "641043", "country": "India", "phone": "91 42 2243 5555", "fax": "91 42 2243 4445", "website": "http://www.bannarimills.com", "industry": "Textile Manufacturing", "sector": "Consumer Cyclical", "longBusinessSummary": "Bannari Amman Spinning Mills Ltd engages in textile business in India. It manufactures and markets cotton yarns; woven and knitted fabrics; home textiles; and knitted garments, as well as processes fabrics. The company is also involved in the retail of inner wear and active wear for men, women, and kids under the Bitz brand. In addition, it engages in the wind power generation activities. The company also exports its products. The company was incorporated in 1989 and is based in Coimbatore, India. As of November 19, 2020, Bannari Amman Spinning Mills Ltd operates as a subsidiary of Murugan Enterprise Private Limited.", "fullTimeEmployees": 3459, "companyOfficers": [], "maxAge": 86400}, "netSharePurchaseActivity": {"maxAge": 1, "period": "6m", "buyInfoCount": 0, "buyInfoShares": 0, "sellInfoCount": 0, "netInfoCount": 0, "netInfoShares": 0, "netPercentInsiderShares": 0.0, "totalInsiderShares": 24009738}, "insiderTransactions": {"transactions": [{"maxAge": 1, "shares": 158000, "filerUrl": "", "transactionText": "", "filerName": "Arumugam (S V)", "filerRelation": "Managing Director", "moneyText": "", "startDate": "2011-08-17", "ownership": "D"}, {"maxAge": 1, "shares": 1253, "filerUrl": "", "transactionText": "", "filerName": "Balasubramaniam (S V)", "filerRelation": "UNREPORTED", "moneyText": "", "startDate": "2011-03-25", "ownership": "D"}, {"maxAge": 1, "shares": 2502, "filerUrl": "", "transactionText": "", "filerName": "Alagappan (S V)", "filerRelation": "Vice Chairman", "moneyText": "", "startDate": "2011-03-23", "ownership": "D"}, {"maxAge": 1, "shares": 1252, "filerUrl": "", "transactionText": "", "filerName": "Kandasami (S V)", "filerRelation": "Director (Non-Executive)", "moneyText": "", "startDate": "2011-03-23", "ownership": "D"}], "maxAge": 1}, "sectorTrend": {"maxAge": 1, "symbol": null, "estimates": []}, "incomeStatementHistoryQuarterly": {"incomeStatementHistory": [{"maxAge": 1, "endDate": "2020-12-31", "totalRevenue": 2973361000, "costOfRevenue": 1942092000, "grossProfit": 1031269000, "researchDevelopment": {}, "sellingGeneralAdministrative": 349635000, "nonRecurring": {}, "otherOperatingExpenses": 343701000, "totalOperatingExpenses": 2717615000, "operatingIncome": 255746000, "totalOtherIncomeExpenseNet": -160822000, "ebit": 255746000, "interestExpense": -162842000, "incomeBeforeTax": 94924000, "incomeTaxExpense": 14546000, "minorityInterest": {}, "netIncomeFromContinuingOps": 80378000, "discontinuedOperations": {}, "extraordinaryItems": {}, "effectOfAccountingCharges": {}, "otherItems": {}, "netIncome": 81468000, "netIncomeApplicableToCommonShares": 81468000}, {"maxAge": 1, "endDate": "2020-09-30", "totalRevenue": 2800088000, "costOfRevenue": 1949833000, "grossProfit": 850255000, "researchDevelopment": {}, "sellingGeneralAdministrative": 316909000, "nonRecurring": {}, "otherOperatingExpenses": 379813000, "totalOperatingExpenses": 2724842000, "operatingIncome": 75246000, "totalOtherIncomeExpenseNet": -160387000, "ebit": 75246000, "interestExpense": -162402000, "incomeBeforeTax": -85141000, "incomeTaxExpense": -11907000, "minorityInterest": 347573000, "netIncomeFromContinuingOps": -73234000, "discontinuedOperations": {}, "extraordinaryItems": {}, "effectOfAccountingCharges": {}, "otherItems": {}, "netIncome": -76279000, "netIncomeApplicableToCommonShares": -76279000}, {"maxAge": 1, "endDate": "2020-06-30", "totalRevenue": 1325549000, "costOfRevenue": 1010868000, "grossProfit": 314681000, "researchDevelopment": {}, "sellingGeneralAdministrative": 192399000, "nonRecurring": {}, "otherOperatingExpenses": 209308000, "totalOperatingExpenses": 1498658000, "operatingIncome": -173109000, "totalOtherIncomeExpenseNet": -109128000, "ebit": -173109000, "interestExpense": -156193000, "incomeBeforeTax": -282237000, "incomeTaxExpense": -44115000, "minorityInterest": 347573000, "netIncomeFromContinuingOps": -238122000, "discontinuedOperations": {}, "extraordinaryItems": {}, "effectOfAccountingCharges": {}, "otherItems": {}, "netIncome": -234120000, "netIncomeApplicableToCommonShares": -234120000}, {"maxAge": 1, "endDate": "2020-03-31", "totalRevenue": 2786167000, "costOfRevenue": 2178275000, "grossProfit": 607892000, "researchDevelopment": {}, "sellingGeneralAdministrative": 364834000, "nonRecurring": {}, "otherOperatingExpenses": 128979000, "totalOperatingExpenses": 2716898000, "operatingIncome": 69269000, "totalOtherIncomeExpenseNet": -168060000, "ebit": 69269000, "interestExpense": -161113000, "incomeBeforeTax": -98791000, "incomeTaxExpense": -12873000, "minorityInterest": 348530000, "netIncomeFromContinuingOps": -85918000, "discontinuedOperations": {}, "extraordinaryItems": {}, "effectOfAccountingCharges": {}, "otherItems": {}, "netIncome": -84811000, "netIncomeApplicableToCommonShares": -84811000}], "maxAge": 86400}, "cashflowStatementHistoryQuarterly": {"cashflowStatements": [{"maxAge": 1, "endDate": "2020-12-31", "netIncome": 81468000, "changeToLiabilities": 0}, {"maxAge": 1, "endDate": "2020-09-30", "netIncome": -76279000, "changeToLiabilities": 0}, {"maxAge": 1, "endDate": "2020-06-30", "netIncome": -234120000, "changeToLiabilities": 0}, {"maxAge": 1, "endDate": "2020-03-31", "netIncome": -84811000, "changeToLiabilities": 0}], "maxAge": 86400}, "earnings": {"maxAge": 86400, "earningsChart": {"quarterly": [], "earningsDate": []}, "financialsChart": {"yearly": [{"date": 2017, "revenue": 8684532000, "earnings": 115002000}, {"date": 2018, "revenue": 10078578000, "earnings": 87719000}, {"date": 2019, "revenue": 11744894000, "earnings": 209106000}, {"date": 2020, "revenue": 11338767000, "earnings": 24248000}], "quarterly": [{"date": "1Q2020", "revenue": 2786167000, "earnings": -84811000}, {"date": "2Q2020", "revenue": 1325549000, "earnings": -234120000}, {"date": "3Q2020", "revenue": 2800088000, "earnings": -76279000}, {"date": "4Q2020", "revenue": 2973361000, "earnings": 81468000}]}, "financialCurrency": "INR"}, "financialData": {"maxAge": 86400, "currentPrice": 61.05, "targetHighPrice": 275.0, "targetLowPrice": 275.0, "targetMeanPrice": 275.0, "targetMedianPrice": 275.0, "recommendationMean": 2.0, "recommendationKey": "buy", "numberOfAnalystOpinions": 1, "totalCash": 304419008, "totalCashPerShare": 9.529, "ebitda": 521412000, "totalDebt": 6436675072, "totalRevenue": 9885164544, "debtToEquity": 203.659, "revenuePerShare": 266.079, "grossProfits": 3518889000, "earningsGrowth": 1.5, "revenueGrowth": 0.017, "grossMargins": 0.28367, "ebitdaMargins": 0.052750003, "operatingMargins": 0.02298, "profitMargins": -0.03174, "financialCurrency": "INR"}}}