{"BATAINDIA.BO": {"recommendationTrend": {"trend": [{"period": "0m", "strongBuy": 0, "buy": 0, "hold": 0, "sell": 0, "strongSell": 0}, {"period": "-1m", "strongBuy": 0, "buy": 0, "hold": 0, "sell": 0, "strongSell": 0}, {"period": "-2m", "strongBuy": 0, "buy": 0, "hold": 0, "sell": 0, "strongSell": 0}, {"period": "-3m", "strongBuy": 0, "buy": 0, "hold": 0, "sell": 0, "strongSell": 0}], "maxAge": 86400}, "cashflowStatementHistory": {"cashflowStatements": [{"maxAge": 1, "endDate": "2020-03-31", "netIncome": 3289530000, "depreciation": 2944610000, "changeToNetincome": 252120000, "changeToAccountReceivables": -3620000, "changeToLiabilities": 35850000, "changeToInventory": -343140000, "changeToOperatingActivities": -371570000, "totalCashFromOperatingActivities": 5817130000, "capitalExpenditures": -857400000, "investments": -1669770000, "otherCashflowsFromInvestingActivities": 637120000, "totalCashflowsFromInvestingActivities": -1890050000, "dividendsPaid": -803890000, "netBorrowings": -3361340000, "otherCashflowsFromFinancingActivities": -195530000, "totalCashFromFinancingActivities": -4360760000, "changeInCash": -433680000}, {"maxAge": 1, "endDate": "2019-03-31", "netIncome": 3289940000, "depreciation": 633940000, "changeToNetincome": -531700000, "changeToAccountReceivables": 230660000, "changeToLiabilities": 359930000, "changeToInventory": -741950000, "changeToOperatingActivities": 201190000, "totalCashFromOperatingActivities": 3448540000, "capitalExpenditures": -821680000, "investments": -2448370000, "otherCashflowsFromInvestingActivities": 493580000, "totalCashflowsFromInvestingActivities": -2776470000, "dividendsPaid": -511920000, "netBorrowings": -3361340000, "otherCashflowsFromFinancingActivities": -119470000, "totalCashFromFinancingActivities": -631390000, "changeInCash": 40680000}, {"maxAge": 1, "endDate": "2018-03-31", "netIncome": 2205130000, "depreciation": 600720000, "changeToNetincome": -362550000, "changeToAccountReceivables": -215550000, "changeToLiabilities": 713370000, "changeToInventory": -513750000, "changeToOperatingActivities": -828460000, "totalCashFromOperatingActivities": 1602710000, "capitalExpenditures": -778820000, "investments": -763380000, "otherCashflowsFromInvestingActivities": 398430000, "totalCashflowsFromInvestingActivities": -1118960000, "dividendsPaid": -448990000, "netBorrowings": -3361340000, "otherCashflowsFromFinancingActivities": -106590000, "totalCashFromFinancingActivities": -555580000, "changeInCash": -71830000}, {"maxAge": 1, "endDate": "2017-03-31", "netIncome": 1589510000, "depreciation": 646300000, "changeToNetincome": -202720000, "changeToAccountReceivables": 64260000, "changeToLiabilities": 798250000, "changeToInventory": -284440000, "changeToOperatingActivities": -50170000, "totalCashFromOperatingActivities": 2565050000, "capitalExpenditures": -512740000, "investments": -2075780000, "otherCashflowsFromInvestingActivities": 264640000, "totalCashflowsFromInvestingActivities": -2288180000, "dividendsPaid": -448750000, "netBorrowings": -3361340000, "otherCashflowsFromFinancingActivities": -108220000, "totalCashFromFinancingActivities": -556970000, "changeInCash": -280100000}], "maxAge": 86400}, "institutionOwnership": {"maxAge": 1, "ownershipList": []}, "balanceSheetHistoryQuarterly": {"balanceSheetStatements": [{"maxAge": 1, "endDate": "2020-06-30", "totalStockholderEquity": 18939280000, "netTangibleAssets": 18868900000}, {"maxAge": 1, "endDate": "2020-03-31", "cash": 152110000, "shortTermInvestments": 9456070000, "netReceivables": 1499860000, "inventory": 8736810000, "otherCurrentAssets": 83400000, "totalCurrentAssets": 20032270000, "longTermInvestments": 21750000, "propertyPlantEquipment": 13822580000, "intangibleAssets": 70380000, "otherAssets": 3377610000, "deferredLongTermAssetCharges": 1109860000, "totalAssets": 37324590000, "accountsPayable": 5033910000, "otherCurrentLiab": 686360000, "otherLiab": 25070000, "totalCurrentLiabilities": 8006780000, "totalLiab": 18385310000, "commonStock": 642640000, "retainedEarnings": 17795280000, "capitalSurplus": 501360000, "totalStockholderEquity": 18939280000, "netTangibleAssets": 18868900000}, {"maxAge": 1, "endDate": "2019-12-31", "totalStockholderEquity": 17237500000, "netTangibleAssets": 17192290000}, {"maxAge": 1, "endDate": "2019-09-30", "cash": 8000160000, "netReceivables": 1375610000, "inventory": 8501620000, "otherCurrentAssets": 375810000, "totalCurrentAssets": 18253200000, "longTermInvestments": 23090000, "propertyPlantEquipment": 14010130000, "intangibleAssets": 45210000, "otherAssets": 3509960000, "deferredLongTermAssetCharges": 1444390000, "totalAssets": 35841590000, "accountsPayable": 4799360000, "otherCurrentLiab": 844940000, "otherLiab": 19260000, "totalCurrentLiabilities": 7816540000, "totalLiab": 18604090000, "commonStock": 642640000, "treasuryStock": 16594860000, "otherStockholderEquity": 16594860000, "totalStockholderEquity": 17237500000, "netTangibleAssets": 17192290000}], "maxAge": 86400}, "earningsHistory": {"history": [{"maxAge": 1, "epsActual": 5.3, "epsEstimate": 4.5, "epsDifference": 0.8, "surprisePercent": 0.17799999, "quarter": "2017-12-31", "period": "-4q"}, {"maxAge": 1, "epsActual": 4.05, "epsEstimate": 4.21, "epsDifference": -0.16, "surprisePercent": -0.038, "quarter": "2018-03-31", "period": "-3q"}, {"maxAge": 1, "epsActual": 6.42, "epsEstimate": 5.87, "epsDifference": 0.55, "surprisePercent": 0.094, "quarter": "2018-06-30", "period": "-2q"}, {"maxAge": 1, "epsActual": 4.33, "epsEstimate": 6.1, "epsDifference": -1.77, "surprisePercent": -0.29, "quarter": "2018-09-30", "period": "-1q"}], "maxAge": 86400}, "indexTrend": {"maxAge": 1, "symbol": "SP5", "peRatio": 19.7411, "pegRatio": 1.34172, "estimates": [{"period": "0q", "growth": 0.549}, {"period": "+1q", "growth": 0.431}, {"period": "0y", "growth": 0.305}, {"period": "+1y", "growth": 0.109}, {"period": "+5y", "growth": 0.120865}, {"period": "-5y"}]}, "industryTrend": {"maxAge": 1, "symbol": null, "estimates": []}, "insiderTransactions": {"transactions": [{"maxAge": 1, "shares": 1820930, "filerUrl": "", "transactionText": "", "filerName": "Life Insurance Corporation of India", "filerRelation": "Promoter", "moneyText": "", "startDate": "2020-07-29", "ownership": "D"}, {"maxAge": 1, "shares": 2962674, "filerUrl": "", "transactionText": "", "filerName": "Life Insurance Corporation of India", "filerRelation": "Promoter", "moneyText": "", "startDate": "2020-05-18", "ownership": "D"}], "maxAge": 1}, "quoteType": {"exchange": "BSE", "quoteType": "EQUITY", "symbol": "BATAINDIA.BO", "underlyingSymbol": "BATAINDIA.BO", "shortName": "BATA INDIA LTD.", "longName": "Bata India Limited", "firstTradeDateEpochUtc": "2000-01-03 09:15:00", "timeZoneFullName": "Asia/Kolkata", "timeZoneShortName": "IST", "uuid": "0536cb37-78d7-388a-b873-d360faa62cec", "messageBoardId": null, "gmtOffSetMilliseconds": 19800000, "maxAge": 1}, "incomeStatementHistory": {"incomeStatementHistory": [{"maxAge": 1, "endDate": "2020-03-31", "totalRevenue": 30561140000, "costOfRevenue": 13153660000, "grossProfit": 17407480000, "researchDevelopment": {}, "sellingGeneralAdministrative": 5037110000, "nonRecurring": {}, "otherOperatingExpenses": 4001850000, "totalOperatingExpenses": 25150590000, "operatingIncome": 5410550000, "totalOtherIncomeExpenseNet": -538190000, "ebit": 5410550000, "interestExpense": -1177410000, "incomeBeforeTax": 4872360000, "incomeTaxExpense": 1582830000, "minorityInterest": {}, "netIncomeFromContinuingOps": 3289530000, "discontinuedOperations": {}, "extraordinaryItems": {}, "effectOfAccountingCharges": {}, "otherItems": {}, "netIncome": 3289530000, "netIncomeApplicableToCommonShares": 3289530000}, {"maxAge": 1, "endDate": "2019-03-31", "totalRevenue": 29311030000, "costOfRevenue": 13028670000, "grossProfit": 16282360000, "researchDevelopment": {}, "sellingGeneralAdministrative": 7765300000, "nonRecurring": {}, "otherOperatingExpenses": 3725930000, "totalOperatingExpenses": 25160370000, "operatingIncome": 4150660000, "totalOtherIncomeExpenseNet": 626210000, "ebit": 4150660000, "interestExpense": -35460000, "incomeBeforeTax": 4776870000, "incomeTaxExpense": 1486930000, "minorityInterest": {}, "netIncomeFromContinuingOps": 3289940000, "discontinuedOperations": {}, "extraordinaryItems": {}, "effectOfAccountingCharges": {}, "otherItems": {}, "netIncome": 3289940000, "netIncomeApplicableToCommonShares": 3289940000}, {"maxAge": 1, "endDate": "2018-03-31", "totalRevenue": 26341690000, "costOfRevenue": 12200840000, "grossProfit": 14140850000, "researchDevelopment": {}, "sellingGeneralAdministrative": 6979990000, "nonRecurring": {}, "otherOperatingExpenses": 3630530000, "totalOperatingExpenses": 23415880000, "operatingIncome": 2925810000, "totalOtherIncomeExpenseNet": 444590000, "ebit": 2925810000, "interestExpense": -41980000, "incomeBeforeTax": 3370400000, "incomeTaxExpense": 1165270000, "minorityInterest": {}, "netIncomeFromContinuingOps": 2205130000, "discontinuedOperations": {}, "extraordinaryItems": {}, "effectOfAccountingCharges": {}, "otherItems": {}, "netIncome": 2205130000, "netIncomeApplicableToCommonShares": 2205130000}, {"maxAge": 1, "endDate": "2017-03-31", "totalRevenue": 24742560000, "costOfRevenue": 11713830000, "grossProfit": 13028730000, "researchDevelopment": {}, "sellingGeneralAdministrative": 6537770000, "nonRecurring": {}, "otherOperatingExpenses": 3642480000, "totalOperatingExpenses": 22544440000, "operatingIncome": 2198120000, "totalOtherIncomeExpenseNet": 140520000, "ebit": 2198120000, "interestExpense": -40340000, "incomeBeforeTax": 2338640000, "incomeTaxExpense": 749130000, "minorityInterest": {}, "netIncomeFromContinuingOps": 1589510000, "discontinuedOperations": {}, "extraordinaryItems": {}, "effectOfAccountingCharges": {}, "otherItems": {}, "netIncome": 1589510000, "netIncomeApplicableToCommonShares": 1589510000}], "maxAge": 86400}, "fundOwnership": {"maxAge": 1, "ownershipList": []}, "summaryDetail": {"maxAge": 1, "priceHint": 2, "previousClose": 1352.2, "open": 1340.0, "dayLow": 1337.6, "dayHigh": 1382.3, "regularMarketPreviousClose": 1352.2, "regularMarketOpen": 1340.0, "regularMarketDayLow": 1337.6, "regularMarketDayHigh": 1382.3, "trailingPE": 138.33469, "forwardPE": 53.83071, "volume": 47825, "regularMarketVolume": 47825, "averageVolume": 44750, "averageVolume10days": 35514, "averageDailyVolume10Day": 35514, "bid": 1367.3, "ask": 1367.3, "bidSize": 0, "askSize": 0, "marketCap": 175736340480, "fiftyTwoWeekLow": 1017.2, "fiftyTwoWeekHigh": 1772.1, "fiftyDayAverage": 1571.4128, "twoHundredDayAverage": 1437.6143, "trailingAnnualDividendRate": 4.0, "trailingAnnualDividendYield": 0.0029581424, "currency": "INR", "fromCurrency": null, "toCurrency": null, "lastMarket": null, "algorithm": null, "tradeable": false}, "sectorTrend": {"maxAge": 1, "symbol": null, "estimates": []}, "incomeStatementHistoryQuarterly": {"incomeStatementHistory": [{"maxAge": 1, "endDate": "2020-06-30", "totalRevenue": 1350750000, "costOfRevenue": 803290000, "grossProfit": 547460000, "researchDevelopment": {}, "sellingGeneralAdministrative": 847620000, "nonRecurring": {}, "otherOperatingExpenses": 558490000, "totalOperatingExpenses": 2940170000, "operatingIncome": -1589420000, "totalOtherIncomeExpenseNet": 242050000, "ebit": -1589420000, "interestExpense": -278370000, "incomeBeforeTax": -1347370000, "incomeTaxExpense": -338520000, "minorityInterest": {}, "netIncomeFromContinuingOps": -1008850000, "discontinuedOperations": {}, "extraordinaryItems": {}, "effectOfAccountingCharges": {}, "otherItems": {}, "netIncome": -1008850000, "netIncomeApplicableToCommonShares": -1008850000}, {"maxAge": 1, "endDate": "2020-03-31", "totalRevenue": 6205750000, "costOfRevenue": 2744080000, "grossProfit": 3461670000, "researchDevelopment": {}, "sellingGeneralAdministrative": 1857250000, "nonRecurring": {}, "otherOperatingExpenses": 160090000, "totalOperatingExpenses": 5475880000, "operatingIncome": 729870000, "totalOtherIncomeExpenseNet": -147990000, "ebit": 729870000, "interestExpense": -271200000, "incomeBeforeTax": 581880000, "incomeTaxExpense": 197810000, "minorityInterest": {}, "netIncomeFromContinuingOps": 384070000, "discontinuedOperations": {}, "extraordinaryItems": {}, "effectOfAccountingCharges": {}, "otherItems": {}, "netIncome": 384070000, "netIncomeApplicableToCommonShares": 384070000}, {"maxAge": 1, "endDate": "2019-12-31", "totalRevenue": 8308230000, "costOfRevenue": 3264090000, "grossProfit": 5044140000, "researchDevelopment": {}, "sellingGeneralAdministrative": 1104540000, "nonRecurring": {}, "otherOperatingExpenses": 1301950000, "totalOperatingExpenses": 6435160000, "operatingIncome": 1873070000, "totalOtherIncomeExpenseNet": -114780000, "ebit": 1873070000, "interestExpense": -285000000, "incomeBeforeTax": 1758290000, "incomeTaxExpense": 575600000, "minorityInterest": {}, "netIncomeFromContinuingOps": 1182690000, "discontinuedOperations": {}, "extraordinaryItems": {}, "effectOfAccountingCharges": {}, "otherItems": {}, "netIncome": 1182690000, "netIncomeApplicableToCommonShares": 1182690000}, {"maxAge": 1, "endDate": "2019-09-30", "totalRevenue": 7219610000, "costOfRevenue": 3147910000, "grossProfit": 4071700000, "researchDevelopment": {}, "sellingGeneralAdministrative": 987460000, "nonRecurring": {}, "otherOperatingExpenses": 1230750000, "totalOperatingExpenses": 6114910000, "operatingIncome": 1104700000, "totalOtherIncomeExpenseNet": -130590000, "ebit": 1104700000, "interestExpense": -307700000, "incomeBeforeTax": 974110000, "incomeTaxExpense": 261070000, "minorityInterest": {}, "netIncomeFromContinuingOps": 713040000, "discontinuedOperations": {}, "extraordinaryItems": {}, "effectOfAccountingCharges": {}, "otherItems": {}, "netIncome": 713040000, "netIncomeApplicableToCommonShares": 713040000}], "maxAge": 86400}, "cashflowStatementHistoryQuarterly": {"cashflowStatements": [{"maxAge": 1, "endDate": "2020-06-30", "netIncome": -1008850000, "changeToLiabilities": 0}, {"maxAge": 1, "endDate": "2020-03-31", "netIncome": 384070000, "changeToLiabilities": 0}, {"maxAge": 1, "endDate": "2019-12-31", "netIncome": 1182690000, "changeToLiabilities": 0}, {"maxAge": 1, "endDate": "2019-09-30", "netIncome": 713040000, "changeToLiabilities": 0}], "maxAge": 86400}, "insiderHolders": {"holders": [{"maxAge": 1, "name": "Life Insurance Corporation of India", "relation": "Promoter", "url": "", "transactionDescription": "Acquisition", "latestTransDate": "2020-07-29", "positionDirect": 8315529, "positionDirectDate": "2020-07-29"}], "maxAge": 1}, "earnings": {"maxAge": 86400, "earningsChart": {"quarterly": [{"date": "4Q2017", "actual": 5.3, "estimate": 4.5}, {"date": "1Q2018", "actual": 4.05, "estimate": 4.21}, {"date": "2Q2018", "actual": 6.42, "estimate": 5.87}, {"date": "3Q2018", "actual": 4.33, "estimate": 6.1}], "currentQuarterEstimateDate": "4Q", "currentQuarterEstimateYear": 2018, "earningsDate": []}, "financialsChart": {"yearly": [{"date": 2017, "revenue": 24742560000, "earnings": 1589510000}, {"date": 2018, "revenue": 26341690000, "earnings": 2205130000}, {"date": 2019, "revenue": 29311030000, "earnings": 3289940000}, {"date": 2020, "revenue": 30561140000, "earnings": 3289530000}], "quarterly": [{"date": "3Q2019", "revenue": 7219610000, "earnings": 713040000}, {"date": "4Q2019", "revenue": 8308230000, "earnings": 1182690000}, {"date": "1Q2020", "revenue": 6205750000, "earnings": 384070000}, {"date": "2Q2020", "revenue": 1350750000, "earnings": -1008850000}]}, "financialCurrency": "INR"}, "calendarEvents": {"maxAge": 1, "earnings": {"earningsDate": [], "revenueAverage": 7269170000, "revenueLow": 7269170000, "revenueHigh": 7269170000}}, "price": {"maxAge": 1, "regularMarketChangePercent": 0.011167061, "regularMarketChange": 15.100098, "regularMarketTime": "2021-04-30 15:49:01", "priceHint": 2, "regularMarketPrice": 1367.3, "regularMarketDayHigh": 1382.3, "regularMarketDayLow": 1337.6, "regularMarketVolume": 47825, "averageDailyVolume10Day": 35514, "averageDailyVolume3Month": 44750, "regularMarketPreviousClose": 1352.2, "regularMarketSource": "FREE_REALTIME", "regularMarketOpen": 1340.0, "exchange": "BSE", "exchangeName": "BSE", "exchangeDataDelayedBy": 0, "marketState": "CLOSED", "quoteType": "EQUITY", "symbol": "BATAINDIA.BO", "underlyingSymbol": null, "shortName": "BATA INDIA LTD.", "longName": "Bata India Limited", "currency": "INR", "quoteSourceName": "Delayed Quote", "currencySymbol": "\u20b9", "fromCurrency": null, "toCurrency": null, "lastMarket": null, "marketCap": 175736340480}, "balanceSheetHistory": {"balanceSheetStatements": [{"maxAge": 1, "endDate": "2020-03-31", "cash": 152110000, "shortTermInvestments": 9456070000, "netReceivables": 1499860000, "inventory": 8736810000, "otherCurrentAssets": 83400000, "totalCurrentAssets": 20032270000, "longTermInvestments": 21750000, "propertyPlantEquipment": 13822580000, "intangibleAssets": 70380000, "otherAssets": 3377610000, "deferredLongTermAssetCharges": 1109860000, "totalAssets": 37324590000, "accountsPayable": 5033910000, "otherCurrentLiab": 686360000, "otherLiab": 25070000, "totalCurrentLiabilities": 8006780000, "totalLiab": 18385310000, "commonStock": 642640000, "retainedEarnings": 17795280000, "capitalSurplus": 501360000, "totalStockholderEquity": 18939280000, "netTangibleAssets": 18868900000}, {"maxAge": 1, "endDate": "2019-03-31", "cash": 585790000, "shortTermInvestments": 7787940000, "netReceivables": 1413120000, "inventory": 8393670000, "otherCurrentAssets": 69280000, "totalCurrentAssets": 18404870000, "longTermInvestments": 21420000, "propertyPlantEquipment": 3299680000, "intangibleAssets": 37880000, "otherAssets": 2976990000, "deferredLongTermAssetCharges": 1098500000, "totalAssets": 24740840000, "accountsPayable": 5157780000, "otherCurrentLiab": 894450000, "otherLiab": 1025170000, "totalCurrentLiabilities": 6297230000, "totalLiab": 7322400000, "commonStock": 642640000, "retainedEarnings": 16274440000, "capitalSurplus": 501360000, "totalStockholderEquity": 17418440000, "netTangibleAssets": 17380560000}, {"maxAge": 1, "endDate": "2018-03-31", "cash": 545110000, "shortTermInvestments": 5344910000, "netReceivables": 1797200000, "inventory": 7651720000, "otherCurrentAssets": 45650000, "totalCurrentAssets": 15548950000, "longTermInvestments": 640000, "propertyPlantEquipment": 3069900000, "intangibleAssets": 15540000, "otherAssets": 2779040000, "deferredLongTermAssetCharges": 1054800000, "totalAssets": 21414070000, "accountsPayable": 4797850000, "otherCurrentLiab": 666490000, "otherLiab": 1059320000, "totalCurrentLiabilities": 5607840000, "totalLiab": 6667160000, "commonStock": 642640000, "retainedEarnings": 13602910000, "capitalSurplus": 501360000, "totalStockholderEquity": 14746910000, "netTangibleAssets": 14731370000}, {"maxAge": 1, "endDate": "2017-03-31", "cash": 617800000, "shortTermInvestments": 4589700000, "netReceivables": 1090760000, "inventory": 7137970000, "otherCurrentAssets": 39630000, "totalCurrentAssets": 13619110000, "longTermInvestments": 14200000, "propertyPlantEquipment": 2907930000, "intangibleAssets": 69940000, "otherAssets": 2620200000, "deferredLongTermAssetCharges": 1005420000, "totalAssets": 19231380000, "accountsPayable": 4084470000, "otherCurrentLiab": 631660000, "otherLiab": 1039710000, "totalCurrentLiabilities": 4948440000, "totalLiab": 5988150000, "commonStock": 642640000, "retainedEarnings": 12099230000, "capitalSurplus": 501360000, "totalStockholderEquity": 13243230000, "netTangibleAssets": 13173290000}], "maxAge": 86400}, "earningsTrend": {"trend": [{"maxAge": 1, "period": "0q", "endDate": "2018-12-31", "growth": {}, "earningsEstimate": {"avg": 0.0, "low": 0.0, "high": 0.0, "yearAgoEps": 5.3, "numberOfAnalysts": 0, "growth": {}}, "revenueEstimate": {"avg": 7269170000, "low": 7269170000, "high": 7269170000, "numberOfAnalysts": 1, "yearAgoRevenue": 6740030000, "growth": 0.079}, "epsTrend": {"current": 0.0, "7daysAgo": 4.74, "30daysAgo": 4.74, "60daysAgo": 4.74, "90daysAgo": 4.74}, "epsRevisions": {"upLast7days": 0, "upLast30days": 0, "downLast30days": 0, "downLast90days": {}}}, {"maxAge": 1, "period": "+1q", "endDate": "2019-03-31", "growth": {}, "earningsEstimate": {"avg": 0.0, "low": 0.0, "high": 0.0, "yearAgoEps": 4.05, "numberOfAnalysts": 0, "growth": {}}, "revenueEstimate": {"avg": 0, "low": 0, "high": 0, "numberOfAnalysts": 0, "yearAgoRevenue": {}, "growth": {}}, "epsTrend": {"current": 0.0, "7daysAgo": 0.0, "30daysAgo": 0.0, "60daysAgo": 0.0, "90daysAgo": 0.0}, "epsRevisions": {"upLast7days": 0, "upLast30days": 0, "downLast30days": 0, "downLast90days": {}}}, {"maxAge": 1, "period": "0y", "endDate": "2019-03-31", "growth": {}, "earningsEstimate": {"avg": 0.0, "low": 0.0, "high": 0.0, "yearAgoEps": {}, "numberOfAnalysts": 0, "growth": {}}, "revenueEstimate": {"avg": 29515000000, "low": 29515000000, "high": 29515000000, "numberOfAnalysts": 1, "yearAgoRevenue": 26292700000, "growth": 0.123}, "epsTrend": {"current": 0.0, "7daysAgo": 22.1, "30daysAgo": 22.1, "60daysAgo": 22.1, "90daysAgo": 22.1}, "epsRevisions": {"upLast7days": 0, "upLast30days": 0, "downLast30days": 0, "downLast90days": {}}}, {"maxAge": 1, "period": "+1y", "endDate": "2020-03-31", "growth": {}, "earningsEstimate": {"avg": 0.0, "low": 0.0, "high": 0.0, "yearAgoEps": {}, "numberOfAnalysts": 0, "growth": {}}, "revenueEstimate": {"avg": 33172000000, "low": 33172000000, "high": 33172000000, "numberOfAnalysts": 1, "yearAgoRevenue": 29515000000, "growth": 0.124}, "epsTrend": {"current": 0.0, "7daysAgo": 25.4, "30daysAgo": 25.4, "60daysAgo": 25.4, "90daysAgo": 25.4}, "epsRevisions": {"upLast7days": 0, "upLast30days": 0, "downLast30days": 0, "downLast90days": {}}}, {"maxAge": 1, "period": "+5y", "endDate": null, "growth": 0.23020001, "earningsEstimate": {"avg": {}, "low": {}, "high": {}, "yearAgoEps": {}, "numberOfAnalysts": {}, "growth": {}}, "revenueEstimate": {"avg": {}, "low": {}, "high": {}, "numberOfAnalysts": {}, "yearAgoRevenue": {}, "growth": {}}, "epsTrend": {"current": {}, "7daysAgo": {}, "30daysAgo": {}, "60daysAgo": {}, "90daysAgo": {}}, "epsRevisions": {"upLast7days": {}, "upLast30days": {}, "downLast30days": {}, "downLast90days": {}}}, {"maxAge": 1, "period": "-5y", "endDate": null, "growth": {}, "earningsEstimate": {"avg": {}, "low": {}, "high": {}, "yearAgoEps": {}, "numberOfAnalysts": {}, "growth": {}}, "revenueEstimate": {"avg": {}, "low": {}, "high": {}, "numberOfAnalysts": {}, "yearAgoRevenue": {}, "growth": {}}, "epsTrend": {"current": {}, "7daysAgo": {}, "30daysAgo": {}, "60daysAgo": {}, "90daysAgo": {}}, "epsRevisions": {"upLast7days": {}, "upLast30days": {}, "downLast30days": {}, "downLast90days": {}}}], "maxAge": 1}, "financialData": {"maxAge": 86400, "currentPrice": 1367.3, "targetHighPrice": 1160.0, "targetLowPrice": 463.0, "targetMeanPrice": 985.0, "targetMedianPrice": 1044.0, "recommendationKey": "none", "numberOfAnalystOpinions": 8, "grossProfits": 17407480000, "financialCurrency": "INR"}}}