{"BATAINDIA.NS": {"assetProfile": {"address1": "Bata House", "address2": "418/02, M.G. Road Sector - 17", "city": "Gurugram", "zip": "122002", "country": "India", "phone": "91 12 4399 0100", "fax": "91 12 4399 0116", "website": "http://www.bata.in", "industry": "Footwear & Accessories", "sector": "Consumer Cyclical", "longBusinessSummary": "Bata India Limited manufactures and trades in footwear and accessories through its retail and wholesale network in India. The company offers footwear in the categories of women, men, and kids; and accessories, such as belts, clutches, handbags, masks, and shoe care products. It sells its products primarily under the Bata, Disney, Footin, Hush Puppies, Marie Claire, Naturalizer, North Star, Power, Scholl, CAT, Weinbrenner, and Bubblegummers brands. The company operates through approximately 1,558 retail stores, including franchisee stores. It also exports its products. The company was formerly known as Bata Shoe Company Private Limited and changed its name to Bata India Limited in 1973. The company was incorporated in 1931 and is based in Gurugram, India. Bata India Limited is a subsidiary of Bata (BN) B.V.", "fullTimeEmployees": 4913, "companyOfficers": [{"maxAge": 1, "name": "Mr. Sandeep  Kataria", "age": 50, "title": "Global CEO of Bata Brands & Whole-Time Director", "yearBorn": 1970, "fiscalYear": 2020, "totalPay": 45660000, "exercisedValue": 0, "unexercisedValue": 0}, {"maxAge": 1, "name": "Mr. Rajeev  Gopalakrishnan", "age": 55, "title": "MD & Exec. Director", "yearBorn": 1965, "fiscalYear": 2020, "totalPay": 57790000, "exercisedValue": 0, "unexercisedValue": 0}, {"maxAge": 1, "name": "Mr. Anand  Narang", "age": 47, "title": "VP of Marketing & Customer Services", "yearBorn": 1973, "exercisedValue": 0, "unexercisedValue": 0}, {"maxAge": 1, "name": "Mr. Sanjay  Kanth", "age": 57, "title": "Sr. VP of Manufacturing & Purchasing", "yearBorn": 1963, "exercisedValue": 0, "unexercisedValue": 0}, {"maxAge": 1, "name": "Mr. Matteo  Lambert", "age": 48, "title": "Chief Collection Mang.", "yearBorn": 1972, "exercisedValue": 0, "unexercisedValue": 0}, {"maxAge": 1, "name": "Mr. Bishwanath  Ganguly", "age": 47, "title": "Sr. VP of Brands", "yearBorn": 1973, "exercisedValue": 0, "unexercisedValue": 0}, {"maxAge": 1, "name": "Mr. Sumit  Chandna", "age": 46, "title": "Chief Merchandising Mang.", "yearBorn": 1974, "exercisedValue": 0, "unexercisedValue": 0}, {"maxAge": 1, "name": "Mr. Raman  Krishnamoorthy", "age": 56, "title": "VP of IT", "yearBorn": 1964, "exercisedValue": 0, "unexercisedValue": 0}, {"maxAge": 1, "name": "Ms. Vidhya  Srinivasan", "title": "Chief Financial Officer", "exercisedValue": 0, "unexercisedValue": 0}, {"maxAge": 1, "name": "Mr. Jyotirmoy  Banerjee", "title": "Investor Relations Mang.", "exercisedValue": 0, "unexercisedValue": 0}], "auditRisk": 6, "boardRisk": 2, "compensationRisk": 3, "shareHolderRightsRisk": 8, "overallRisk": 5, "governanceEpochDate": "2021-04-01 05:30:00", "compensationAsOfEpochDate": "2020-12-31 05:30:00", "maxAge": 86400}, "cashflowStatementHistory": {"cashflowStatements": [{"maxAge": 1, "endDate": "2020-03-31", "netIncome": 3289530000, "depreciation": 2944610000, "changeToNetincome": 252120000, "changeToAccountReceivables": -3620000, "changeToLiabilities": 35850000, "changeToInventory": -343140000, "changeToOperatingActivities": -371570000, "totalCashFromOperatingActivities": 5817130000, "capitalExpenditures": -857400000, "investments": -1669770000, "otherCashflowsFromInvestingActivities": 637120000, "totalCashflowsFromInvestingActivities": -1890050000, "dividendsPaid": -803890000, "netBorrowings": -3361340000, "otherCashflowsFromFinancingActivities": -195530000, "totalCashFromFinancingActivities": -4360760000, "changeInCash": -433680000}, {"maxAge": 1, "endDate": "2019-03-31", "netIncome": 3289940000, "depreciation": 633940000, "changeToNetincome": -531700000, "changeToAccountReceivables": 230660000, "changeToLiabilities": 359930000, "changeToInventory": -741950000, "changeToOperatingActivities": 201190000, "totalCashFromOperatingActivities": 3448540000, "capitalExpenditures": -821680000, "investments": -2448370000, "otherCashflowsFromInvestingActivities": 493580000, "totalCashflowsFromInvestingActivities": -2776470000, "dividendsPaid": -511920000, "netBorrowings": -3361340000, "otherCashflowsFromFinancingActivities": -119470000, "totalCashFromFinancingActivities": -631390000, "changeInCash": 40680000}, {"maxAge": 1, "endDate": "2018-03-31", "netIncome": 2205130000, "depreciation": 600720000, "changeToNetincome": -362550000, "changeToAccountReceivables": -215550000, "changeToLiabilities": 713370000, "changeToInventory": -513750000, "changeToOperatingActivities": -828460000, "totalCashFromOperatingActivities": 1602710000, "capitalExpenditures": -778820000, "investments": -763380000, "otherCashflowsFromInvestingActivities": 398430000, "totalCashflowsFromInvestingActivities": -1118960000, "dividendsPaid": -448990000, "netBorrowings": -3361340000, "otherCashflowsFromFinancingActivities": -106590000, "totalCashFromFinancingActivities": -555580000, "changeInCash": -71830000}, {"maxAge": 1, "endDate": "2017-03-31", "netIncome": 1589510000, "depreciation": 646300000, "changeToNetincome": -202720000, "changeToAccountReceivables": 64260000, "changeToLiabilities": 798250000, "changeToInventory": -284440000, "changeToOperatingActivities": -50170000, "totalCashFromOperatingActivities": 2565050000, "capitalExpenditures": -512740000, "investments": -2075780000, "otherCashflowsFromInvestingActivities": 264640000, "totalCashflowsFromInvestingActivities": -2288180000, "dividendsPaid": -448750000, "netBorrowings": -3361340000, "otherCashflowsFromFinancingActivities": -108220000, "totalCashFromFinancingActivities": -556970000, "changeInCash": -280100000}], "maxAge": 86400}, "institutionOwnership": {"maxAge": 1, "ownershipList": []}, "majorHoldersBreakdown": {"maxAge": 1, "insidersPercentHeld": 0.53182, "institutionsPercentHeld": 0.29452, "institutionsFloatPercentHeld": 0.62908, "institutionsCount": 79}, "balanceSheetHistoryQuarterly": {"balanceSheetStatements": [{"maxAge": 1, "endDate": "2020-12-31", "totalStockholderEquity": 16989010000, "netTangibleAssets": 16923280000}, {"maxAge": 1, "endDate": "2020-09-30", "cash": 8016480000, "netReceivables": 1026400000, "inventory": 7754040000, "otherCurrentAssets": 422150000, "totalCurrentAssets": 17219070000, "longTermInvestments": 7060000, "propertyPlantEquipment": 12127800000, "intangibleAssets": 65730000, "otherAssets": 3457830000, "deferredLongTermAssetCharges": 1589760000, "totalAssets": 32877490000, "accountsPayable": 4124320000, "otherCurrentLiab": 766990000, "otherLiab": 22260000, "totalCurrentLiabilities": 7005970000, "totalLiab": 15888480000, "commonStock": 642640000, "treasuryStock": 16346370000, "otherStockholderEquity": 16346370000, "totalStockholderEquity": 16989010000, "netTangibleAssets": 16923280000}, {"maxAge": 1, "endDate": "2020-06-30", "totalStockholderEquity": 18939280000, "netTangibleAssets": 18868900000}, {"maxAge": 1, "endDate": "2020-03-31", "cash": 152110000, "shortTermInvestments": 9456070000, "netReceivables": 1499860000, "inventory": 8736810000, "otherCurrentAssets": 83400000, "totalCurrentAssets": 20032270000, "longTermInvestments": 21750000, "propertyPlantEquipment": 13822580000, "intangibleAssets": 70380000, "otherAssets": 3377610000, "deferredLongTermAssetCharges": 1109860000, "totalAssets": 37324590000, "accountsPayable": 5033910000, "otherCurrentLiab": 686360000, "otherLiab": 25070000, "totalCurrentLiabilities": 8006780000, "totalLiab": 18385310000, "commonStock": 642640000, "retainedEarnings": 17795280000, "capitalSurplus": 501360000, "totalStockholderEquity": 18939280000, "netTangibleAssets": 18868900000}], "maxAge": 86400}, "indexTrend": {"maxAge": 1, "symbol": "SP5", "peRatio": 19.7411, "pegRatio": 1.34172, "estimates": [{"period": "0q", "growth": 0.549}, {"period": "+1q", "growth": 0.431}, {"period": "0y", "growth": 0.305}, {"period": "+1y", "growth": 0.109}, {"period": "+5y", "growth": 0.120865}, {"period": "-5y"}]}, "defaultKeyStatistics": {"maxAge": 1, "priceHint": 2, "enterpriseValue": 176143663104, "profitMargins": -0.04622, "floatShares": 58988135, "sharesOutstanding": 128528000, "heldPercentInsiders": 0.53182, "heldPercentInstitutions": 0.29452, "beta": 0.642759, "category": null, "bookValue": 132.259, "priceToBook": 10.355062, "fundFamily": null, "legalType": null, "lastFiscalYearEnd": "2020-03-31 05:30:00", "nextFiscalYearEnd": "2022-03-31 05:30:00", "mostRecentQuarter": "2020-12-31 05:30:00", "earningsQuarterlyGrowth": -0.777, "netIncomeToCommon": -803769984, "trailingEps": -6.256, "lastSplitFactor": "2:1", "lastSplitDate": "2015-10-07 05:30:00", "enterpriseToRevenue": 10.128, "enterpriseToEbitda": -240.863, "52WeekChange": 0.042831063, "SandP52WeekChange": 0.48148263, "lastDividendValue": 4.0, "lastDividendDate": 1595980800}, "summaryProfile": {"address1": "Bata House", "address2": "418/02, M.G. Road Sector - 17", "city": "Gurugram", "zip": "122002", "country": "India", "phone": "91 12 4399 0100", "fax": "91 12 4399 0116", "website": "http://www.bata.in", "industry": "Footwear & Accessories", "sector": "Consumer Cyclical", "longBusinessSummary": "Bata India Limited manufactures and trades in footwear and accessories through its retail and wholesale network in India. The company offers footwear in the categories of women, men, and kids; and accessories, such as belts, clutches, handbags, masks, and shoe care products. It sells its products primarily under the Bata, Disney, Footin, Hush Puppies, Marie Claire, Naturalizer, North Star, Power, Scholl, CAT, Weinbrenner, and Bubblegummers brands. The company operates through approximately 1,558 retail stores, including franchisee stores. It also exports its products. The company was formerly known as Bata Shoe Company Private Limited and changed its name to Bata India Limited in 1973. The company was incorporated in 1931 and is based in Gurugram, India. Bata India Limited is a subsidiary of Bata (BN) B.V.", "fullTimeEmployees": 4913, "companyOfficers": [], "maxAge": 86400}, "netSharePurchaseActivity": {"maxAge": 1, "period": "6m", "buyInfoCount": 0, "buyInfoShares": 0, "sellInfoCount": 0, "netInfoCount": 0, "netInfoShares": 0, "netPercentInsiderShares": 0.0, "totalInsiderShares": 68199464}, "insiderTransactions": {"transactions": [{"maxAge": 1, "shares": 2616233, "filerUrl": "", "transactionText": "", "filerName": "Life Insurance Corporation of India", "filerRelation": "Promoter", "moneyText": "", "startDate": "2021-03-31", "ownership": "D"}, {"maxAge": 1, "shares": 1820930, "filerUrl": "", "transactionText": "", "filerName": "Life Insurance Corporation of India", "filerRelation": "Promoter", "moneyText": "", "startDate": "2020-07-29", "ownership": "D"}, {"maxAge": 1, "shares": 2962674, "filerUrl": "", "transactionText": "", "filerName": "Life Insurance Corporation of India", "filerRelation": "Promoter", "moneyText": "", "startDate": "2020-05-18", "ownership": "D"}, {"maxAge": 1, "shares": 608657, "filerUrl": "", "transactionText": "", "filerName": "Bata (BN) B.V.", "filerRelation": "Promoter", "moneyText": "", "startDate": "2013-11-12", "ownership": "D"}, {"maxAge": 1, "shares": 20000, "filerUrl": "", "transactionText": "", "filerName": "Sinha (Priya Mohan)", "filerRelation": "Non Executive Chairman", "moneyText": "", "startDate": "2011-06-17", "ownership": "D"}, {"maxAge": 1, "shares": 1404631, "filerUrl": "", "transactionText": "", "filerName": "Life Insurance Corporation of India", "filerRelation": "Institution- Corporation", "moneyText": "", "startDate": "2010-07-06", "ownership": "D"}], "maxAge": 1}, "quoteType": {"exchange": "NSI", "quoteType": "EQUITY", "symbol": "BATAINDIA.NS", "underlyingSymbol": "BATAINDIA.NS", "shortName": "BATA INDIA", "longName": "Bata India Limited", "firstTradeDateEpochUtc": "2002-07-01 09:15:00", "timeZoneFullName": "Asia/Kolkata", "timeZoneShortName": "IST", "uuid": "56916149-da08-397d-8afe-c24bc3fde7c2", "messageBoardId": "finmb_878655", "gmtOffSetMilliseconds": 19800000, "maxAge": 1}, "incomeStatementHistory": {"incomeStatementHistory": [{"maxAge": 1, "endDate": "2020-03-31", "totalRevenue": 30561140000, "costOfRevenue": 13153660000, "grossProfit": 17407480000, "researchDevelopment": {}, "sellingGeneralAdministrative": 5037110000, "nonRecurring": {}, "otherOperatingExpenses": 4001850000, "totalOperatingExpenses": 25150590000, "operatingIncome": 5410550000, "totalOtherIncomeExpenseNet": -538190000, "ebit": 5410550000, "interestExpense": -1177410000, "incomeBeforeTax": 4872360000, "incomeTaxExpense": 1582830000, "minorityInterest": {}, "netIncomeFromContinuingOps": 3289530000, "discontinuedOperations": {}, "extraordinaryItems": {}, "effectOfAccountingCharges": {}, "otherItems": {}, "netIncome": 3289530000, "netIncomeApplicableToCommonShares": 3289530000}, {"maxAge": 1, "endDate": "2019-03-31", "totalRevenue": 29311030000, "costOfRevenue": 13028670000, "grossProfit": 16282360000, "researchDevelopment": {}, "sellingGeneralAdministrative": 7765300000, "nonRecurring": {}, "otherOperatingExpenses": 3725930000, "totalOperatingExpenses": 25160370000, "operatingIncome": 4150660000, "totalOtherIncomeExpenseNet": 626210000, "ebit": 4150660000, "interestExpense": -35460000, "incomeBeforeTax": 4776870000, "incomeTaxExpense": 1486930000, "minorityInterest": {}, "netIncomeFromContinuingOps": 3289940000, "discontinuedOperations": {}, "extraordinaryItems": {}, "effectOfAccountingCharges": {}, "otherItems": {}, "netIncome": 3289940000, "netIncomeApplicableToCommonShares": 3289940000}, {"maxAge": 1, "endDate": "2018-03-31", "totalRevenue": 26341690000, "costOfRevenue": 12200840000, "grossProfit": 14140850000, "researchDevelopment": {}, "sellingGeneralAdministrative": 6979990000, "nonRecurring": {}, "otherOperatingExpenses": 3630530000, "totalOperatingExpenses": 23415880000, "operatingIncome": 2925810000, "totalOtherIncomeExpenseNet": 444590000, "ebit": 2925810000, "interestExpense": -41980000, "incomeBeforeTax": 3370400000, "incomeTaxExpense": 1165270000, "minorityInterest": {}, "netIncomeFromContinuingOps": 2205130000, "discontinuedOperations": {}, "extraordinaryItems": {}, "effectOfAccountingCharges": {}, "otherItems": {}, "netIncome": 2205130000, "netIncomeApplicableToCommonShares": 2205130000}, {"maxAge": 1, "endDate": "2017-03-31", "totalRevenue": 24742560000, "costOfRevenue": 11713830000, "grossProfit": 13028730000, "researchDevelopment": {}, "sellingGeneralAdministrative": 6537770000, "nonRecurring": {}, "otherOperatingExpenses": 3642480000, "totalOperatingExpenses": 22544440000, "operatingIncome": 2198120000, "totalOtherIncomeExpenseNet": 140520000, "ebit": 2198120000, "interestExpense": -40340000, "incomeBeforeTax": 2338640000, "incomeTaxExpense": 749130000, "minorityInterest": {}, "netIncomeFromContinuingOps": 1589510000, "discontinuedOperations": {}, "extraordinaryItems": {}, "effectOfAccountingCharges": {}, "otherItems": {}, "netIncome": 1589510000, "netIncomeApplicableToCommonShares": 1589510000}], "maxAge": 86400}, "fundOwnership": {"maxAge": 1, "ownershipList": [{"maxAge": 1, "reportDate": "2020-12-31", "organization": "Fiera Cap Ser Tr-Fiera Cap Emerging Markets Fd", "pctHeld": 0.0084, "position": 1074206, "value": 1696869507}, {"maxAge": 1, "reportDate": "2021-02-28", "organization": "American Century Emerging Markets", "pctHeld": 0.005, "position": 643473, "value": 925442868}, {"maxAge": 1, "reportDate": "2021-03-31", "organization": "iShares Core MSCI Emerging Markets ETF", "pctHeld": 0.0041, "position": 526361, "value": 740168838}, {"maxAge": 1, "reportDate": "2021-01-31", "organization": "Vanguard International Stock Index-Emerging Markets Stk", "pctHeld": 0.004, "position": 515745, "value": 774287968}, {"maxAge": 1, "reportDate": "2021-01-31", "organization": "Vanguard International Stock Index-Total Intl Stock Indx", "pctHeld": 0.0036000002, "position": 468996, "value": 704103694}, {"maxAge": 1, "reportDate": "2021-01-31", "organization": "DFA Emerging Markets Core Equity Portfolio", "pctHeld": 0.0013, "position": 166022, "value": 249248828}, {"maxAge": 1, "reportDate": "2021-01-31", "organization": "DFA Emerging Markets Small Cap Series", "pctHeld": 0.001, "position": 133975, "value": 201136667}, {"maxAge": 1, "reportDate": "2021-03-31", "organization": "iShares MSCI India Small Cap ETF", "pctHeld": 0.0008, "position": 108080, "value": 151982096}, {"maxAge": 1, "reportDate": "2021-03-31", "organization": "iShares Core MSCI Total International Stock ETF", "pctHeld": 0.0007, "position": 87758, "value": 123405299}, {"maxAge": 1, "reportDate": "2021-01-31", "organization": "Vanguard Intl Equity Index Fds-FTSE All World ex U.S. Index Fund", "pctHeld": 0.00059999997, "position": 71399, "value": 107191318}]}, "summaryDetail": {"maxAge": 1, "priceHint": 2, "previousClose": 1350.5, "open": 1335.0, "dayLow": 1335.0, "dayHigh": 1382.45, "regularMarketPreviousClose": 1350.5, "regularMarketOpen": 1335.0, "regularMarketDayLow": 1335.0, "regularMarketDayHigh": 1382.45, "dividendRate": 4.0, "dividendYield": 0.003, "exDividendDate": "2020-07-29 05:30:00", "fiveYearAvgDividendYield": 0.46, "beta": 0.642759, "volume": 822200, "regularMarketVolume": 822200, "averageVolume": 656474, "averageVolume10days": 674972, "averageDailyVolume10Day": 674972, "bid": 0.0, "ask": 0.0, "bidSize": 0, "askSize": 0, "marketCap": 176246030336, "fiftyTwoWeekLow": 1213.8, "fiftyTwoWeekHigh": 1681.95, "priceToSalesTrailing12Months": 10.134044, "fiftyDayAverage": 1390.164, "twoHundredDayAverage": 1473.1366, "trailingAnnualDividendRate": 4.0, "trailingAnnualDividendYield": 0.002961866, "currency": "INR", "fromCurrency": null, "toCurrency": null, "lastMarket": null, "algorithm": null, "tradeable": false}, "incomeStatementHistoryQuarterly": {"incomeStatementHistory": [{"maxAge": 1, "endDate": "2020-12-31", "totalRevenue": 6156250000, "costOfRevenue": 2980030000, "grossProfit": 3176220000, "researchDevelopment": {}, "sellingGeneralAdministrative": 1008130000, "nonRecurring": {}, "otherOperatingExpenses": 1075940000, "totalOperatingExpenses": 5716510000, "operatingIncome": 439740000, "totalOtherIncomeExpenseNet": -78480000, "ebit": 439740000, "interestExpense": -250160000, "incomeBeforeTax": 361260000, "incomeTaxExpense": 97090000, "minorityInterest": {}, "netIncomeFromContinuingOps": 264170000, "discontinuedOperations": {}, "extraordinaryItems": {}, "effectOfAccountingCharges": {}, "otherItems": {}, "netIncome": 264170000, "netIncomeApplicableToCommonShares": 264170000}, {"maxAge": 1, "endDate": "2020-09-30", "totalRevenue": 3678730000, "costOfRevenue": 1824720000, "grossProfit": 1854010000, "researchDevelopment": {}, "sellingGeneralAdministrative": 827250000, "nonRecurring": {}, "otherOperatingExpenses": 845300000, "totalOperatingExpenses": 4141910000, "operatingIncome": -463180000, "totalOtherIncomeExpenseNet": -120910000, "ebit": -463180000, "interestExpense": -265350000, "incomeBeforeTax": -584090000, "incomeTaxExpense": -140930000, "minorityInterest": {}, "netIncomeFromContinuingOps": -443160000, "discontinuedOperations": {}, "extraordinaryItems": {}, "effectOfAccountingCharges": {}, "otherItems": {}, "netIncome": -443160000, "netIncomeApplicableToCommonShares": -443160000}, {"maxAge": 1, "endDate": "2020-06-30", "totalRevenue": 1350750000, "costOfRevenue": 803290000, "grossProfit": 547460000, "researchDevelopment": {}, "sellingGeneralAdministrative": 847620000, "nonRecurring": {}, "otherOperatingExpenses": 558490000, "totalOperatingExpenses": 2940170000, "operatingIncome": -1589420000, "totalOtherIncomeExpenseNet": 242050000, "ebit": -1589420000, "interestExpense": -278370000, "incomeBeforeTax": -1347370000, "incomeTaxExpense": -338520000, "minorityInterest": {}, "netIncomeFromContinuingOps": -1008850000, "discontinuedOperations": {}, "extraordinaryItems": {}, "effectOfAccountingCharges": {}, "otherItems": {}, "netIncome": -1008850000, "netIncomeApplicableToCommonShares": -1008850000}, {"maxAge": 1, "endDate": "2020-03-31", "totalRevenue": 6205750000, "costOfRevenue": 2744080000, "grossProfit": 3461670000, "researchDevelopment": {}, "sellingGeneralAdministrative": 1857250000, "nonRecurring": {}, "otherOperatingExpenses": 160090000, "totalOperatingExpenses": 5475880000, "operatingIncome": 729870000, "totalOtherIncomeExpenseNet": -147990000, "ebit": 729870000, "interestExpense": -271200000, "incomeBeforeTax": 581880000, "incomeTaxExpense": 197810000, "minorityInterest": {}, "netIncomeFromContinuingOps": 384070000, "discontinuedOperations": {}, "extraordinaryItems": {}, "effectOfAccountingCharges": {}, "otherItems": {}, "netIncome": 384070000, "netIncomeApplicableToCommonShares": 384070000}], "maxAge": 86400}, "cashflowStatementHistoryQuarterly": {"cashflowStatements": [{"maxAge": 1, "endDate": "2020-12-31", "netIncome": 264170000, "changeToLiabilities": 0}, {"maxAge": 1, "endDate": "2020-09-30", "netIncome": -443160000, "changeToLiabilities": 0}, {"maxAge": 1, "endDate": "2020-06-30", "netIncome": -1008850000, "changeToLiabilities": 0}, {"maxAge": 1, "endDate": "2020-03-31", "netIncome": 384070000, "changeToLiabilities": 0}], "maxAge": 86400}, "insiderHolders": {"holders": [{"maxAge": 1, "name": "Bata (BN) B.V.", "relation": "Promoter", "url": "", "transactionDescription": "Acquisition", "latestTransDate": "2013-11-12", "positionDirect": 34032757, "positionDirectDate": "2013-11-12"}, {"maxAge": 1, "name": "Life Insurance Corporation of India", "relation": "Promoter", "url": "", "transactionDescription": "Acquisition", "latestTransDate": "2021-03-31", "positionDirect": 10931762, "positionDirectDate": "2021-03-31"}, {"maxAge": 1, "name": "Sinha (Priya Mohan)", "relation": "Non Executive Chairman", "url": "", "transactionDescription": "Sale", "latestTransDate": "2011-06-17", "positionDirect": 208, "positionDirectDate": "2011-06-17"}], "maxAge": 1}, "calendarEvents": {"maxAge": 1, "earnings": {"earningsDate": []}, "exDividendDate": "2020-07-29 05:30:00"}, "price": {"maxAge": 1, "regularMarketChangePercent": 0.014105922, "regularMarketChange": 19.050049, "regularMarketTime": "2021-04-30 15:29:54", "priceHint": 2, "regularMarketPrice": 1369.55, "regularMarketDayHigh": 1382.45, "regularMarketDayLow": 1335.0, "regularMarketVolume": 822200, "averageDailyVolume10Day": 674972, "averageDailyVolume3Month": 656474, "regularMarketPreviousClose": 1350.5, "regularMarketSource": "FREE_REALTIME", "regularMarketOpen": 1335.0, "exchange": "NSI", "exchangeName": "NSE", "exchangeDataDelayedBy": 15, "marketState": "CLOSED", "quoteType": "EQUITY", "symbol": "BATAINDIA.NS", "underlyingSymbol": null, "shortName": "BATA INDIA", "longName": "Bata India Limited", "currency": "INR", "quoteSourceName": "Delayed Quote", "currencySymbol": "\u20b9", "fromCurrency": null, "toCurrency": null, "lastMarket": null, "marketCap": 176246030336}, "balanceSheetHistory": {"balanceSheetStatements": [{"maxAge": 1, "endDate": "2020-03-31", "cash": 152110000, "shortTermInvestments": 9456070000, "netReceivables": 1499860000, "inventory": 8736810000, "otherCurrentAssets": 83400000, "totalCurrentAssets": 20032270000, "longTermInvestments": 21750000, "propertyPlantEquipment": 13822580000, "intangibleAssets": 70380000, "otherAssets": 3377610000, "deferredLongTermAssetCharges": 1109860000, "totalAssets": 37324590000, "accountsPayable": 5033910000, "otherCurrentLiab": 686360000, "otherLiab": 25070000, "totalCurrentLiabilities": 8006780000, "totalLiab": 18385310000, "commonStock": 642640000, "retainedEarnings": 17795280000, "capitalSurplus": 501360000, "totalStockholderEquity": 18939280000, "netTangibleAssets": 18868900000}, {"maxAge": 1, "endDate": "2019-03-31", "cash": 585790000, "shortTermInvestments": 7787940000, "netReceivables": 1413120000, "inventory": 8393670000, "otherCurrentAssets": 69280000, "totalCurrentAssets": 18404870000, "longTermInvestments": 21420000, "propertyPlantEquipment": 3299680000, "intangibleAssets": 37880000, "otherAssets": 2976990000, "deferredLongTermAssetCharges": 1098500000, "totalAssets": 24740840000, "accountsPayable": 5157780000, "otherCurrentLiab": 894450000, "otherLiab": 1025170000, "totalCurrentLiabilities": 6297230000, "totalLiab": 7322400000, "commonStock": 642640000, "retainedEarnings": 16274440000, "capitalSurplus": 501360000, "totalStockholderEquity": 17418440000, "netTangibleAssets": 17380560000}, {"maxAge": 1, "endDate": "2018-03-31", "cash": 545110000, "shortTermInvestments": 5344910000, "netReceivables": 1797200000, "inventory": 7651720000, "otherCurrentAssets": 45650000, "totalCurrentAssets": 15548950000, "longTermInvestments": 640000, "propertyPlantEquipment": 3069900000, "intangibleAssets": 15540000, "otherAssets": 2779040000, "deferredLongTermAssetCharges": 1054800000, "totalAssets": 21414070000, "accountsPayable": 4797850000, "otherCurrentLiab": 666490000, "otherLiab": 1059320000, "totalCurrentLiabilities": 5607840000, "totalLiab": 6667160000, "commonStock": 642640000, "retainedEarnings": 13602910000, "capitalSurplus": 501360000, "totalStockholderEquity": 14746910000, "netTangibleAssets": 14731370000}, {"maxAge": 1, "endDate": "2017-03-31", "cash": 617800000, "shortTermInvestments": 4589700000, "netReceivables": 1090760000, "inventory": 7137970000, "otherCurrentAssets": 39630000, "totalCurrentAssets": 13619110000, "longTermInvestments": 14200000, "propertyPlantEquipment": 2907930000, "intangibleAssets": 69940000, "otherAssets": 2620200000, "deferredLongTermAssetCharges": 1005420000, "totalAssets": 19231380000, "accountsPayable": 4084470000, "otherCurrentLiab": 631660000, "otherLiab": 1039710000, "totalCurrentLiabilities": 4948440000, "totalLiab": 5988150000, "commonStock": 642640000, "retainedEarnings": 12099230000, "capitalSurplus": 501360000, "totalStockholderEquity": 13243230000, "netTangibleAssets": 13173290000}], "maxAge": 86400}, "financialData": {"maxAge": 86400, "currentPrice": 1369.55, "recommendationKey": "none", "totalCash": 8016480256, "totalCashPerShare": 62.513, "ebitda": -731302528, "totalDebt": 10974910464, "totalRevenue": 17391480832, "debtToEquity": 64.6, "revenuePerShare": 135.273, "grossProfits": 17407480000, "earningsGrowth": -0.776, "revenueGrowth": -0.259, "grossMargins": 0.51976, "ebitdaMargins": -0.04205, "operatingMargins": -0.078099996, "profitMargins": -0.04622, "financialCurrency": "INR"}}}