{"BATLIBOI.BO": {"cashflowStatementHistory": {"cashflowStatements": [{"maxAge": 1, "endDate": "2020-03-31", "netIncome": -158682000, "depreciation": 57142000, "changeToNetincome": 56163000, "changeToAccountReceivables": 69233000, "changeToLiabilities": 102220000, "changeToInventory": 9508000, "changeToOperatingActivities": -28634000, "totalCashFromOperatingActivities": 107257000, "capitalExpenditures": -17375000, "investments": -470000, "otherCashflowsFromInvestingActivities": 721000, "totalCashflowsFromInvestingActivities": -16594000, "netBorrowings": 4327000, "otherCashflowsFromFinancingActivities": -73448000, "totalCashFromFinancingActivities": -69121000, "changeInCash": 21542000}, {"maxAge": 1, "endDate": "2019-03-31", "netIncome": 128782000, "depreciation": 41067000, "changeToNetincome": -74667000, "changeToAccountReceivables": 75681000, "changeToLiabilities": -111613000, "changeToInventory": -45413000, "changeToOperatingActivities": 3587000, "totalCashFromOperatingActivities": 17564000, "capitalExpenditures": -21955000, "investments": 29009000, "otherCashflowsFromInvestingActivities": 1023000, "totalCashflowsFromInvestingActivities": 8485000, "netBorrowings": 65014000, "otherCashflowsFromFinancingActivities": -61338000, "totalCashFromFinancingActivities": 3676000, "changeInCash": 29725000}, {"maxAge": 1, "endDate": "2018-03-31", "netIncome": -103610000, "depreciation": 47876000, "changeToNetincome": 80801000, "changeToAccountReceivables": -221975000, "changeToLiabilities": 211458000, "changeToInventory": -2887000, "changeToOperatingActivities": 3587000, "totalCashFromOperatingActivities": 11663000, "capitalExpenditures": -21955000, "investments": 29009000, "otherCashflowsFromInvestingActivities": 1429000, "totalCashflowsFromInvestingActivities": -10081000, "netBorrowings": 21667000, "otherCashflowsFromFinancingActivities": -50391000, "totalCashFromFinancingActivities": -28724000, "changeInCash": -27142000}, {"maxAge": 1, "endDate": "2017-03-31", "netIncome": -135180000, "depreciation": 52876000, "changeToNetincome": 4513000, "changeToAccountReceivables": 99695000, "changeToLiabilities": -223296000, "changeToInventory": 108266000, "changeToOperatingActivities": 3587000, "totalCashFromOperatingActivities": -93126000, "capitalExpenditures": -21955000, "investments": 29009000, "otherCashflowsFromInvestingActivities": 1306000, "totalCashflowsFromInvestingActivities": 97997000, "netBorrowings": 39586000, "otherCashflowsFromFinancingActivities": -46962000, "totalCashFromFinancingActivities": -7376000, "changeInCash": -2505000}], "maxAge": 86400}, "institutionOwnership": {"ownershipList": [], "maxAge": 1}, "balanceSheetHistoryQuarterly": {"balanceSheetStatements": [{"maxAge": 1, "endDate": "2020-06-30", "totalStockholderEquity": 1199311000, "netTangibleAssets": 1193604000}, {"maxAge": 1, "endDate": "2020-03-31", "cash": 80363000, "shortTermInvestments": 9461000, "netReceivables": 254258000, "inventory": 364001000, "otherCurrentAssets": 241499000, "totalCurrentAssets": 963195000, "longTermInvestments": 527000, "propertyPlantEquipment": 2013789000, "intangibleAssets": 5707000, "otherAssets": 34382000, "totalAssets": 3017600000, "accountsPayable": 440642000, "shortLongTermDebt": 49481000, "otherCurrentLiab": 307226000, "longTermDebt": 395500000, "otherLiab": 242593000, "totalCurrentLiabilities": 1164326000, "totalLiab": 1818289000, "commonStock": 143579000, "retainedEarnings": 992533000, "treasuryStock": 23540000, "capitalSurplus": 39659000, "otherStockholderEquity": 23540000, "totalStockholderEquity": 1199311000, "netTangibleAssets": 1193604000}, {"maxAge": 1, "endDate": "2019-12-31", "totalStockholderEquity": 1303507000, "netTangibleAssets": 1297190000}, {"maxAge": 1, "endDate": "2019-09-30", "cash": 40152000, "shortTermInvestments": 58389000, "netReceivables": 275998000, "inventory": 344625000, "otherCurrentAssets": 183679000, "totalCurrentAssets": 902843000, "longTermInvestments": 527000, "propertyPlantEquipment": 2016231000, "intangibleAssets": 6317000, "otherAssets": 39271000, "totalAssets": 2965189000, "accountsPayable": 349305000, "otherCurrentLiab": 329335000, "longTermDebt": 316469000, "otherLiab": 255588000, "totalCurrentLiabilities": 1080113000, "totalLiab": 1661682000, "commonStock": 143579000, "treasuryStock": 1159928000, "otherStockholderEquity": 1159928000, "totalStockholderEquity": 1303507000, "netTangibleAssets": 1297190000}], "maxAge": 86400}, "indexTrend": {"maxAge": 1, "symbol": "SP5", "peRatio": 19.7411, "pegRatio": 1.34172, "estimates": [{"period": "0q", "growth": 0.549}, {"period": "+1q", "growth": 0.431}, {"period": "0y", "growth": 0.305}, {"period": "+1y", "growth": 0.109}, {"period": "+5y", "growth": 0.120859005}, {"period": "-5y"}]}, "insiderTransactions": {"transactions": [{"maxAge": 1, "shares": 2500000, "filerUrl": "", "transactionText": "", "filerName": "Bhogilal (Nirmal Pratap)", "filerRelation": "Promoter", "moneyText": "", "startDate": "2018-07-11", "ownership": "D"}, {"maxAge": 1, "shares": 2500000, "filerUrl": "", "transactionText": "", "filerName": "Bhogilal Family Trust", "filerRelation": "Institution- Corporation", "moneyText": "", "startDate": "2018-07-11", "ownership": "D"}, {"maxAge": 1, "shares": 4500000, "filerUrl": "", "transactionText": "", "filerName": "Bhogilal (Nirmal Pratap)", "filerRelation": "Promoter", "moneyText": "", "startDate": "2017-03-30", "ownership": "D"}, {"maxAge": 1, "shares": 4500000, "filerUrl": "", "transactionText": "", "filerName": "Bhogilal Family Trust", "filerRelation": "Institution- Corporation", "moneyText": "", "startDate": "2017-03-30", "ownership": "D"}], "maxAge": 1}, "quoteType": {"exchange": "BSE", "quoteType": "EQUITY", "symbol": "BATLIBOI.BO", "underlyingSymbol": "BATLIBOI.BO", "shortName": "BATLIBOI LTD.", "longName": "Batliboi Limited", "firstTradeDateEpochUtc": "2002-07-01 09:15:00", "timeZoneFullName": "Asia/Kolkata", "timeZoneShortName": "IST", "uuid": "dd1382b2-6cee-3ef1-a600-28b86ef1a151", "gmtOffSetMilliseconds": 19800000, "maxAge": 1}, "incomeStatementHistory": {"incomeStatementHistory": [{"maxAge": 1, "endDate": "2020-03-31", "totalRevenue": 1952709000, "costOfRevenue": 1095797000, "grossProfit": 856912000, "researchDevelopment": {}, "sellingGeneralAdministrative": 526233000, "nonRecurring": {}, "otherOperatingExpenses": 396141000, "totalOperatingExpenses": 2075620000, "operatingIncome": -122911000, "totalOtherIncomeExpenseNet": -52423000, "ebit": -122911000, "interestExpense": -70902000, "incomeBeforeTax": -175334000, "incomeTaxExpense": -16652000, "minorityInterest": {}, "netIncomeFromContinuingOps": -158682000, "discontinuedOperations": {}, "extraordinaryItems": {}, "effectOfAccountingCharges": {}, "otherItems": {}, "netIncome": -158682000, "netIncomeApplicableToCommonShares": -158682000}, {"maxAge": 1, "endDate": "2019-03-31", "totalRevenue": 2489183000, "costOfRevenue": 1372145000, "grossProfit": 1117038000, "researchDevelopment": {}, "sellingGeneralAdministrative": 531080000, "nonRecurring": {}, "otherOperatingExpenses": 529317000, "totalOperatingExpenses": 2473749000, "operatingIncome": 15434000, "totalOtherIncomeExpenseNet": -21748000, "ebit": 15434000, "interestExpense": -62877000, "incomeBeforeTax": -6314000, "incomeTaxExpense": -135096000, "minorityInterest": {}, "netIncomeFromContinuingOps": 128782000, "discontinuedOperations": {}, "extraordinaryItems": {}, "effectOfAccountingCharges": {}, "otherItems": {}, "netIncome": 128782000, "netIncomeApplicableToCommonShares": 128782000}, {"maxAge": 1, "endDate": "2018-03-31", "totalRevenue": 2112183000, "costOfRevenue": 1166869000, "grossProfit": 945314000, "researchDevelopment": {}, "sellingGeneralAdministrative": 513006000, "nonRecurring": {}, "otherOperatingExpenses": 430135000, "totalOperatingExpenses": 2157886000, "operatingIncome": -45703000, "totalOtherIncomeExpenseNet": -43371000, "ebit": -45703000, "interestExpense": -51758000, "incomeBeforeTax": -89074000, "incomeTaxExpense": 14536000, "minorityInterest": {}, "netIncomeFromContinuingOps": -103610000, "discontinuedOperations": {}, "extraordinaryItems": {}, "effectOfAccountingCharges": {}, "otherItems": {}, "netIncome": -103610000, "netIncomeApplicableToCommonShares": -103610000}, {"maxAge": 1, "endDate": "2017-03-31", "totalRevenue": 2043380000, "costOfRevenue": 1151867000, "grossProfit": 891513000, "researchDevelopment": {}, "sellingGeneralAdministrative": 528078000, "nonRecurring": {}, "otherOperatingExpenses": 417478000, "totalOperatingExpenses": 2150299000, "operatingIncome": -106919000, "totalOtherIncomeExpenseNet": -64433000, "ebit": -106919000, "interestExpense": -50472000, "incomeBeforeTax": -171352000, "incomeTaxExpense": -36172000, "minorityInterest": {}, "netIncomeFromContinuingOps": -135180000, "discontinuedOperations": {}, "extraordinaryItems": {}, "effectOfAccountingCharges": {}, "otherItems": {}, "netIncome": -135180000, "netIncomeApplicableToCommonShares": -135180000}], "maxAge": 86400}, "fundOwnership": {"ownershipList": [], "maxAge": 1}, "summaryDetail": {"maxAge": 1, "priceHint": 2, "previousClose": 18.0, "open": 17.55, "dayLow": 17.15, "dayHigh": 18.3, "regularMarketPreviousClose": 18.0, "regularMarketOpen": 17.55, "regularMarketDayLow": 17.15, "regularMarketDayHigh": 18.3, "volume": 3935, "regularMarketVolume": 3935, "averageVolume": 16255, "averageVolume10days": 4206, "averageDailyVolume10Day": 4206, "bid": 17.2, "ask": 17.8, "bidSize": 0, "askSize": 0, "marketCap": 498220864, "fiftyTwoWeekLow": 4.56, "fiftyTwoWeekHigh": 18.3, "fiftyDayAverage": 14.578788, "twoHundredDayAverage": 10.225294, "currency": "INR", "fromCurrency": null, "lastMarket": null, "algorithm": null, "tradeable": false}, "incomeStatementHistoryQuarterly": {"incomeStatementHistory": [{"maxAge": 1, "endDate": "2020-06-30", "totalRevenue": 387858000, "costOfRevenue": 230090000, "grossProfit": 157768000, "researchDevelopment": {}, "sellingGeneralAdministrative": 93776000, "nonRecurring": {}, "otherOperatingExpenses": 59563000, "totalOperatingExpenses": 396587000, "operatingIncome": -8729000, "totalOtherIncomeExpenseNet": -12360000, "ebit": -8729000, "interestExpense": -18887000, "incomeBeforeTax": -21089000, "incomeTaxExpense": -5741000, "minorityInterest": {}, "netIncomeFromContinuingOps": -15348000, "discontinuedOperations": {}, "extraordinaryItems": {}, "effectOfAccountingCharges": {}, "otherItems": {}, "netIncome": -15348000, "netIncomeApplicableToCommonShares": -15348000}, {"maxAge": 1, "endDate": "2020-03-31", "totalRevenue": 461239000, "costOfRevenue": 315947000, "grossProfit": 145292000, "researchDevelopment": {}, "sellingGeneralAdministrative": 144457000, "nonRecurring": {}, "otherOperatingExpenses": 67539000, "totalOperatingExpenses": 544070000, "operatingIncome": -82831000, "totalOtherIncomeExpenseNet": -8304000, "ebit": -82831000, "interestExpense": -6352000, "incomeBeforeTax": -91135000, "incomeTaxExpense": -8490000, "minorityInterest": {}, "netIncomeFromContinuingOps": -82645000, "discontinuedOperations": {}, "extraordinaryItems": {}, "effectOfAccountingCharges": {}, "otherItems": {}, "netIncome": -82645000, "netIncomeApplicableToCommonShares": -82645000}, {"maxAge": 1, "endDate": "2019-12-31", "totalRevenue": 510370000, "costOfRevenue": 250720000, "grossProfit": 259650000, "researchDevelopment": {}, "sellingGeneralAdministrative": 132233000, "nonRecurring": {}, "otherOperatingExpenses": 97949000, "totalOperatingExpenses": 495351000, "operatingIncome": 15019000, "totalOtherIncomeExpenseNet": -16167000, "ebit": 15019000, "interestExpense": -21052000, "incomeBeforeTax": -1148000, "incomeTaxExpense": 2099000, "minorityInterest": {}, "netIncomeFromContinuingOps": -3247000, "discontinuedOperations": {}, "extraordinaryItems": {}, "effectOfAccountingCharges": {}, "otherItems": {}, "netIncome": -3247000, "netIncomeApplicableToCommonShares": -3247000}, {"maxAge": 1, "endDate": "2019-09-30", "totalRevenue": 478574000, "costOfRevenue": 270546000, "grossProfit": 208028000, "researchDevelopment": {}, "sellingGeneralAdministrative": 127465000, "nonRecurring": {}, "otherOperatingExpenses": 111998000, "totalOperatingExpenses": 523647000, "operatingIncome": -45073000, "totalOtherIncomeExpenseNet": -9878000, "ebit": -45073000, "interestExpense": -20528000, "incomeBeforeTax": -54951000, "incomeTaxExpense": -4703000, "minorityInterest": {}, "netIncomeFromContinuingOps": -50248000, "discontinuedOperations": {}, "extraordinaryItems": {}, "effectOfAccountingCharges": {}, "otherItems": {}, "netIncome": -50248000, "netIncomeApplicableToCommonShares": -50248000}], "maxAge": 86400}, "cashflowStatementHistoryQuarterly": {"cashflowStatements": [{"maxAge": 1, "endDate": "2020-06-30", "netIncome": -15348000, "changeToLiabilities": 0}, {"maxAge": 1, "endDate": "2020-03-31", "netIncome": -82645000, "changeToLiabilities": 0}, {"maxAge": 1, "endDate": "2019-12-31", "netIncome": -3247000, "changeToLiabilities": 0}, {"maxAge": 1, "endDate": "2019-09-30", "netIncome": -50248000, "changeToLiabilities": 0}], "maxAge": 86400}, "insiderHolders": {"holders": [{"maxAge": 1, "name": "Bhogilal (Nirmal Pratap)", "relation": "Promoter", "url": "", "transactionDescription": "Sale", "latestTransDate": "2018-07-11", "positionDirect": 11729713, "positionDirectDate": "2018-07-11"}, {"maxAge": 1, "name": "Bhogilal Family Trust", "relation": "Institution- Corporation", "url": "", "transactionDescription": "Purchase", "latestTransDate": "2018-07-11", "positionDirect": 7000000, "positionDirectDate": "2018-07-11"}], "maxAge": 1}, "calendarEvents": {"maxAge": 1, "earnings": {"earningsDate": []}}, "upgradeDowngradeHistory": {"history": [], "maxAge": 86400}, "price": {"maxAge": 1, "regularMarketChangePercent": -0.03611109, "regularMarketChange": -0.6499996, "regularMarketTime": "2021-04-30 15:23:23", "priceHint": 2, "regularMarketPrice": 17.35, "regularMarketDayHigh": 18.3, "regularMarketDayLow": 17.15, "regularMarketVolume": 3935, "averageDailyVolume10Day": 4206, "averageDailyVolume3Month": 16255, "regularMarketPreviousClose": 18.0, "regularMarketSource": "FREE_REALTIME", "regularMarketOpen": 17.55, "exchange": "BSE", "exchangeName": "BSE", "exchangeDataDelayedBy": 0, "marketState": "CLOSED", "quoteType": "EQUITY", "symbol": "BATLIBOI.BO", "underlyingSymbol": null, "shortName": "BATLIBOI LTD.", "longName": "Batliboi Limited", "currency": "INR", "quoteSourceName": "Delayed Quote", "currencySymbol": "\u20b9", "fromCurrency": null, "lastMarket": null, "marketCap": 498220864}, "balanceSheetHistory": {"balanceSheetStatements": [{"maxAge": 1, "endDate": "2020-03-31", "cash": 80363000, "shortTermInvestments": 9461000, "netReceivables": 254258000, "inventory": 364001000, "otherCurrentAssets": 241499000, "totalCurrentAssets": 963195000, "longTermInvestments": 527000, "propertyPlantEquipment": 2013789000, "intangibleAssets": 5707000, "otherAssets": 34382000, "totalAssets": 3017600000, "accountsPayable": 440642000, "shortLongTermDebt": 49481000, "otherCurrentLiab": 307226000, "longTermDebt": 395500000, "otherLiab": 242593000, "totalCurrentLiabilities": 1164326000, "totalLiab": 1818289000, "commonStock": 143579000, "retainedEarnings": 992533000, "treasuryStock": 23540000, "capitalSurplus": 39659000, "otherStockholderEquity": 23540000, "totalStockholderEquity": 1199311000, "netTangibleAssets": 1193604000}, {"maxAge": 1, "endDate": "2019-03-31", "cash": 58821000, "shortTermInvestments": 9274000, "netReceivables": 335236000, "inventory": 373509000, "otherCurrentAssets": 223230000, "totalCurrentAssets": 1012170000, "longTermInvestments": 527000, "propertyPlantEquipment": 2011660000, "intangibleAssets": 8582000, "otherAssets": 32201000, "totalAssets": 3065140000, "accountsPayable": 410754000, "shortLongTermDebt": 4220000, "otherCurrentLiab": 210181000, "longTermDebt": 321070000, "otherLiab": 270798000, "totalCurrentLiabilities": 1104258000, "totalLiab": 1696126000, "commonStock": 143579000, "retainedEarnings": 1151215000, "treasuryStock": 34561000, "capitalSurplus": 39659000, "otherStockholderEquity": 34561000, "totalStockholderEquity": 1369014000, "netTangibleAssets": 1360432000}, {"maxAge": 1, "endDate": "2018-03-31", "cash": 29096000, "shortTermInvestments": 10589000, "netReceivables": 442267000, "inventory": 328096000, "otherCurrentAssets": 67746000, "totalCurrentAssets": 895196000, "longTermInvestments": 527000, "propertyPlantEquipment": 2215653000, "intangibleAssets": 2597000, "otherAssets": 21537000, "totalAssets": 3135510000, "accountsPayable": 471263000, "shortLongTermDebt": 3877000, "otherCurrentLiab": 236513000, "longTermDebt": 322414000, "otherLiab": 410126000, "totalCurrentLiabilities": 1164251000, "totalLiab": 1896791000, "commonStock": 143579000, "retainedEarnings": 1022435000, "treasuryStock": 33046000, "capitalSurplus": 39659000, "otherStockholderEquity": 33046000, "totalStockholderEquity": 1238719000, "netTangibleAssets": 1236122000}, {"maxAge": 1, "endDate": "2017-03-31", "cash": 56238000, "shortTermInvestments": 19230000, "netReceivables": 234448000, "inventory": 324886000, "otherCurrentAssets": 49438000, "totalCurrentAssets": 685769000, "longTermInvestments": 527000, "propertyPlantEquipment": 2242557000, "intangibleAssets": 4349000, "otherAssets": 41753000, "totalAssets": 2974955000, "accountsPayable": 236426000, "shortLongTermDebt": 4447000, "otherCurrentLiab": 243342000, "longTermDebt": 335311000, "otherLiab": 373555000, "totalCurrentLiabilities": 881278000, "totalLiab": 1590144000, "commonStock": 143579000, "retainedEarnings": 1121904000, "treasuryStock": 79669000, "capitalSurplus": 39659000, "otherStockholderEquity": 79669000, "totalStockholderEquity": 1384811000, "netTangibleAssets": 1380462000}], "maxAge": 86400}, "financialData": {"maxAge": 86400, "currentPrice": 17.35, "recommendationKey": "none", "grossProfits": 856912000, "financialCurrency": "INR"}}}