{"BAYERCROP.BO": {"recommendationTrend": {"trend": [{"period": "0m", "strongBuy": 0, "buy": 0, "hold": 0, "sell": 0, "strongSell": 0}, {"period": "-1m", "strongBuy": 0, "buy": 0, "hold": 0, "sell": 0, "strongSell": 0}, {"period": "-2m", "strongBuy": 0, "buy": 0, "hold": 0, "sell": 0, "strongSell": 0}, {"period": "-3m", "strongBuy": 0, "buy": 0, "hold": 0, "sell": 0, "strongSell": 0}], "maxAge": 86400}, "cashflowStatementHistory": {"cashflowStatements": [{"maxAge": 1, "endDate": "2020-03-31", "netIncome": 4745000000, "depreciation": 637000000, "changeToNetincome": 980000000, "changeToAccountReceivables": -205000000, "changeToLiabilities": -1691000000, "changeToInventory": 1644000000, "changeToOperatingActivities": 533000000, "totalCashFromOperatingActivities": 6659000000, "capitalExpenditures": -413000000, "investments": -400000000, "otherCashflowsFromInvestingActivities": 390000000, "totalCashflowsFromInvestingActivities": -289000000, "dividendsPaid": -1015000000, "netBorrowings": -228000000, "otherCashflowsFromFinancingActivities": -240000000, "totalCashFromFinancingActivities": -1483000000, "changeInCash": 4887000000}, {"maxAge": 1, "endDate": "2019-03-31", "netIncome": 3371000000, "depreciation": 412000000, "changeToNetincome": -383000000, "changeToAccountReceivables": 1717000000, "changeToLiabilities": 2503000000, "changeToInventory": -2887000000, "changeToOperatingActivities": -431000000, "totalCashFromOperatingActivities": 4328000000, "capitalExpenditures": -602000000, "investments": -3960000000, "otherCashflowsFromInvestingActivities": 358000000, "totalCashflowsFromInvestingActivities": -4147000000, "dividendsPaid": -1261000000, "netBorrowings": -228000000, "otherCashflowsFromFinancingActivities": -322000000, "totalCashFromFinancingActivities": -1583000000, "changeInCash": -1402000000}, {"maxAge": 1, "endDate": "2018-03-31", "netIncome": 3001000000, "depreciation": 305000000, "changeToNetincome": 130000000, "changeToAccountReceivables": -1034000000, "changeToLiabilities": -95000000, "changeToInventory": 107000000, "changeToOperatingActivities": -1226000000, "totalCashFromOperatingActivities": 1214000000, "capitalExpenditures": -437000000, "investments": 500000000, "otherCashflowsFromInvestingActivities": 302000000, "totalCashflowsFromInvestingActivities": 383000000, "dividendsPaid": -599000000, "netBorrowings": -228000000, "otherCashflowsFromFinancingActivities": -163000000, "totalCashFromFinancingActivities": -5811000000, "changeInCash": -4214000000, "repurchaseOfStock": -5049000000}, {"maxAge": 1, "endDate": "2017-03-31", "netIncome": 2910000000, "depreciation": 273000000, "changeToNetincome": -143000000, "changeToAccountReceivables": -1610000000, "changeToLiabilities": 846000000, "changeToInventory": -1166000000, "changeToOperatingActivities": 447000000, "totalCashFromOperatingActivities": 1573000000, "capitalExpenditures": -551000000, "investments": -127000000, "otherCashflowsFromInvestingActivities": 536000000, "totalCashflowsFromInvestingActivities": -84000000, "dividendsPaid": -599000000, "netBorrowings": -228000000, "otherCashflowsFromFinancingActivities": -134000000, "totalCashFromFinancingActivities": -733000000, "changeInCash": 756000000, "repurchaseOfStock": -5049000000}], "maxAge": 86400}, "institutionOwnership": {"maxAge": 1, "ownershipList": []}, "balanceSheetHistoryQuarterly": {"balanceSheetStatements": [{"maxAge": 1, "endDate": "2020-06-30", "totalStockholderEquity": 25725000000, "netTangibleAssets": 25185000000}, {"maxAge": 1, "endDate": "2020-03-31", "cash": 10669000000, "netReceivables": 7404000000, "inventory": 9635000000, "otherCurrentAssets": 1972000000, "totalCurrentAssets": 30144000000, "propertyPlantEquipment": 4399000000, "intangibleAssets": 540000000, "otherAssets": 3274000000, "deferredLongTermAssetCharges": 270000000, "totalAssets": 38357000000, "accountsPayable": 4749000000, "otherCurrentLiab": 5261000000, "otherLiab": 1100000000, "totalCurrentLiabilities": 11394000000, "totalLiab": 12632000000, "commonStock": 449000000, "retainedEarnings": 23830000000, "treasuryStock": 52000000, "capitalSurplus": 1394000000, "otherStockholderEquity": 52000000, "totalStockholderEquity": 25725000000, "netTangibleAssets": 25185000000}, {"maxAge": 1, "endDate": "2019-12-31", "totalStockholderEquity": 24167000000, "netTangibleAssets": 23709000000}, {"maxAge": 1, "endDate": "2019-09-30", "cash": 3242000000, "shortTermInvestments": 673000000, "netReceivables": 14523000000, "inventory": 8839000000, "otherCurrentAssets": 2399000000, "totalCurrentAssets": 29676000000, "longTermInvestments": 204000000, "propertyPlantEquipment": 4501000000, "intangibleAssets": 458000000, "otherAssets": 2847000000, "deferredLongTermAssetCharges": 162000000, "totalAssets": 37686000000, "accountsPayable": 3468000000, "otherCurrentLiab": 8093000000, "otherLiab": 1161000000, "totalCurrentLiabilities": 12358000000, "totalLiab": 13519000000, "commonStock": 343000000, "treasuryStock": 23824000000, "otherStockholderEquity": 23824000000, "totalStockholderEquity": 24167000000, "netTangibleAssets": 23709000000}], "maxAge": 86400}, "earningsHistory": {"history": [{"maxAge": 1, "epsActual": 3.12, "epsEstimate": 17.65, "epsDifference": -14.53, "surprisePercent": -0.823, "quarter": "2017-12-31", "period": "-4q"}, {"maxAge": 1, "epsActual": -3.76, "epsEstimate": -1.23, "epsDifference": -2.53, "surprisePercent": -2.057, "quarter": "2018-03-31", "period": "-3q"}, {"maxAge": 1, "epsActual": 42.87, "epsEstimate": 27.75, "epsDifference": 15.12, "surprisePercent": 0.545, "quarter": "2018-06-30", "period": "-2q"}, {"maxAge": 1, "epsActual": 41.56, "epsEstimate": 67.5, "epsDifference": -25.94, "surprisePercent": -0.384, "quarter": "2018-09-30", "period": "-1q"}], "maxAge": 86400}, "indexTrend": {"maxAge": 1, "symbol": "SP5", "peRatio": 19.7411, "pegRatio": 1.34172, "estimates": [{"period": "0q", "growth": 0.549}, {"period": "+1q", "growth": 0.431}, {"period": "0y", "growth": 0.305}, {"period": "+1y", "growth": 0.109}, {"period": "+5y", "growth": 0.120865}, {"period": "-5y"}]}, "industryTrend": {"maxAge": 1, "symbol": null, "estimates": []}, "insiderTransactions": {"transactions": [{"maxAge": 1, "shares": 60000, "filerUrl": "", "transactionText": "", "filerName": "Executive Inn Pvt Ltd", "filerRelation": "Institution- Corporation", "moneyText": "", "startDate": "2019-01-21", "ownership": "D"}], "maxAge": 1}, "quoteType": {"exchange": "BSE", "quoteType": "EQUITY", "symbol": "BAYERCROP.BO", "underlyingSymbol": "BAYERCROP.BO", "shortName": "BAYER CROPSCIENCE LTD.", "longName": "Bayer CropScience Limited", "firstTradeDateEpochUtc": "2002-07-01 09:15:00", "timeZoneFullName": "Asia/Kolkata", "timeZoneShortName": "IST", "uuid": "6bc0b3ba-e072-336a-9e68-609f42f6edf9", "messageBoardId": null, "gmtOffSetMilliseconds": 19800000, "maxAge": 1}, "incomeStatementHistory": {"incomeStatementHistory": [{"maxAge": 1, "endDate": "2020-03-31", "totalRevenue": 36144000000, "costOfRevenue": 19265000000, "grossProfit": 16879000000, "researchDevelopment": {}, "sellingGeneralAdministrative": 5717000000, "nonRecurring": {}, "otherOperatingExpenses": 3734000000, "totalOperatingExpenses": 29369000000, "operatingIncome": 6775000000, "totalOtherIncomeExpenseNet": -944000000, "ebit": 6775000000, "interestExpense": -138000000, "incomeBeforeTax": 5831000000, "incomeTaxExpense": 1086000000, "minorityInterest": {}, "netIncomeFromContinuingOps": 4745000000, "discontinuedOperations": {}, "extraordinaryItems": {}, "effectOfAccountingCharges": {}, "otherItems": {}, "netIncome": 4745000000, "netIncomeApplicableToCommonShares": 4745000000}, {"maxAge": 1, "endDate": "2019-03-31", "totalRevenue": 31754000000, "costOfRevenue": 16779000000, "grossProfit": 14975000000, "researchDevelopment": {}, "sellingGeneralAdministrative": 6004000000, "nonRecurring": {}, "otherOperatingExpenses": 3882000000, "totalOperatingExpenses": 27103000000, "operatingIncome": 4651000000, "totalOtherIncomeExpenseNet": 149000000, "ebit": 4651000000, "interestExpense": -104000000, "incomeBeforeTax": 4800000000, "incomeTaxExpense": 1429000000, "minorityInterest": {}, "netIncomeFromContinuingOps": 3371000000, "discontinuedOperations": {}, "extraordinaryItems": {}, "effectOfAccountingCharges": {}, "otherItems": {}, "netIncome": 3371000000, "netIncomeApplicableToCommonShares": 3371000000}, {"maxAge": 1, "endDate": "2018-03-31", "totalRevenue": 27167000000, "costOfRevenue": 16119000000, "grossProfit": 11048000000, "researchDevelopment": {}, "sellingGeneralAdministrative": 4327000000, "nonRecurring": {}, "otherOperatingExpenses": 2425000000, "totalOperatingExpenses": 23202000000, "operatingIncome": 3965000000, "totalOtherIncomeExpenseNet": 73000000, "ebit": 3965000000, "interestExpense": -113000000, "incomeBeforeTax": 4038000000, "incomeTaxExpense": 1037000000, "minorityInterest": {}, "netIncomeFromContinuingOps": 3001000000, "discontinuedOperations": {}, "extraordinaryItems": {}, "effectOfAccountingCharges": {}, "otherItems": {}, "netIncome": 3001000000, "netIncomeApplicableToCommonShares": 3001000000}, {"maxAge": 1, "endDate": "2017-03-31", "totalRevenue": 28153000000, "costOfRevenue": 16564000000, "grossProfit": 11589000000, "researchDevelopment": {}, "sellingGeneralAdministrative": 4129000000, "nonRecurring": {}, "otherOperatingExpenses": 3068000000, "totalOperatingExpenses": 24050000000, "operatingIncome": 4103000000, "totalOtherIncomeExpenseNet": 376000000, "ebit": 4103000000, "interestExpense": -69000000, "incomeBeforeTax": 4479000000, "incomeTaxExpense": 1569000000, "minorityInterest": {}, "netIncomeFromContinuingOps": 2910000000, "discontinuedOperations": {}, "extraordinaryItems": {}, "effectOfAccountingCharges": {}, "otherItems": {}, "netIncome": 2910000000, "netIncomeApplicableToCommonShares": 2910000000}], "maxAge": 86400}, "fundOwnership": {"maxAge": 1, "ownershipList": [{"maxAge": 1, "reportDate": "2020-07-31", "organization": "Vanguard International Stock Index-Emerging Markets Stk", "pctHeld": 0.0033000002, "position": 148740, "value": 826339944}, {"maxAge": 1, "reportDate": "2020-07-31", "organization": "Vanguard International Stock Index-Total Intl Stock Indx", "pctHeld": 0.0027, "position": 122260, "value": 679227656}, {"maxAge": 1, "reportDate": "2020-07-31", "organization": "iShares Core MSCI Emerging Markets ETF", "pctHeld": 0.002, "position": 91793, "value": 509965190}, {"maxAge": 1, "reportDate": "2020-07-31", "organization": "Vanguard Intl Equity Index Fds-FTSE All World ex U.S.Small Cap Index", "pctHeld": 0.0007, "position": 30131, "value": 167395783}, {"maxAge": 1, "reportDate": "2020-08-31", "organization": "iShares MSCI India Small Cap ETF", "pctHeld": 0.0005, "position": 23856, "value": 138666578}, {"maxAge": 1, "reportDate": "2020-06-30", "organization": "College Retirement Equities Fund-Stock Account", "pctHeld": 0.00029999999, "position": 12388, "value": 73642943}, {"maxAge": 1, "reportDate": "2020-08-31", "organization": "SPDR (R) Idx Shares-SPDR (R) Emerging Markets Small Cap ETF", "pctHeld": 0.0002, "position": 7934, "value": 46117565}, {"maxAge": 1, "reportDate": "2020-07-31", "organization": "DFA Emerging Markets Small Cap Series", "pctHeld": 0.0002, "position": 7704, "value": 42800342}, {"maxAge": 1, "reportDate": "2020-08-31", "organization": "SPDR Portfolio Emerging Markets ETF", "pctHeld": 0.0001, "position": 6588, "value": 38293738}, {"maxAge": 1, "reportDate": "2020-07-31", "organization": "DFA Emerging Markets Core Equity Portfolio", "pctHeld": 0.0001, "position": 4225, "value": 23472410}]}, "summaryDetail": {"maxAge": 1, "priceHint": 2, "previousClose": 5280.3, "open": 5248.05, "dayLow": 5180.0, "dayHigh": 5387.0, "regularMarketPreviousClose": 5280.3, "regularMarketOpen": 5248.05, "regularMarketDayLow": 5180.0, "regularMarketDayHigh": 5387.0, "trailingPE": 40.546707, "forwardPE": 47.893272, "volume": 1536, "regularMarketVolume": 1536, "averageVolume": 2048, "averageVolume10days": 1579, "averageDailyVolume10Day": 1579, "bid": 5255.0, "ask": 5385.0, "bidSize": 0, "askSize": 0, "marketCap": 239586328576, "fiftyTwoWeekLow": 2980.8, "fiftyTwoWeekHigh": 6550.0, "fiftyDayAverage": 5489.1655, "twoHundredDayAverage": 5568.208, "trailingAnnualDividendRate": 25.0, "trailingAnnualDividendYield": 0.0047345795, "currency": "INR", "fromCurrency": null, "toCurrency": null, "lastMarket": null, "algorithm": null, "tradeable": false}, "sectorTrend": {"maxAge": 1, "symbol": null, "estimates": []}, "incomeStatementHistoryQuarterly": {"incomeStatementHistory": [{"maxAge": 1, "endDate": "2020-06-30", "totalRevenue": 12278000000, "costOfRevenue": 6466000000, "grossProfit": 5812000000, "researchDevelopment": {}, "sellingGeneralAdministrative": 938000000, "nonRecurring": {}, "otherOperatingExpenses": 1621000000, "totalOperatingExpenses": 9262000000, "operatingIncome": 3016000000, "totalOtherIncomeExpenseNet": 110000000, "ebit": 3016000000, "interestExpense": -27000000, "incomeBeforeTax": 3126000000, "incomeTaxExpense": 609000000, "minorityInterest": {}, "netIncomeFromContinuingOps": 2517000000, "discontinuedOperations": {}, "extraordinaryItems": {}, "effectOfAccountingCharges": {}, "otherItems": {}, "netIncome": 2517000000, "netIncomeApplicableToCommonShares": 2517000000}, {"maxAge": 1, "endDate": "2020-03-31", "totalRevenue": 4637000000, "costOfRevenue": 2079000000, "grossProfit": 2558000000, "researchDevelopment": {}, "sellingGeneralAdministrative": 3039000000, "nonRecurring": {}, "otherOperatingExpenses": -1227000000, "totalOperatingExpenses": 4082000000, "operatingIncome": 555000000, "totalOtherIncomeExpenseNet": -298000000, "ebit": 555000000, "interestExpense": -26000000, "incomeBeforeTax": 257000000, "incomeTaxExpense": -58000000, "minorityInterest": {}, "netIncomeFromContinuingOps": 315000000, "discontinuedOperations": {}, "extraordinaryItems": {}, "effectOfAccountingCharges": {}, "otherItems": {}, "netIncome": 315000000, "netIncomeApplicableToCommonShares": 315000000}, {"maxAge": 1, "endDate": "2019-12-31", "totalRevenue": 8540000000, "costOfRevenue": 4609000000, "grossProfit": 3931000000, "researchDevelopment": {}, "sellingGeneralAdministrative": 801000000, "nonRecurring": {}, "otherOperatingExpenses": 1527000000, "totalOperatingExpenses": 7086000000, "operatingIncome": 1454000000, "totalOtherIncomeExpenseNet": 187000000, "ebit": 1454000000, "interestExpense": -36000000, "incomeBeforeTax": 1641000000, "incomeTaxExpense": 262000000, "minorityInterest": {}, "netIncomeFromContinuingOps": 1379000000, "discontinuedOperations": {}, "extraordinaryItems": {}, "effectOfAccountingCharges": {}, "otherItems": {}, "netIncome": 1379000000, "netIncomeApplicableToCommonShares": 1379000000}, {"maxAge": 1, "endDate": "2019-09-30", "totalRevenue": 13463000000, "costOfRevenue": 7800000000, "grossProfit": 5663000000, "researchDevelopment": {}, "sellingGeneralAdministrative": 913000000, "nonRecurring": {}, "otherOperatingExpenses": 1689000000, "totalOperatingExpenses": 10575000000, "operatingIncome": 2888000000, "totalOtherIncomeExpenseNet": -732000000, "ebit": 2888000000, "interestExpense": -47000000, "incomeBeforeTax": 2156000000, "incomeTaxExpense": 458000000, "minorityInterest": {}, "netIncomeFromContinuingOps": 1698000000, "discontinuedOperations": {}, "extraordinaryItems": {}, "effectOfAccountingCharges": {}, "otherItems": {}, "netIncome": 1698000000, "netIncomeApplicableToCommonShares": 1698000000}], "maxAge": 86400}, "cashflowStatementHistoryQuarterly": {"cashflowStatements": [{"maxAge": 1, "endDate": "2020-06-30", "netIncome": 2517000000, "changeToLiabilities": 0}, {"maxAge": 1, "endDate": "2020-03-31", "netIncome": 315000000, "changeToLiabilities": 0}, {"maxAge": 1, "endDate": "2019-12-31", "netIncome": 1379000000, "changeToLiabilities": 0}, {"maxAge": 1, "endDate": "2019-09-30", "netIncome": 1698000000, "changeToLiabilities": 0}], "maxAge": 86400}, "insiderHolders": {"holders": [{"maxAge": 1, "name": "Executive Inn Pvt Ltd", "relation": "Institution- Corporation", "url": "", "transactionDescription": "Sale", "latestTransDate": "2019-01-21", "positionDirect": 72000, "positionDirectDate": "2019-01-21"}], "maxAge": 1}, "earnings": {"maxAge": 86400, "earningsChart": {"quarterly": [{"date": "4Q2017", "actual": 3.12, "estimate": 17.65}, {"date": "1Q2018", "actual": -3.76, "estimate": -1.23}, {"date": "2Q2018", "actual": 42.87, "estimate": 27.75}, {"date": "3Q2018", "actual": 41.56, "estimate": 67.5}], "currentQuarterEstimateDate": "4Q", "currentQuarterEstimateYear": 2018, "earningsDate": []}, "financialsChart": {"yearly": [{"date": 2017, "revenue": 28153000000, "earnings": 2910000000}, {"date": 2018, "revenue": 27167000000, "earnings": 3001000000}, {"date": 2019, "revenue": 31754000000, "earnings": 3371000000}, {"date": 2020, "revenue": 36144000000, "earnings": 4745000000}], "quarterly": [{"date": "3Q2019", "revenue": 13463000000, "earnings": 1698000000}, {"date": "4Q2019", "revenue": 8540000000, "earnings": 1379000000}, {"date": "1Q2020", "revenue": 4637000000, "earnings": 315000000}, {"date": "2Q2020", "revenue": 12278000000, "earnings": 2517000000}]}, "financialCurrency": "INR"}, "calendarEvents": {"maxAge": 1, "earnings": {"earningsDate": [], "revenueAverage": 5256000000, "revenueLow": 5256000000, "revenueHigh": 5256000000}}, "price": {"maxAge": 1, "regularMarketChangePercent": 0.009601764, "regularMarketChange": 50.700195, "regularMarketTime": "2021-04-30 15:29:30", "priceHint": 2, "regularMarketPrice": 5331.0, "regularMarketDayHigh": 5387.0, "regularMarketDayLow": 5180.0, "regularMarketVolume": 1536, "averageDailyVolume10Day": 1579, "averageDailyVolume3Month": 2048, "regularMarketPreviousClose": 5280.3, "regularMarketSource": "FREE_REALTIME", "regularMarketOpen": 5248.05, "exchange": "BSE", "exchangeName": "BSE", "exchangeDataDelayedBy": 0, "marketState": "CLOSED", "quoteType": "EQUITY", "symbol": "BAYERCROP.BO", "underlyingSymbol": null, "shortName": "BAYER CROPSCIENCE LTD.", "longName": "Bayer CropScience Limited", "currency": "INR", "quoteSourceName": "Delayed Quote", "currencySymbol": "\u20b9", "fromCurrency": null, "toCurrency": null, "lastMarket": null, "marketCap": 239586328576}, "balanceSheetHistory": {"balanceSheetStatements": [{"maxAge": 1, "endDate": "2020-03-31", "cash": 10669000000, "netReceivables": 7404000000, "inventory": 9635000000, "otherCurrentAssets": 1972000000, "totalCurrentAssets": 30144000000, "propertyPlantEquipment": 4399000000, "intangibleAssets": 540000000, "otherAssets": 3274000000, "deferredLongTermAssetCharges": 270000000, "totalAssets": 38357000000, "accountsPayable": 4749000000, "otherCurrentLiab": 5261000000, "otherLiab": 1100000000, "totalCurrentLiabilities": 11394000000, "totalLiab": 12632000000, "commonStock": 449000000, "retainedEarnings": 23830000000, "treasuryStock": 52000000, "capitalSurplus": 1394000000, "otherStockholderEquity": 52000000, "totalStockholderEquity": 25725000000, "netTangibleAssets": 25185000000}, {"maxAge": 1, "endDate": "2019-03-31", "cash": 5782000000, "netReceivables": 7559000000, "inventory": 11570000000, "otherCurrentAssets": 2826000000, "totalCurrentAssets": 27798000000, "propertyPlantEquipment": 4139000000, "intangibleAssets": 426000000, "otherAssets": 3129000000, "deferredLongTermAssetCharges": 89000000, "totalAssets": 35492000000, "accountsPayable": 6442000000, "otherCurrentLiab": 4536000000, "otherLiab": 1219000000, "totalCurrentLiabilities": 11879000000, "totalLiab": 13098000000, "commonStock": 343000000, "retainedEarnings": 20499000000, "treasuryStock": 158000000, "capitalSurplus": 1394000000, "otherStockholderEquity": 158000000, "totalStockholderEquity": 22394000000, "netTangibleAssets": 21968000000}, {"maxAge": 1, "endDate": "2018-03-31", "cash": 4166000000, "netReceivables": 6708000000, "inventory": 7399000000, "otherCurrentAssets": 2488000000, "totalCurrentAssets": 20761000000, "propertyPlantEquipment": 3012000000, "intangibleAssets": 391000000, "otherAssets": 1184000000, "totalAssets": 25348000000, "accountsPayable": 2838000000, "otherCurrentLiab": 2015000000, "otherLiab": 946000000, "totalCurrentLiabilities": 6619000000, "totalLiab": 7565000000, "commonStock": 343000000, "retainedEarnings": 17388000000, "treasuryStock": 52000000, "otherStockholderEquity": 52000000, "totalStockholderEquity": 17783000000, "netTangibleAssets": 17392000000}, {"maxAge": 1, "endDate": "2017-03-31", "cash": 8380000000, "netReceivables": 5762000000, "inventory": 7681000000, "otherCurrentAssets": 1422000000, "totalCurrentAssets": 23742000000, "propertyPlantEquipment": 3062000000, "intangibleAssets": 292000000, "otherAssets": 1158000000, "totalAssets": 28254000000, "accountsPayable": 2874000000, "otherCurrentLiab": 1831000000, "otherLiab": 856000000, "totalCurrentLiabilities": 6831000000, "totalLiab": 7687000000, "commonStock": 354000000, "retainedEarnings": 20172000000, "treasuryStock": 41000000, "otherStockholderEquity": 41000000, "totalStockholderEquity": 20567000000, "netTangibleAssets": 20275000000}], "maxAge": 86400}, "earningsTrend": {"trend": [{"maxAge": 1, "period": "0q", "endDate": "2018-12-31", "growth": {}, "earningsEstimate": {"avg": 0.0, "low": 0.0, "high": 0.0, "yearAgoEps": 3.12, "numberOfAnalysts": 0, "growth": {}}, "revenueEstimate": {"avg": 5256000000, "low": 5256000000, "high": 5256000000, "numberOfAnalysts": 1, "yearAgoRevenue": 4797000000, "growth": 0.096}, "epsTrend": {"current": 0.0, "7daysAgo": 0.0, "30daysAgo": 0.0, "60daysAgo": 0.0, "90daysAgo": 0.0}, "epsRevisions": {"upLast7days": 0, "upLast30days": 0, "downLast30days": 0, "downLast90days": {}}}, {"maxAge": 1, "period": "+1q", "endDate": "2019-03-31", "growth": {}, "earningsEstimate": {"avg": 0.0, "low": 0.0, "high": 0.0, "yearAgoEps": -3.76, "numberOfAnalysts": 0, "growth": {}}, "revenueEstimate": {"avg": 0, "low": 0, "high": 0, "numberOfAnalysts": 0, "yearAgoRevenue": {}, "growth": {}}, "epsTrend": {"current": 0.0, "7daysAgo": 0.0, "30daysAgo": 0.0, "60daysAgo": 0.0, "90daysAgo": 0.0}, "epsRevisions": {"upLast7days": 0, "upLast30days": 0, "downLast30days": 0, "downLast90days": {}}}, {"maxAge": 1, "period": "0y", "endDate": "2019-03-31", "growth": {}, "earningsEstimate": {"avg": 0.0, "low": 0.0, "high": 0.0, "yearAgoEps": {}, "numberOfAnalysts": 0, "growth": {}}, "revenueEstimate": {"avg": 28547900000, "low": 27954000000, "high": 29538000000, "numberOfAnalysts": 7, "yearAgoRevenue": 27490000000, "growth": 0.038}, "epsTrend": {"current": 0.0, "7daysAgo": 90.64, "30daysAgo": 90.64, "60daysAgo": 90.64, "90daysAgo": 90.64}, "epsRevisions": {"upLast7days": 0, "upLast30days": 0, "downLast30days": 0, "downLast90days": {}}}, {"maxAge": 1, "period": "+1y", "endDate": "2020-03-31", "growth": {}, "earningsEstimate": {"avg": 0.0, "low": 0.0, "high": 0.0, "yearAgoEps": {}, "numberOfAnalysts": 0, "growth": {}}, "revenueEstimate": {"avg": 34812200000, "low": 30541000000, "high": 39893000000, "numberOfAnalysts": 8, "yearAgoRevenue": 28547900000, "growth": 0.219}, "epsTrend": {"current": 0.0, "7daysAgo": 111.31, "30daysAgo": 111.31, "60daysAgo": 111.31, "90daysAgo": 111.31}, "epsRevisions": {"upLast7days": 0, "upLast30days": 1, "downLast30days": 0, "downLast90days": {}}}, {"maxAge": 1, "period": "+5y", "endDate": null, "growth": 0.823, "earningsEstimate": {"avg": {}, "low": {}, "high": {}, "yearAgoEps": {}, "numberOfAnalysts": {}, "growth": {}}, "revenueEstimate": {"avg": {}, "low": {}, "high": {}, "numberOfAnalysts": {}, "yearAgoRevenue": {}, "growth": {}}, "epsTrend": {"current": {}, "7daysAgo": {}, "30daysAgo": {}, "60daysAgo": {}, "90daysAgo": {}}, "epsRevisions": {"upLast7days": {}, "upLast30days": {}, "downLast30days": {}, "downLast90days": {}}}, {"maxAge": 1, "period": "-5y", "endDate": null, "growth": {}, "earningsEstimate": {"avg": {}, "low": {}, "high": {}, "yearAgoEps": {}, "numberOfAnalysts": {}, "growth": {}}, "revenueEstimate": {"avg": {}, "low": {}, "high": {}, "numberOfAnalysts": {}, "yearAgoRevenue": {}, "growth": {}}, "epsTrend": {"current": {}, "7daysAgo": {}, "30daysAgo": {}, "60daysAgo": {}, "90daysAgo": {}}, "epsRevisions": {"upLast7days": {}, "upLast30days": {}, "downLast30days": {}, "downLast90days": {}}}], "maxAge": 1}, "financialData": {"maxAge": 86400, "currentPrice": 5331.0, "targetHighPrice": 5000.0, "targetLowPrice": 3475.0, "targetMeanPrice": 4082.33, "targetMedianPrice": 3900.0, "recommendationKey": "none", "numberOfAnalystOpinions": 9, "grossProfits": 16879000000, "financialCurrency": "INR"}}}