{"BAYERCROP.NS": {"assetProfile": {"address1": "Bayer House", "address2": "Central Avenue Hiranandani Estate Thane (West)", "city": "Thane", "zip": "400 607", "country": "India", "phone": "91 22 2531 1234", "fax": "91 22 2545 5063", "website": "http://www.bayer.in", "industry": "Agricultural Inputs", "sector": "Basic Materials", "longBusinessSummary": "Bayer CropScience Limited engages in the manufacture, sale, and distribution of insecticides, fungicides, herbicides, and various other agrochemical products in India. It also provides pharmaceutical products, such as prescription products primarily for cardiology, oncology, gynecology, hematology, and ophthalmology; and diagnostic imaging equipment and other contrast agents. In addition, the company offers consumer health products that are used as a daily health solutions to treat minor illness; and animal health solutions for the prevention and treatment of diseases in companion and farm animals, as well as sells and distributes hybrid seeds. It also exports its products. The company was incorporated in 1958 and is based in Thane, India.", "fullTimeEmployees": 1230, "companyOfficers": [{"maxAge": 1, "name": "Mr. Duraiswami  Narain", "age": 57, "title": "Vice Chairman, MD & CEO", "yearBorn": 1963, "fiscalYear": 2020, "totalPay": 140650000, "exercisedValue": 0, "unexercisedValue": 0}, {"maxAge": 1, "name": "Mr. Rolf Axel Hoffmann", "age": 44, "title": "CFO & Exec. Director", "yearBorn": 1976, "fiscalYear": 2020, "totalPay": 67300000, "exercisedValue": 0, "unexercisedValue": 0}, {"maxAge": 1, "name": "Mr. Nikunjkumar Jaysukhlal Savaliya", "title": "Company Sec. & Compliance Officer", "fiscalYear": 2020, "totalPay": 3840000, "exercisedValue": 0, "unexercisedValue": 0}, {"maxAge": 1, "name": "Mr. Anil  Jain", "age": 64, "title": "VP of Marketing & Co-operations", "yearBorn": 1956, "fiscalYear": 2006, "exercisedValue": 0, "unexercisedValue": 0}, {"maxAge": 1, "name": "Mr. Ajit J. Sawant", "age": 74, "title": "Head of Manufacturing", "yearBorn": 1946, "fiscalYear": 2006, "exercisedValue": 0, "unexercisedValue": 0}, {"maxAge": 1, "name": "Mr. Bernd  Lohmann", "age": 52, "title": "Head of BBS AP ODC", "yearBorn": 1968, "fiscalYear": 2006, "exercisedValue": 0, "unexercisedValue": 0}, {"maxAge": 1, "name": "Dr. Mathias  Kremer", "age": 58, "title": "Head of Strategy & Portfolio Management", "yearBorn": 1962, "exercisedValue": 0, "unexercisedValue": 0}, {"maxAge": 1, "name": "Mr. Joerg   Rehbein", "title": "Head of Bayer CropScience", "exercisedValue": 0, "unexercisedValue": 0}, {"maxAge": 1, "name": "Mr. Pravin Kumar Trama", "age": 50, "title": "Gen. Mang. of Zonal Accounts", "yearBorn": 1970, "fiscalYear": 2006, "exercisedValue": 0, "unexercisedValue": 0}, {"maxAge": 1, "name": "Mr. Asif  Tanweer", "age": 64, "title": "Gen. Mang. of Bus. Devel. & Stewardship", "yearBorn": 1956, "fiscalYear": 2006, "exercisedValue": 0, "unexercisedValue": 0}], "compensationAsOfEpochDate": "2020-12-31 05:30:00", "maxAge": 86400}, "cashflowStatementHistory": {"cashflowStatements": [{"maxAge": 1, "endDate": "2020-03-31", "netIncome": 4745000000, "depreciation": 637000000, "changeToNetincome": 980000000, "changeToAccountReceivables": -205000000, "changeToLiabilities": -1691000000, "changeToInventory": 1644000000, "changeToOperatingActivities": 533000000, "totalCashFromOperatingActivities": 6659000000, "capitalExpenditures": -413000000, "investments": -400000000, "otherCashflowsFromInvestingActivities": 390000000, "totalCashflowsFromInvestingActivities": -289000000, "dividendsPaid": -1015000000, "netBorrowings": -228000000, "otherCashflowsFromFinancingActivities": -240000000, "totalCashFromFinancingActivities": -1483000000, "changeInCash": 4887000000}, {"maxAge": 1, "endDate": "2019-03-31", "netIncome": 3371000000, "depreciation": 412000000, "changeToNetincome": -383000000, "changeToAccountReceivables": 1717000000, "changeToLiabilities": 2503000000, "changeToInventory": -2887000000, "changeToOperatingActivities": -431000000, "totalCashFromOperatingActivities": 4328000000, "capitalExpenditures": -602000000, "investments": -3960000000, "otherCashflowsFromInvestingActivities": 358000000, "totalCashflowsFromInvestingActivities": -4147000000, "dividendsPaid": -1261000000, "netBorrowings": -228000000, "otherCashflowsFromFinancingActivities": -322000000, "totalCashFromFinancingActivities": -1583000000, "changeInCash": -1402000000}, {"maxAge": 1, "endDate": "2018-03-31", "netIncome": 3001000000, "depreciation": 305000000, "changeToNetincome": 130000000, "changeToAccountReceivables": -1034000000, "changeToLiabilities": -95000000, "changeToInventory": 107000000, "changeToOperatingActivities": -1226000000, "totalCashFromOperatingActivities": 1214000000, "capitalExpenditures": -437000000, "investments": 500000000, "otherCashflowsFromInvestingActivities": 302000000, "totalCashflowsFromInvestingActivities": 383000000, "dividendsPaid": -599000000, "netBorrowings": -228000000, "otherCashflowsFromFinancingActivities": -163000000, "totalCashFromFinancingActivities": -5811000000, "changeInCash": -4214000000, "repurchaseOfStock": -5049000000}, {"maxAge": 1, "endDate": "2017-03-31", "netIncome": 2910000000, "depreciation": 273000000, "changeToNetincome": -143000000, "changeToAccountReceivables": -1610000000, "changeToLiabilities": 846000000, "changeToInventory": -1166000000, "changeToOperatingActivities": 447000000, "totalCashFromOperatingActivities": 1573000000, "capitalExpenditures": -551000000, "investments": -127000000, "otherCashflowsFromInvestingActivities": 536000000, "totalCashflowsFromInvestingActivities": -84000000, "dividendsPaid": -599000000, "netBorrowings": -228000000, "otherCashflowsFromFinancingActivities": -134000000, "totalCashFromFinancingActivities": -733000000, "changeInCash": 756000000, "repurchaseOfStock": -5049000000}], "maxAge": 86400}, "institutionOwnership": {"maxAge": 1, "ownershipList": []}, "majorHoldersBreakdown": {"maxAge": 1, "insidersPercentHeld": 0.72708, "institutionsPercentHeld": 0.12560001, "institutionsFloatPercentHeld": 0.46021998, "institutionsCount": 41}, "balanceSheetHistoryQuarterly": {"balanceSheetStatements": [{"maxAge": 1, "endDate": "2020-12-31", "totalStockholderEquity": 25319000000, "netTangibleAssets": 24667000000}, {"maxAge": 1, "endDate": "2020-09-30", "cash": 9311000000, "shortTermInvestments": 1180000000, "netReceivables": 12216000000, "inventory": 9288000000, "otherCurrentAssets": 2685000000, "totalCurrentAssets": 34680000000, "propertyPlantEquipment": 4106000000, "intangibleAssets": 652000000, "otherAssets": 3072000000, "deferredLongTermAssetCharges": 152000000, "totalAssets": 42510000000, "accountsPayable": 6642000000, "otherCurrentLiab": 8834000000, "otherLiab": 998000000, "totalCurrentLiabilities": 16097000000, "totalLiab": 17191000000, "commonStock": 449000000, "treasuryStock": 24870000000, "otherStockholderEquity": 24870000000, "totalStockholderEquity": 25319000000, "netTangibleAssets": 24667000000}, {"maxAge": 1, "endDate": "2020-06-30", "totalStockholderEquity": 25725000000, "netTangibleAssets": 25185000000}, {"maxAge": 1, "endDate": "2020-03-31", "cash": 10669000000, "netReceivables": 7404000000, "inventory": 9635000000, "otherCurrentAssets": 1972000000, "totalCurrentAssets": 30144000000, "propertyPlantEquipment": 4399000000, "intangibleAssets": 540000000, "otherAssets": 3274000000, "deferredLongTermAssetCharges": 270000000, "totalAssets": 38357000000, "accountsPayable": 4749000000, "otherCurrentLiab": 5261000000, "otherLiab": 1100000000, "totalCurrentLiabilities": 11394000000, "totalLiab": 12632000000, "commonStock": 449000000, "retainedEarnings": 23830000000, "treasuryStock": 52000000, "capitalSurplus": 1394000000, "otherStockholderEquity": 52000000, "totalStockholderEquity": 25725000000, "netTangibleAssets": 25185000000}], "maxAge": 86400}, "indexTrend": {"maxAge": 1, "symbol": "SP5", "peRatio": 19.7411, "pegRatio": 1.34172, "estimates": [{"period": "0q", "growth": 0.549}, {"period": "+1q", "growth": 0.431}, {"period": "0y", "growth": 0.305}, {"period": "+1y", "growth": 0.109}, {"period": "+5y", "growth": 0.120865}, {"period": "-5y"}]}, "defaultKeyStatistics": {"maxAge": 1, "priceHint": 2, "enterpriseValue": 226804924416, "profitMargins": 0.115930006, "floatShares": 15050270, "sharesOutstanding": 44942100, "heldPercentInsiders": 0.72708, "heldPercentInstitutions": 0.12560001, "beta": 0.528095, "category": null, "bookValue": 563.308, "priceToBook": 9.491877, "fundFamily": null, "legalType": null, "lastFiscalYearEnd": "2020-03-31 05:30:00", "nextFiscalYearEnd": "2022-03-31 05:30:00", "mostRecentQuarter": "2020-12-31 05:30:00", "netIncomeToCommon": 4626999808, "trailingEps": 102.959, "lastSplitFactor": null, "enterpriseToRevenue": 5.682, "enterpriseToEbitda": 29.225, "52WeekChange": 0.21221769, "SandP52WeekChange": 0.48148263, "lastDividendValue": 25.0, "lastDividendDate": 1595808000}, "summaryProfile": {"address1": "Bayer House", "address2": "Central Avenue Hiranandani Estate Thane (West)", "city": "Thane", "zip": "400 607", "country": "India", "phone": "91 22 2531 1234", "fax": "91 22 2545 5063", "website": "http://www.bayer.in", "industry": "Agricultural Inputs", "sector": "Basic Materials", "longBusinessSummary": "Bayer CropScience Limited engages in the manufacture, sale, and distribution of insecticides, fungicides, herbicides, and various other agrochemical products in India. It also provides pharmaceutical products, such as prescription products primarily for cardiology, oncology, gynecology, hematology, and ophthalmology; and diagnostic imaging equipment and other contrast agents. In addition, the company offers consumer health products that are used as a daily health solutions to treat minor illness; and animal health solutions for the prevention and treatment of diseases in companion and farm animals, as well as sells and distributes hybrid seeds. It also exports its products. The company was incorporated in 1958 and is based in Thane, India.", "fullTimeEmployees": 1230, "companyOfficers": [], "maxAge": 86400}, "netSharePurchaseActivity": {"maxAge": 1, "period": "6m", "buyInfoCount": 0, "buyInfoShares": 0, "sellInfoCount": 0, "netInfoCount": 0, "netInfoShares": 0, "netPercentInsiderShares": 0.0, "totalInsiderShares": 32693228}, "insiderTransactions": {"transactions": [{"maxAge": 1, "shares": 60000, "filerUrl": "", "transactionText": "", "filerName": "Executive Inn Pvt Ltd", "filerRelation": "Institution- Corporation", "moneyText": "", "startDate": "2019-01-21", "ownership": "D"}], "maxAge": 1}, "quoteType": {"exchange": "NSI", "quoteType": "EQUITY", "symbol": "BAYERCROP.NS", "underlyingSymbol": "BAYERCROP.NS", "shortName": "BAYER CROPSCIENCE", "longName": "Bayer CropScience Limited", "firstTradeDateEpochUtc": "2010-01-08 09:15:00", "timeZoneFullName": "Asia/Kolkata", "timeZoneShortName": "IST", "uuid": "7514ceea-d0b4-35b2-86c1-5052630d27e3", "messageBoardId": "finmb_8642178", "gmtOffSetMilliseconds": 19800000, "maxAge": 1}, "incomeStatementHistory": {"incomeStatementHistory": [{"maxAge": 1, "endDate": "2020-03-31", "totalRevenue": 36144000000, "costOfRevenue": 19265000000, "grossProfit": 16879000000, "researchDevelopment": {}, "sellingGeneralAdministrative": 5717000000, "nonRecurring": {}, "otherOperatingExpenses": 3734000000, "totalOperatingExpenses": 29369000000, "operatingIncome": 6775000000, "totalOtherIncomeExpenseNet": -944000000, "ebit": 6775000000, "interestExpense": -138000000, "incomeBeforeTax": 5831000000, "incomeTaxExpense": 1086000000, "minorityInterest": {}, "netIncomeFromContinuingOps": 4745000000, "discontinuedOperations": {}, "extraordinaryItems": {}, "effectOfAccountingCharges": {}, "otherItems": {}, "netIncome": 4745000000, "netIncomeApplicableToCommonShares": 4745000000}, {"maxAge": 1, "endDate": "2019-03-31", "totalRevenue": 31754000000, "costOfRevenue": 16779000000, "grossProfit": 14975000000, "researchDevelopment": {}, "sellingGeneralAdministrative": 6004000000, "nonRecurring": {}, "otherOperatingExpenses": 3882000000, "totalOperatingExpenses": 27103000000, "operatingIncome": 4651000000, "totalOtherIncomeExpenseNet": 149000000, "ebit": 4651000000, "interestExpense": -104000000, "incomeBeforeTax": 4800000000, "incomeTaxExpense": 1429000000, "minorityInterest": {}, "netIncomeFromContinuingOps": 3371000000, "discontinuedOperations": {}, "extraordinaryItems": {}, "effectOfAccountingCharges": {}, "otherItems": {}, "netIncome": 3371000000, "netIncomeApplicableToCommonShares": 3371000000}, {"maxAge": 1, "endDate": "2018-03-31", "totalRevenue": 27167000000, "costOfRevenue": 16119000000, "grossProfit": 11048000000, "researchDevelopment": {}, "sellingGeneralAdministrative": 4327000000, "nonRecurring": {}, "otherOperatingExpenses": 2425000000, "totalOperatingExpenses": 23202000000, "operatingIncome": 3965000000, "totalOtherIncomeExpenseNet": 73000000, "ebit": 3965000000, "interestExpense": -113000000, "incomeBeforeTax": 4038000000, "incomeTaxExpense": 1037000000, "minorityInterest": {}, "netIncomeFromContinuingOps": 3001000000, "discontinuedOperations": {}, "extraordinaryItems": {}, "effectOfAccountingCharges": {}, "otherItems": {}, "netIncome": 3001000000, "netIncomeApplicableToCommonShares": 3001000000}, {"maxAge": 1, "endDate": "2017-03-31", "totalRevenue": 28153000000, "costOfRevenue": 16564000000, "grossProfit": 11589000000, "researchDevelopment": {}, "sellingGeneralAdministrative": 4129000000, "nonRecurring": {}, "otherOperatingExpenses": 3068000000, "totalOperatingExpenses": 24050000000, "operatingIncome": 4103000000, "totalOtherIncomeExpenseNet": 376000000, "ebit": 4103000000, "interestExpense": -69000000, "incomeBeforeTax": 4479000000, "incomeTaxExpense": 1569000000, "minorityInterest": {}, "netIncomeFromContinuingOps": 2910000000, "discontinuedOperations": {}, "extraordinaryItems": {}, "effectOfAccountingCharges": {}, "otherItems": {}, "netIncome": 2910000000, "netIncomeApplicableToCommonShares": 2910000000}], "maxAge": 86400}, "fundOwnership": {"maxAge": 1, "ownershipList": [{"maxAge": 1, "reportDate": "2021-01-31", "organization": "Vanguard International Stock Index-Total Intl Stock Indx", "pctHeld": 0.0034999999, "position": 156765, "value": 842337536}, {"maxAge": 1, "reportDate": "2021-01-31", "organization": "Vanguard International Stock Index-Emerging Markets Stk", "pctHeld": 0.0034, "position": 153758, "value": 826180173}, {"maxAge": 1, "reportDate": "2021-03-31", "organization": "iShares Core MSCI Emerging Markets ETF", "pctHeld": 0.0025, "position": 111865, "value": 597571643}, {"maxAge": 1, "reportDate": "2021-03-31", "organization": "iShares MSCI India Small Cap ETF", "pctHeld": 0.0005, "position": 20928, "value": 111795283}, {"maxAge": 1, "reportDate": "2021-01-31", "organization": "Vanguard Intl Equity Index Fds-FTSE All World ex U.S. Index Fund", "pctHeld": 0.0004, "position": 19750, "value": 106121687}, {"maxAge": 1, "reportDate": "2021-02-28", "organization": "Schwab Strategic Tr-Schwab Emerging Markets Equity ETF", "pctHeld": 0.00029999999, "position": 14507, "value": 74597170}, {"maxAge": 1, "reportDate": "2020-12-31", "organization": "College Retirement Equities Fund-Stock Account", "pctHeld": 0.0002, "position": 8933, "value": 48613832}, {"maxAge": 1, "reportDate": "2021-01-31", "organization": "DFA Emerging Markets Small Cap Series", "pctHeld": 0.0002, "position": 7992, "value": 42943014}, {"maxAge": 1, "reportDate": "2021-03-31", "organization": "SPDR Portfolio Emerging Markets ETF", "pctHeld": 0.0002, "position": 7860, "value": 41987334}, {"maxAge": 1, "reportDate": "2021-01-31", "organization": "Vanguard Intl Equity Index - Total World Stock Index Fd", "pctHeld": 0.0001, "position": 4497, "value": 24163505}]}, "summaryDetail": {"maxAge": 1, "priceHint": 2, "previousClose": 5275.2, "open": 5230.0, "dayLow": 5176.05, "dayHigh": 5397.0, "regularMarketPreviousClose": 5275.2, "regularMarketOpen": 5230.0, "regularMarketDayLow": 5176.05, "regularMarketDayHigh": 5397.0, "dividendRate": 115.0, "dividendYield": 0.0218, "exDividendDate": "2020-07-27 05:30:00", "payoutRatio": 1.1169, "fiveYearAvgDividendYield": 0.71, "beta": 0.528095, "trailingPE": 51.93184, "volume": 20093, "regularMarketVolume": 20093, "averageVolume": 22537, "averageVolume10days": 21864, "averageDailyVolume10Day": 21864, "bid": 0.0, "ask": 0.0, "bidSize": 0, "askSize": 0, "marketCap": 240530718720, "fiftyTwoWeekLow": 4212.1, "fiftyTwoWeekHigh": 6601.25, "priceToSalesTrailing12Months": 6.0263753, "fiftyDayAverage": 5173.273, "twoHundredDayAverage": 5305.2866, "trailingAnnualDividendRate": 25.0, "trailingAnnualDividendYield": 0.0047391565, "currency": "INR", "fromCurrency": null, "toCurrency": null, "lastMarket": null, "algorithm": null, "tradeable": false}, "incomeStatementHistoryQuarterly": {"incomeStatementHistory": [{"maxAge": 1, "endDate": "2020-12-31", "totalRevenue": 9182000000, "costOfRevenue": 5453000000, "grossProfit": 3729000000, "researchDevelopment": {}, "sellingGeneralAdministrative": 948000000, "nonRecurring": {}, "otherOperatingExpenses": 1721000000, "totalOperatingExpenses": 8265000000, "operatingIncome": 917000000, "totalOtherIncomeExpenseNet": 144000000, "ebit": 917000000, "interestExpense": -39000000, "incomeBeforeTax": 1061000000, "incomeTaxExpense": 1512000000, "minorityInterest": {}, "netIncomeFromContinuingOps": -451000000, "discontinuedOperations": {}, "extraordinaryItems": {}, "effectOfAccountingCharges": {}, "otherItems": {}, "netIncome": -451000000, "netIncomeApplicableToCommonShares": -451000000}, {"maxAge": 1, "endDate": "2020-09-30", "totalRevenue": 13816000000, "costOfRevenue": 8474000000, "grossProfit": 5342000000, "researchDevelopment": {}, "sellingGeneralAdministrative": 769000000, "nonRecurring": {}, "otherOperatingExpenses": 1596000000, "totalOperatingExpenses": 10978000000, "operatingIncome": 2838000000, "totalOtherIncomeExpenseNet": 122000000, "ebit": 2838000000, "interestExpense": -25000000, "incomeBeforeTax": 2960000000, "incomeTaxExpense": 714000000, "minorityInterest": {}, "netIncomeFromContinuingOps": 2246000000, "discontinuedOperations": {}, "extraordinaryItems": {}, "effectOfAccountingCharges": {}, "otherItems": {}, "netIncome": 2246000000, "netIncomeApplicableToCommonShares": 2246000000}, {"maxAge": 1, "endDate": "2020-06-30", "totalRevenue": 12278000000, "costOfRevenue": 6466000000, "grossProfit": 5812000000, "researchDevelopment": {}, "sellingGeneralAdministrative": 938000000, "nonRecurring": {}, "otherOperatingExpenses": 1621000000, "totalOperatingExpenses": 9262000000, "operatingIncome": 3016000000, "totalOtherIncomeExpenseNet": 110000000, "ebit": 3016000000, "interestExpense": -27000000, "incomeBeforeTax": 3126000000, "incomeTaxExpense": 609000000, "minorityInterest": {}, "netIncomeFromContinuingOps": 2517000000, "discontinuedOperations": {}, "extraordinaryItems": {}, "effectOfAccountingCharges": {}, "otherItems": {}, "netIncome": 2517000000, "netIncomeApplicableToCommonShares": 2517000000}, {"maxAge": 1, "endDate": "2020-03-31", "totalRevenue": 4637000000, "costOfRevenue": 2079000000, "grossProfit": 2558000000, "researchDevelopment": {}, "sellingGeneralAdministrative": 3039000000, "nonRecurring": {}, "otherOperatingExpenses": -1227000000, "totalOperatingExpenses": 4082000000, "operatingIncome": 555000000, "totalOtherIncomeExpenseNet": -298000000, "ebit": 555000000, "interestExpense": -26000000, "incomeBeforeTax": 257000000, "incomeTaxExpense": -58000000, "minorityInterest": {}, "netIncomeFromContinuingOps": 315000000, "discontinuedOperations": {}, "extraordinaryItems": {}, "effectOfAccountingCharges": {}, "otherItems": {}, "netIncome": 315000000, "netIncomeApplicableToCommonShares": 315000000}], "maxAge": 86400}, "cashflowStatementHistoryQuarterly": {"cashflowStatements": [{"maxAge": 1, "endDate": "2020-12-31", "netIncome": -451000000, "changeToLiabilities": 0}, {"maxAge": 1, "endDate": "2020-09-30", "netIncome": 2246000000, "changeToLiabilities": 0}, {"maxAge": 1, "endDate": "2020-06-30", "netIncome": 2517000000, "changeToLiabilities": 0}, {"maxAge": 1, "endDate": "2020-03-31", "netIncome": 315000000, "changeToLiabilities": 0}], "maxAge": 86400}, "insiderHolders": {"holders": [{"maxAge": 1, "name": "Executive Inn Pvt Ltd", "relation": "Institution- Corporation", "url": "", "transactionDescription": "Sale", "latestTransDate": "2019-01-21", "positionDirect": 72000, "positionDirectDate": "2019-01-21"}], "maxAge": 1}, "calendarEvents": {"maxAge": 1, "earnings": {"earningsDate": []}, "exDividendDate": "2020-07-27 05:30:00"}, "price": {"maxAge": 1, "regularMarketChangePercent": 0.013582405, "regularMarketChange": 71.6499, "regularMarketTime": "2021-04-30 15:29:53", "priceHint": 2, "regularMarketPrice": 5346.85, "regularMarketDayHigh": 5397.0, "regularMarketDayLow": 5176.05, "regularMarketVolume": 20093, "averageDailyVolume10Day": 21864, "averageDailyVolume3Month": 22537, "regularMarketPreviousClose": 5275.2, "regularMarketSource": "FREE_REALTIME", "regularMarketOpen": 5230.0, "exchange": "NSI", "exchangeName": "NSE", "exchangeDataDelayedBy": 15, "marketState": "CLOSED", "quoteType": "EQUITY", "symbol": "BAYERCROP.NS", "underlyingSymbol": null, "shortName": "BAYER CROPSCIENCE", "longName": "Bayer CropScience Limited", "currency": "INR", "quoteSourceName": "Delayed Quote", "currencySymbol": "\u20b9", "fromCurrency": null, "toCurrency": null, "lastMarket": null, "marketCap": 240530718720}, "balanceSheetHistory": {"balanceSheetStatements": [{"maxAge": 1, "endDate": "2020-03-31", "cash": 10669000000, "netReceivables": 7404000000, "inventory": 9635000000, "otherCurrentAssets": 1972000000, "totalCurrentAssets": 30144000000, "propertyPlantEquipment": 4399000000, "intangibleAssets": 540000000, "otherAssets": 3274000000, "deferredLongTermAssetCharges": 270000000, "totalAssets": 38357000000, "accountsPayable": 4749000000, "otherCurrentLiab": 5261000000, "otherLiab": 1100000000, "totalCurrentLiabilities": 11394000000, "totalLiab": 12632000000, "commonStock": 449000000, "retainedEarnings": 23830000000, "treasuryStock": 52000000, "capitalSurplus": 1394000000, "otherStockholderEquity": 52000000, "totalStockholderEquity": 25725000000, "netTangibleAssets": 25185000000}, {"maxAge": 1, "endDate": "2019-03-31", "cash": 5782000000, "netReceivables": 7559000000, "inventory": 11570000000, "otherCurrentAssets": 2826000000, "totalCurrentAssets": 27798000000, "propertyPlantEquipment": 4139000000, "intangibleAssets": 426000000, "otherAssets": 3129000000, "deferredLongTermAssetCharges": 89000000, "totalAssets": 35492000000, "accountsPayable": 6442000000, "otherCurrentLiab": 4536000000, "otherLiab": 1219000000, "totalCurrentLiabilities": 11879000000, "totalLiab": 13098000000, "commonStock": 343000000, "retainedEarnings": 20499000000, "treasuryStock": 158000000, "capitalSurplus": 1394000000, "otherStockholderEquity": 158000000, "totalStockholderEquity": 22394000000, "netTangibleAssets": 21968000000}, {"maxAge": 1, "endDate": "2018-03-31", "cash": 4166000000, "netReceivables": 6708000000, "inventory": 7399000000, "otherCurrentAssets": 2488000000, "totalCurrentAssets": 20761000000, "propertyPlantEquipment": 3012000000, "intangibleAssets": 391000000, "otherAssets": 1184000000, "totalAssets": 25348000000, "accountsPayable": 2838000000, "otherCurrentLiab": 2015000000, "otherLiab": 946000000, "totalCurrentLiabilities": 6619000000, "totalLiab": 7565000000, "commonStock": 343000000, "retainedEarnings": 17388000000, "treasuryStock": 52000000, "otherStockholderEquity": 52000000, "totalStockholderEquity": 17783000000, "netTangibleAssets": 17392000000}, {"maxAge": 1, "endDate": "2017-03-31", "cash": 8380000000, "netReceivables": 5762000000, "inventory": 7681000000, "otherCurrentAssets": 1422000000, "totalCurrentAssets": 23742000000, "propertyPlantEquipment": 3062000000, "intangibleAssets": 292000000, "otherAssets": 1158000000, "totalAssets": 28254000000, "accountsPayable": 2874000000, "otherCurrentLiab": 1831000000, "otherLiab": 856000000, "totalCurrentLiabilities": 6831000000, "totalLiab": 7687000000, "commonStock": 354000000, "retainedEarnings": 20172000000, "treasuryStock": 41000000, "otherStockholderEquity": 41000000, "totalStockholderEquity": 20567000000, "netTangibleAssets": 20275000000}], "maxAge": 86400}, "financialData": {"maxAge": 86400, "currentPrice": 5346.85, "recommendationKey": "none", "totalCash": 10490999808, "totalCashPerShare": 233.314, "ebitda": 7760750080, "totalDebt": 96000000, "totalRevenue": 39913000960, "debtToEquity": 0.379, "revenuePerShare": 888.137, "grossProfits": 16879000000, "revenueGrowth": 0.075, "grossMargins": 0.43697, "ebitdaMargins": 0.19444, "operatingMargins": 0.18355, "profitMargins": 0.115930006, "financialCurrency": "INR"}}}