{"BBTC.BO": {"recommendationTrend": {"trend": [{"period": "0m", "strongBuy": 0, "buy": 0, "hold": 0, "sell": 0, "strongSell": 0}, {"period": "-1m", "strongBuy": 0, "buy": 0, "hold": 0, "sell": 0, "strongSell": 0}, {"period": "-2m", "strongBuy": 0, "buy": 0, "hold": 0, "sell": 0, "strongSell": 0}, {"period": "-3m", "strongBuy": 0, "buy": 0, "hold": 0, "sell": 0, "strongSell": 0}], "maxAge": 86400}, "cashflowStatementHistory": {"cashflowStatements": [{"maxAge": 1, "endDate": "2020-03-31", "netIncome": 5982650000, "depreciation": 1999740000, "changeToNetincome": 4844149000, "changeToAccountReceivables": 924779000, "changeToLiabilities": 104497000, "changeToInventory": 455925000, "changeToOperatingActivities": -196686000, "totalCashFromOperatingActivities": 14115054000, "capitalExpenditures": -2627251000, "investments": -14582508000, "otherCashflowsFromInvestingActivities": 1563951000, "totalCashflowsFromInvestingActivities": -15588298000, "dividendsPaid": -2405943000, "netBorrowings": 5533958000, "otherCashflowsFromFinancingActivities": -1276008000, "totalCashFromFinancingActivities": 1768835000, "effectOfExchangeRate": 57450000, "changeInCash": 353041000, "repurchaseOfStock": -83172000}, {"maxAge": 1, "endDate": "2019-03-31", "netIncome": 6209355000, "depreciation": 1725003000, "changeToNetincome": 3438192000, "changeToAccountReceivables": -961702000, "changeToLiabilities": 1992359000, "changeToInventory": -1479775000, "changeToOperatingActivities": 118344000, "totalCashFromOperatingActivities": 11041776000, "capitalExpenditures": -4138033000, "investments": -3410592000, "otherCashflowsFromInvestingActivities": -235719000, "totalCashflowsFromInvestingActivities": -7751403000, "dividendsPaid": -1968320000, "netBorrowings": -972156000, "otherCashflowsFromFinancingActivities": -737238000, "totalCashFromFinancingActivities": -3677714000, "effectOfExchangeRate": 32743000, "changeInCash": -354598000, "repurchaseOfStock": -83172000}, {"maxAge": 1, "endDate": "2018-03-31", "netIncome": 2773976000, "depreciation": 1534948000, "changeToNetincome": 5532863000, "changeToAccountReceivables": -1303858000, "changeToLiabilities": 2711619000, "changeToInventory": 61382000, "changeToOperatingActivities": 819558000, "totalCashFromOperatingActivities": 12130488000, "capitalExpenditures": -4317646000, "investments": -5319948000, "otherCashflowsFromInvestingActivities": -178838000, "totalCashflowsFromInvestingActivities": -9665786000, "dividendsPaid": -1892086000, "netBorrowings": 114084000, "otherCashflowsFromFinancingActivities": -427613000, "totalCashFromFinancingActivities": -2205615000, "effectOfExchangeRate": -2600000, "changeInCash": 256487000, "repurchaseOfStock": -83172000}, {"maxAge": 1, "endDate": "2017-03-31", "netIncome": 4217645000, "depreciation": 1308400000, "changeToNetincome": 3228546000, "changeToAccountReceivables": -563618000, "changeToLiabilities": 198863000, "changeToInventory": -1893469000, "changeToOperatingActivities": -2390577000, "totalCashFromOperatingActivities": 4105790000, "capitalExpenditures": -3688500000, "investments": 1176600000, "otherCashflowsFromInvestingActivities": -1282300000, "totalCashflowsFromInvestingActivities": -3570500000, "dividendsPaid": -1768100000, "netBorrowings": 1901300000, "otherCashflowsFromFinancingActivities": -394900000, "totalCashFromFinancingActivities": -261700000, "effectOfExchangeRate": -2600000, "changeInCash": 273590000, "repurchaseOfStock": -83172000}], "maxAge": 86400}, "institutionOwnership": {"maxAge": 1, "ownershipList": []}, "balanceSheetHistoryQuarterly": {"balanceSheetStatements": [{"maxAge": 1, "endDate": "2020-06-30", "totalStockholderEquity": 50942660000, "netTangibleAssets": 40624679000}, {"maxAge": 1, "endDate": "2020-03-31", "cash": 1787661000, "shortTermInvestments": 1640231000, "netReceivables": 18102575000, "inventory": 8352095000, "otherCurrentAssets": 1556073000, "totalCurrentAssets": 41424092000, "longTermInvestments": 39154808000, "propertyPlantEquipment": 18938002000, "goodWill": 10220570000, "intangibleAssets": 97411000, "otherAssets": 3739126000, "deferredLongTermAssetCharges": 291534000, "totalAssets": 113574009000, "accountsPayable": 11503985000, "shortLongTermDebt": 1766797000, "otherCurrentLiab": 1927682000, "longTermDebt": 7649493000, "otherLiab": 1208263000, "minorityInterest": 22116844000, "totalCurrentLiabilities": 31588769000, "totalLiab": 40514505000, "commonStock": 139544000, "retainedEarnings": 32906926000, "treasuryStock": 16941947000, "capitalSurplus": 954243000, "otherStockholderEquity": 16941947000, "totalStockholderEquity": 50942660000, "netTangibleAssets": 40624679000}, {"maxAge": 1, "endDate": "2019-12-31", "totalStockholderEquity": 50863514000, "netTangibleAssets": 40600437000}, {"maxAge": 1, "endDate": "2019-09-30", "cash": 2330034000, "shortTermInvestments": 9165333000, "netReceivables": 14306620000, "inventory": 13855433000, "otherCurrentAssets": 2530486000, "totalCurrentAssets": 42187906000, "longTermInvestments": 33096262000, "propertyPlantEquipment": 18620515000, "goodWill": 10156982000, "intangibleAssets": 106095000, "otherAssets": 1808736000, "deferredLongTermAssetCharges": 286700000, "totalAssets": 105976496000, "accountsPayable": 11588874000, "otherCurrentLiab": 12073319000, "longTermDebt": 4215614000, "otherLiab": 488144000, "minorityInterest": 18245038000, "totalCurrentLiabilities": 32164186000, "totalLiab": 36867944000, "commonStock": 139544000, "treasuryStock": 50723970000, "otherStockholderEquity": 50723970000, "totalStockholderEquity": 50863514000, "netTangibleAssets": 40600437000}], "maxAge": 86400}, "earningsHistory": {"history": [{"maxAge": 1, "epsActual": {}, "epsEstimate": {}, "epsDifference": {}, "surprisePercent": {}, "quarter": {}, "period": "-4q"}, {"maxAge": 1, "epsActual": {}, "epsEstimate": {}, "epsDifference": {}, "surprisePercent": {}, "quarter": {}, "period": "-3q"}, {"maxAge": 1, "epsActual": {}, "epsEstimate": {}, "epsDifference": {}, "surprisePercent": {}, "quarter": {}, "period": "-2q"}, {"maxAge": 1, "epsActual": {}, "epsEstimate": {}, "epsDifference": {}, "surprisePercent": {}, "quarter": {}, "period": "-1q"}], "maxAge": 86400}, "indexTrend": {"maxAge": 1, "symbol": "SP5", "peRatio": 19.7411, "pegRatio": 1.34172, "estimates": [{"period": "0q", "growth": 0.549}, {"period": "+1q", "growth": 0.431}, {"period": "0y", "growth": 0.305}, {"period": "+1y", "growth": 0.109}, {"period": "+5y", "growth": 0.120865}, {"period": "-5y"}]}, "industryTrend": {"maxAge": 1, "symbol": null, "estimates": []}, "insiderTransactions": {"transactions": [{"maxAge": 1, "shares": 145000, "value": 2860574, "filerUrl": "", "transactionText": "Sale at price 19.73 per share.", "filerName": "Bombay Dyeing & Manufacturing Co. Ltd.", "filerRelation": "Promoter", "moneyText": "", "startDate": "2020-08-24", "ownership": "D"}, {"maxAge": 1, "shares": 145000, "value": 2860574, "filerUrl": "", "transactionText": "Acquisition at price 19.73 per share.", "filerName": "Nowrosjee Wadia & Sons, Ltd.", "filerRelation": "Promoter", "moneyText": "", "startDate": "2020-08-24", "ownership": "D"}, {"maxAge": 1, "shares": 1500, "filerUrl": "", "transactionText": "", "filerName": "Wadia (Ness Nusli)", "filerRelation": "Managing Director", "moneyText": "", "startDate": "2020-03-30", "ownership": "D"}, {"maxAge": 1, "shares": 219890, "filerUrl": "", "transactionText": "", "filerName": "Wadia (Ness Nusli)", "filerRelation": "Managing Director", "moneyText": "", "startDate": "2020-03-27", "ownership": "D"}, {"maxAge": 1, "shares": 542000, "filerUrl": "", "transactionText": "", "filerName": "Bombay Dyeing & Manufacturing Co. Ltd.", "filerRelation": "Promoter", "moneyText": "", "startDate": "2019-12-26", "ownership": "D"}, {"maxAge": 1, "shares": 542000, "filerUrl": "", "transactionText": "", "filerName": "Nowrosjee Wadia & Sons, Ltd.", "filerRelation": "Promoter", "moneyText": "", "startDate": "2019-12-26", "ownership": "D"}, {"maxAge": 1, "shares": 14500, "filerUrl": "", "transactionText": "", "filerName": "Naperol Investments Ltd", "filerRelation": "Promoter", "moneyText": "", "startDate": "2019-12-17", "ownership": "D"}, {"maxAge": 1, "shares": 404800, "filerUrl": "", "transactionText": "", "filerName": "Bombay Dyeing & Manufacturing Co. Ltd.", "filerRelation": "Promoter", "moneyText": "", "startDate": "2019-12-17", "ownership": "D"}, {"maxAge": 1, "shares": 283000, "filerUrl": "", "transactionText": "", "filerName": "Nowrosjee Wadia & Sons, Ltd.", "filerRelation": "Institution- Corporation", "moneyText": "", "startDate": "2019-12-17", "ownership": "D"}, {"maxAge": 1, "shares": 222390, "filerUrl": "", "transactionText": "", "filerName": "Wadia (Ness Nusli)", "filerRelation": "Managing Director", "moneyText": "", "startDate": "2019-12-17", "ownership": "D"}, {"maxAge": 1, "shares": 146650, "filerUrl": "", "transactionText": "", "filerName": "Bombay Dyeing & Manufacturing Co. Ltd.", "filerRelation": "Promoter", "moneyText": "", "startDate": "2019-09-26", "ownership": "D"}, {"maxAge": 1, "shares": 1788208, "filerUrl": "", "transactionText": "", "filerName": "Bombay Dyeing & Manufacturing Co. Ltd.", "filerRelation": "Promoter", "moneyText": "", "startDate": "2019-09-03", "ownership": "D"}, {"maxAge": 1, "shares": 1054384, "filerUrl": "", "transactionText": "", "filerName": "Naperol Investments Ltd", "filerRelation": "Promoter", "moneyText": "", "startDate": "2019-09-03", "ownership": "D"}, {"maxAge": 1, "shares": 22309, "filerUrl": "", "transactionText": "", "filerName": "Nidhivan Investments & Trading Company Pvt. Ltd.", "filerRelation": "Institution- Corporation", "moneyText": "", "startDate": "2019-09-03", "ownership": "D"}, {"maxAge": 1, "shares": 1957449, "filerUrl": "", "transactionText": "", "filerName": "Naperol Investments Ltd", "filerRelation": "Promoter", "moneyText": "", "startDate": "2019-09-03", "ownership": "D"}, {"maxAge": 1, "shares": 133851, "filerUrl": "", "transactionText": "", "filerName": "Wadia (Nusli Neville Esq.)", "filerRelation": "Non Executive Chairman", "moneyText": "", "startDate": "2019-09-03", "ownership": "D"}, {"maxAge": 1, "shares": 44617, "filerUrl": "", "transactionText": "", "filerName": "Sahara Investments Pvt. Ltd.", "filerRelation": "Institution- Corporation", "moneyText": "", "startDate": "2019-09-03", "ownership": "D"}, {"maxAge": 1, "shares": 166482, "filerUrl": "", "transactionText": "", "filerName": "Macrofil Investments, Ltd.", "filerRelation": "Institution- Corporation", "moneyText": "", "startDate": "2019-09-03", "ownership": "D"}, {"maxAge": 1, "shares": 33463, "filerUrl": "", "transactionText": "", "filerName": "Heera Holdings Ltd.", "filerRelation": "UNREPORTED", "moneyText": "", "startDate": "2019-09-03", "ownership": "D"}, {"maxAge": 1, "shares": 2472500, "filerUrl": "", "transactionText": "", "filerName": "Wadia Investments Ltd", "filerRelation": "Promoter", "moneyText": "", "startDate": "2019-08-14", "ownership": "D"}, {"maxAge": 1, "shares": 500000, "filerUrl": "", "transactionText": "", "filerName": "N W Exports, Ltd.", "filerRelation": "Promoter", "moneyText": "", "startDate": "2019-03-26", "ownership": "D"}, {"maxAge": 1, "shares": 11000, "filerUrl": "", "transactionText": "", "filerName": "Wadia (Ness Nusli)", "filerRelation": "Promoter", "moneyText": "", "startDate": "2018-10-22", "ownership": "D"}, {"maxAge": 1, "shares": 1000, "filerUrl": "", "transactionText": "", "filerName": "Wadia (Ness Nusli)", "filerRelation": "Promoter", "moneyText": "", "startDate": "2018-10-22", "ownership": "D"}], "maxAge": 1}, "quoteType": {"exchange": "BSE", "quoteType": "EQUITY", "symbol": "BBTC.BO", "underlyingSymbol": "BBTC.BO", "shortName": "BOMBAY BURMAH TRADING CORP.LTD", "longName": "The Bombay Burmah Trading Corporation, Limited", "firstTradeDateEpochUtc": "2000-01-03 09:15:00", "timeZoneFullName": "Asia/Kolkata", "timeZoneShortName": "IST", "uuid": "ca695fc6-ca69-39c2-a525-34963419cf48", "messageBoardId": null, "gmtOffSetMilliseconds": 19800000, "maxAge": 1}, "incomeStatementHistory": {"incomeStatementHistory": [{"maxAge": 1, "endDate": "2020-03-31", "totalRevenue": 121829971000, "costOfRevenue": 71307280000, "grossProfit": 50522691000, "researchDevelopment": {}, "sellingGeneralAdministrative": 6504859000, "nonRecurring": {}, "otherOperatingExpenses": 23406149000, "totalOperatingExpenses": 103218028000, "operatingIncome": 18611943000, "totalOtherIncomeExpenseNet": 64003000, "ebit": 18611943000, "interestExpense": -1238590000, "incomeBeforeTax": 18675946000, "incomeTaxExpense": 5872589000, "minorityInterest": 22116844000, "netIncomeFromContinuingOps": 12803357000, "discontinuedOperations": {}, "extraordinaryItems": {}, "effectOfAccountingCharges": {}, "otherItems": {}, "netIncome": 5982650000, "netIncomeApplicableToCommonShares": 5982650000}, {"maxAge": 1, "endDate": "2019-03-31", "totalRevenue": 116387709000, "costOfRevenue": 67846281000, "grossProfit": 48541428000, "researchDevelopment": {}, "sellingGeneralAdministrative": 6223114000, "nonRecurring": {}, "otherOperatingExpenses": 23059813000, "totalOperatingExpenses": 98838466000, "operatingIncome": 17549243000, "totalOtherIncomeExpenseNet": 862061000, "ebit": 17549243000, "interestExpense": -603722000, "incomeBeforeTax": 18411304000, "incomeTaxExpense": 6516724000, "minorityInterest": 21434108000, "netIncomeFromContinuingOps": 11894580000, "discontinuedOperations": {}, "extraordinaryItems": {}, "effectOfAccountingCharges": {}, "otherItems": {}, "netIncome": 6209355000, "netIncomeApplicableToCommonShares": 6209355000}, {"maxAge": 1, "endDate": "2018-03-31", "totalRevenue": 104153523000, "costOfRevenue": 62949561000, "grossProfit": 41203962000, "researchDevelopment": {}, "sellingGeneralAdministrative": 5717254000, "nonRecurring": {}, "otherOperatingExpenses": 19047717000, "totalOperatingExpenses": 89249480000, "operatingIncome": 14904043000, "totalOtherIncomeExpenseNet": -1787319000, "ebit": 14904043000, "interestExpense": -550467000, "incomeBeforeTax": 13116724000, "incomeTaxExpense": 5390208000, "minorityInterest": 17031828000, "netIncomeFromContinuingOps": 7726516000, "discontinuedOperations": {}, "extraordinaryItems": {}, "effectOfAccountingCharges": {}, "otherItems": {}, "netIncome": 2773976000, "netIncomeApplicableToCommonShares": 2773976000}, {"maxAge": 1, "endDate": "2017-03-31", "totalRevenue": 95972546000, "costOfRevenue": 58119727000, "grossProfit": 37852819000, "researchDevelopment": {}, "sellingGeneralAdministrative": 5163240000, "nonRecurring": {}, "otherOperatingExpenses": 18349642000, "totalOperatingExpenses": 82941021000, "operatingIncome": 13031525000, "totalOtherIncomeExpenseNet": -211886000, "ebit": 13031525000, "interestExpense": -434219000, "incomeBeforeTax": 12819639000, "incomeTaxExpense": 4234960000, "minorityInterest": 13424256000, "netIncomeFromContinuingOps": 8584679000, "discontinuedOperations": {}, "extraordinaryItems": {}, "effectOfAccountingCharges": {}, "otherItems": {}, "netIncome": 4217645000, "netIncomeApplicableToCommonShares": 4217645000}], "maxAge": 86400}, "fundOwnership": {"maxAge": 1, "ownershipList": []}, "summaryDetail": {"maxAge": 1, "priceHint": 2, "previousClose": 1177.5, "open": 1170.0, "dayLow": 1144.6, "dayHigh": 1187.4, "regularMarketPreviousClose": 1177.5, "regularMarketOpen": 1170.0, "regularMarketDayLow": 1144.6, "regularMarketDayHigh": 1187.4, "trailingPE": 11.989091, "volume": 3536, "regularMarketVolume": 3536, "averageVolume": 11504, "averageVolume10days": 5408, "averageDailyVolume10Day": 5408, "bid": 1159.45, "ask": 1164.1, "bidSize": 0, "askSize": 0, "marketCap": 80820281344, "fiftyTwoWeekLow": 538.0, "fiftyTwoWeekHigh": 1566.8, "fiftyDayAverage": 1249.6628, "twoHundredDayAverage": 1301.3124, "trailingAnnualDividendRate": 1.2, "trailingAnnualDividendYield": 0.0010191083, "currency": "INR", "fromCurrency": null, "toCurrency": null, "lastMarket": null, "algorithm": null, "tradeable": false}, "sectorTrend": {"maxAge": 1, "symbol": null, "estimates": []}, "incomeStatementHistoryQuarterly": {"incomeStatementHistory": [{"maxAge": 1, "endDate": "2020-06-30", "totalRevenue": 35629363000, "costOfRevenue": 20098430000, "grossProfit": 15530933000, "researchDevelopment": {}, "sellingGeneralAdministrative": 1601785000, "nonRecurring": {}, "otherOperatingExpenses": 5858679000, "totalOperatingExpenses": 28071153000, "operatingIncome": 7558210000, "totalOtherIncomeExpenseNet": -914647000, "ebit": 7558210000, "interestExpense": -357965000, "incomeBeforeTax": 6643563000, "incomeTaxExpense": 2003580000, "minorityInterest": {}, "netIncomeFromContinuingOps": 4639983000, "discontinuedOperations": {}, "extraordinaryItems": {}, "effectOfAccountingCharges": {}, "otherItems": {}, "netIncome": 1979363000, "netIncomeApplicableToCommonShares": 1979363000}, {"maxAge": 1, "endDate": "2020-03-31", "totalRevenue": 29902525000, "costOfRevenue": 18179650000, "grossProfit": 11722875000, "researchDevelopment": {}, "sellingGeneralAdministrative": 1922373000, "nonRecurring": {}, "otherOperatingExpenses": 4540211000, "totalOperatingExpenses": 25180838000, "operatingIncome": 4721687000, "totalOtherIncomeExpenseNet": -695501000, "ebit": 4721687000, "interestExpense": -372713000, "incomeBeforeTax": 4026186000, "incomeTaxExpense": 1295179000, "minorityInterest": 22116844000, "netIncomeFromContinuingOps": 2731007000, "discontinuedOperations": {}, "extraordinaryItems": {}, "effectOfAccountingCharges": {}, "otherItems": {}, "netIncome": 905709000, "netIncomeApplicableToCommonShares": 905709000}, {"maxAge": 1, "endDate": "2019-12-31", "totalRevenue": 31275017000, "costOfRevenue": 17985537000, "grossProfit": 13289480000, "researchDevelopment": {}, "sellingGeneralAdministrative": 1517711000, "nonRecurring": {}, "otherOperatingExpenses": 6390251000, "totalOperatingExpenses": 26393968000, "operatingIncome": 4881049000, "totalOtherIncomeExpenseNet": 1001207000, "ebit": 4881049000, "interestExpense": -333002000, "incomeBeforeTax": 5882256000, "incomeTaxExpense": 2060555000, "minorityInterest": 22116844000, "netIncomeFromContinuingOps": 3821701000, "discontinuedOperations": {}, "extraordinaryItems": {}, "effectOfAccountingCharges": {}, "otherItems": {}, "netIncome": 2013177000, "netIncomeApplicableToCommonShares": 2013177000}, {"maxAge": 1, "endDate": "2019-09-30", "totalRevenue": 31951630000, "costOfRevenue": 18667366000, "grossProfit": 13284264000, "researchDevelopment": {}, "sellingGeneralAdministrative": 1572140000, "nonRecurring": {}, "otherOperatingExpenses": 6467757000, "totalOperatingExpenses": 27187705000, "operatingIncome": 4763925000, "totalOtherIncomeExpenseNet": 45209000, "ebit": 4763925000, "interestExpense": -291252000, "incomeBeforeTax": 4809134000, "incomeTaxExpense": 1003946000, "minorityInterest": 18245038000, "netIncomeFromContinuingOps": 3805188000, "discontinuedOperations": {}, "extraordinaryItems": {}, "effectOfAccountingCharges": {}, "otherItems": {}, "netIncome": 1842491000, "netIncomeApplicableToCommonShares": 1842491000}], "maxAge": 86400}, "cashflowStatementHistoryQuarterly": {"cashflowStatements": [{"maxAge": 1, "endDate": "2020-06-30", "netIncome": 1979363000, "changeToLiabilities": 0}, {"maxAge": 1, "endDate": "2020-03-31", "netIncome": 905709000, "changeToLiabilities": 0}, {"maxAge": 1, "endDate": "2019-12-31", "netIncome": 2013177000, "changeToLiabilities": 0}, {"maxAge": 1, "endDate": "2019-09-30", "netIncome": 1842491000, "changeToLiabilities": 0}], "maxAge": 86400}, "insiderHolders": {"holders": [{"maxAge": 1, "name": "Bombay Dyeing & Manufacturing Co. Ltd.", "relation": "Promoter", "url": "", "transactionDescription": "Sale", "latestTransDate": "2020-08-24", "positionDirect": 4511942, "positionDirectDate": "2020-08-24"}, {"maxAge": 1, "name": "Heera Holdings Ltd.", "relation": "UNREPORTED", "url": "", "transactionDescription": "Acquisition", "latestTransDate": "2019-09-03", "positionDirect": 33463, "positionDirectDate": "2019-09-03"}, {"maxAge": 1, "name": "Macrofil Investments, Ltd.", "relation": "Institution- Corporation", "url": "", "transactionDescription": "Acquisition", "latestTransDate": "2019-09-03", "positionDirect": 166482, "positionDirectDate": "2019-09-03"}, {"maxAge": 1, "name": "Naperol Investments Ltd", "relation": "Promoter", "url": "", "transactionDescription": "Acquisition", "latestTransDate": "2019-12-17", "positionDirect": 4278533, "positionDirectDate": "2019-12-17"}, {"maxAge": 1, "name": "Nidhivan Investments & Trading Company Pvt. Ltd.", "relation": "Institution- Corporation", "url": "", "transactionDescription": "Acquisition", "latestTransDate": "2019-09-03", "positionDirect": 22309, "positionDirectDate": "2019-09-03"}, {"maxAge": 1, "name": "Nowrosjee Wadia & Sons, Ltd.", "relation": "Promoter", "url": "", "transactionDescription": "Acquisition", "latestTransDate": "2020-08-24", "positionDirect": 25219546, "positionDirectDate": "2020-08-24"}, {"maxAge": 1, "name": "Sahara Investments Pvt. Ltd.", "relation": "Institution- Corporation", "url": "", "transactionDescription": "Acquisition", "latestTransDate": "2019-09-03", "positionDirect": 44617, "positionDirectDate": "2019-09-03"}, {"maxAge": 1, "name": "Wadia (Ness Nusli)", "relation": "Managing Director", "url": "", "transactionDescription": "Acquisition", "latestTransDate": "2020-03-30", "positionDirect": 21600, "positionDirectDate": "2020-03-30"}, {"maxAge": 1, "name": "Wadia (Nusli Neville Esq.)", "relation": "Non Executive Chairman", "url": "", "transactionDescription": "Other", "latestTransDate": "2019-09-03", "positionDirect": 6980356, "positionDirectDate": "2019-09-03"}, {"maxAge": 1, "name": "Wadia Investments Ltd", "relation": "Promoter", "url": "", "transactionDescription": "Other", "latestTransDate": "2019-08-14", "positionDirect": 0, "positionDirectDate": "2019-08-14"}], "maxAge": 1}, "earnings": {"maxAge": 86400, "earningsChart": {"quarterly": [], "earningsDate": ["2020-07-29 05:30:S"]}, "financialsChart": {"yearly": [{"date": 2017, "revenue": 95972546000, "earnings": 4217645000}, {"date": 2018, "revenue": 104153523000, "earnings": 2773976000}, {"date": 2019, "revenue": 116387709000, "earnings": 6209355000}, {"date": 2020, "revenue": 121829971000, "earnings": 5982650000}], "quarterly": [{"date": "3Q2019", "revenue": 31951630000, "earnings": 1842491000}, {"date": "4Q2019", "revenue": 31275017000, "earnings": 2013177000}, {"date": "1Q2020", "revenue": 29902525000, "earnings": 905709000}, {"date": "2Q2020", "revenue": 35629363000, "earnings": 1979363000}]}, "financialCurrency": "INR"}, "calendarEvents": {"maxAge": 1, "earnings": {"earningsDate": ["2020-07-29 05:30:S"]}}, "price": {"maxAge": 1, "regularMarketChangePercent": -0.016263291, "regularMarketChange": -19.150024, "regularMarketTime": "2021-04-30 15:26:22", "priceHint": 2, "regularMarketPrice": 1158.35, "regularMarketDayHigh": 1187.4, "regularMarketDayLow": 1144.6, "regularMarketVolume": 3536, "averageDailyVolume10Day": 5408, "averageDailyVolume3Month": 11504, "regularMarketPreviousClose": 1177.5, "regularMarketSource": "FREE_REALTIME", "regularMarketOpen": 1170.0, "exchange": "BSE", "exchangeName": "BSE", "exchangeDataDelayedBy": 0, "marketState": "CLOSED", "quoteType": "EQUITY", "symbol": "BBTC.BO", "underlyingSymbol": null, "shortName": "BOMBAY BURMAH TRADING CORP.LTD", "longName": "The Bombay Burmah Trading Corporation, Limited", "currency": "INR", "quoteSourceName": "Delayed Quote", "currencySymbol": "\u20b9", "fromCurrency": null, "toCurrency": null, "lastMarket": null, "marketCap": 80820281344}, "balanceSheetHistory": {"balanceSheetStatements": [{"maxAge": 1, "endDate": "2020-03-31", "cash": 1787661000, "shortTermInvestments": 1640231000, "netReceivables": 18102575000, "inventory": 8352095000, "otherCurrentAssets": 1556073000, "totalCurrentAssets": 41424092000, "longTermInvestments": 39154808000, "propertyPlantEquipment": 18938002000, "goodWill": 10220570000, "intangibleAssets": 97411000, "otherAssets": 3739126000, "deferredLongTermAssetCharges": 291534000, "totalAssets": 113574009000, "accountsPayable": 11503985000, "shortLongTermDebt": 1766797000, "otherCurrentLiab": 1927682000, "longTermDebt": 7649493000, "otherLiab": 1208263000, "minorityInterest": 22116844000, "totalCurrentLiabilities": 31588769000, "totalLiab": 40514505000, "commonStock": 139544000, "retainedEarnings": 32906926000, "treasuryStock": 16941947000, "capitalSurplus": 954243000, "otherStockholderEquity": 16941947000, "totalStockholderEquity": 50942660000, "netTangibleAssets": 40624679000}, {"maxAge": 1, "endDate": "2019-03-31", "cash": 1390982000, "shortTermInvestments": 1658923000, "netReceivables": 19155520000, "inventory": 8814141000, "otherCurrentAssets": 1739815000, "totalCurrentAssets": 39630908000, "longTermInvestments": 24544439000, "propertyPlantEquipment": 17603288000, "goodWill": 10408831000, "intangibleAssets": 91715000, "otherAssets": 2092562000, "deferredLongTermAssetCharges": 221943000, "totalAssets": 94371743000, "accountsPayable": 11723112000, "shortLongTermDebt": 1610186000, "otherCurrentLiab": 1963113000, "longTermDebt": 4715846000, "otherLiab": 840849000, "minorityInterest": 21434108000, "totalCurrentLiabilities": 23204482000, "totalLiab": 28765879000, "commonStock": 139544000, "retainedEarnings": 27157363000, "treasuryStock": 16077524000, "capitalSurplus": 797325000, "otherStockholderEquity": 16077524000, "totalStockholderEquity": 44171756000, "netTangibleAssets": 33671210000}, {"maxAge": 1, "endDate": "2018-03-31", "cash": 1950200000, "shortTermInvestments": 1304800000, "netReceivables": 14485119000, "inventory": 7273725000, "otherCurrentAssets": 2169294000, "totalCurrentAssets": 35533647000, "longTermInvestments": 19375942000, "propertyPlantEquipment": 15186163000, "goodWill": 10368558000, "intangibleAssets": 93637000, "otherAssets": 3023171000, "deferredLongTermAssetCharges": 312971000, "totalAssets": 83581118000, "accountsPayable": 10239604000, "shortLongTermDebt": 1375594000, "otherCurrentLiab": 1570007000, "longTermDebt": 6094969000, "otherLiab": 663384000, "minorityInterest": 17031828000, "totalCurrentLiabilities": 20147675000, "totalLiab": 26912849000, "commonStock": 139544000, "retainedEarnings": 24650259000, "treasuryStock": 14238503000, "capitalSurplus": 608135000, "otherStockholderEquity": 14238503000, "totalStockholderEquity": 39636441000, "netTangibleAssets": 29174246000}, {"maxAge": 1, "endDate": "2017-03-31", "cash": 1561113000, "shortTermInvestments": 1725630000, "netReceivables": 11731685000, "inventory": 7338937000, "otherCurrentAssets": 3732304000, "totalCurrentAssets": 27322152000, "longTermInvestments": 21497232000, "propertyPlantEquipment": 11607579000, "goodWill": 10617181000, "intangibleAssets": 126677000, "otherAssets": 2744113000, "deferredLongTermAssetCharges": 22856000, "totalAssets": 73914934000, "accountsPayable": 7899144000, "shortLongTermDebt": 383844000, "otherCurrentLiab": 1352406000, "longTermDebt": 5869973000, "otherLiab": 394532000, "minorityInterest": 13424256000, "totalCurrentLiabilities": 17437175000, "totalLiab": 23706080000, "commonStock": 139544000, "retainedEarnings": 21961955000, "treasuryStock": 14167086000, "capitalSurplus": 516013000, "otherStockholderEquity": 14167086000, "totalStockholderEquity": 36784598000, "netTangibleAssets": 26040740000}], "maxAge": 86400}, "earningsTrend": {"trend": [{"maxAge": 1, "period": "0q", "endDate": null, "growth": {}, "earningsEstimate": {"avg": 0.0, "low": 0.0, "high": 0.0, "yearAgoEps": {}, "numberOfAnalysts": 0, "growth": {}}, "revenueEstimate": {"avg": 0, "low": 0, "high": 0, "numberOfAnalysts": 0, "yearAgoRevenue": {}, "growth": {}}, "epsTrend": {"current": 0.0, "7daysAgo": 0.0, "30daysAgo": 0.0, "60daysAgo": 0.0, "90daysAgo": 0.0}, "epsRevisions": {"upLast7days": 0, "upLast30days": 0, "downLast30days": 0, "downLast90days": {}}}, {"maxAge": 1, "period": "+1q", "endDate": null, "growth": {}, "earningsEstimate": {"avg": 0.0, "low": 0.0, "high": 0.0, "yearAgoEps": {}, "numberOfAnalysts": 0, "growth": {}}, "revenueEstimate": {"avg": 0, "low": 0, "high": 0, "numberOfAnalysts": 0, "yearAgoRevenue": {}, "growth": {}}, "epsTrend": {"current": 0.0, "7daysAgo": 0.0, "30daysAgo": 0.0, "60daysAgo": 0.0, "90daysAgo": 0.0}, "epsRevisions": {"upLast7days": 0, "upLast30days": 0, "downLast30days": 0, "downLast90days": {}}}, {"maxAge": 1, "period": "0y", "endDate": null, "growth": {}, "earningsEstimate": {"avg": 0.0, "low": 0.0, "high": 0.0, "yearAgoEps": {}, "numberOfAnalysts": 0, "growth": {}}, "revenueEstimate": {"avg": 0, "low": 0, "high": 0, "numberOfAnalysts": 0, "yearAgoRevenue": {}, "growth": {}}, "epsTrend": {"current": 0.0, "7daysAgo": 0.0, "30daysAgo": 0.0, "60daysAgo": 0.0, "90daysAgo": 0.0}, "epsRevisions": {"upLast7days": 0, "upLast30days": 0, "downLast30days": 0, "downLast90days": {}}}, {"maxAge": 1, "period": "+1y", "endDate": null, "growth": {}, "earningsEstimate": {"avg": 0.0, "low": 0.0, "high": 0.0, "yearAgoEps": {}, "numberOfAnalysts": 0, "growth": {}}, "revenueEstimate": {"avg": 0, "low": 0, "high": 0, "numberOfAnalysts": 0, "yearAgoRevenue": {}, "growth": {}}, "epsTrend": {"current": 0.0, "7daysAgo": 0.0, "30daysAgo": 0.0, "60daysAgo": 0.0, "90daysAgo": 0.0}, "epsRevisions": {"upLast7days": 0, "upLast30days": 0, "downLast30days": 0, "downLast90days": {}}}, {"maxAge": 1, "period": "+5y", "endDate": null, "growth": {}, "earningsEstimate": {"avg": {}, "low": {}, "high": {}, "yearAgoEps": {}, "numberOfAnalysts": {}, "growth": {}}, "revenueEstimate": {"avg": {}, "low": {}, "high": {}, "numberOfAnalysts": {}, "yearAgoRevenue": {}, "growth": {}}, "epsTrend": {"current": {}, "7daysAgo": {}, "30daysAgo": {}, "60daysAgo": {}, "90daysAgo": {}}, "epsRevisions": {"upLast7days": {}, "upLast30days": {}, "downLast30days": {}, "downLast90days": {}}}, {"maxAge": 1, "period": "-5y", "endDate": null, "growth": {}, "earningsEstimate": {"avg": {}, "low": {}, "high": {}, "yearAgoEps": {}, "numberOfAnalysts": {}, "growth": {}}, "revenueEstimate": {"avg": {}, "low": {}, "high": {}, "numberOfAnalysts": {}, "yearAgoRevenue": {}, "growth": {}}, "epsTrend": {"current": {}, "7daysAgo": {}, "30daysAgo": {}, "60daysAgo": {}, "90daysAgo": {}}, "epsRevisions": {"upLast7days": {}, "upLast30days": {}, "downLast30days": {}, "downLast90days": {}}}], "maxAge": 1}, "financialData": {"maxAge": 86400, "currentPrice": 1158.35, "recommendationKey": "none", "grossProfits": 50522691000, "financialCurrency": "INR"}}}