{"BCLIND.NS": {"assetProfile": {"address1": "Hazi Rattan Link Road", "city": "Bhatinda", "zip": "151005", "country": "India", "phone": "91 16 4224 0163", "fax": "91 16 500 3638", "website": "http://www.bcl.ind.in", "industry": "Household & Personal Products", "sector": "Consumer Defensive", "longBusinessSummary": "BCL Industries Limited manufactures and sells edible oils and distillers in India and South Asian region. The company operates through three segments: Oil & Vanaspati, Distillery, and Real Estate. It provides vanaspati ghee, refined vegetable oils, edible oils, rice, and other products under the Home Cook, Do Khajoor, Murli, and WHITE GOLD brands. The company also offers extra neutral alcohol, ethanol, potable and bottled alcohol, and liquor under the ASLI SANTRA, RANJHA SANUFI, PUNJAB SPECIAL WHISKY, PUNJAB SPECIAL RUM, PUNJAB SPECIAL GIN, COZI DRY GIN, RED ROYAL WHISKY, and SUMMER CHEF VODKA brands, as well as provides hand sanitizers. In addition, it develops real estate properties, including service plots, villas, group housing, commercial complexes, malls, and dedicated temples. The company was formerly known as BCL Industries & Infrastructures Limited and changed its name to BCL Industries Limited in April 2018. BCL Industries Limited was founded in 1976 is based in Bhatinda, India.", "fullTimeEmployees": 434, "companyOfficers": [{"maxAge": 1, "name": "Mr. Rajinder  Mittal", "age": 61, "title": "MD & Exec. Director", "yearBorn": 1959, "fiscalYear": 2020, "totalPay": 3000000, "exercisedValue": 0, "unexercisedValue": 0}, {"maxAge": 1, "name": "Mr. Gulab  Singh", "age": 60, "title": "Chief Financial Officer", "yearBorn": 1960, "fiscalYear": 2020, "totalPay": 1266000, "exercisedValue": 0, "unexercisedValue": 0}, {"maxAge": 1, "name": "Mr. Gurinder Singh Makkar", "title": "Company Sec. & Compliance Officer", "fiscalYear": 2020, "totalPay": 690840, "exercisedValue": 0, "unexercisedValue": 0}, {"maxAge": 1, "name": "Mr. Sat Narain Goyal", "age": 59, "title": "Whole Time Director", "yearBorn": 1961, "fiscalYear": 2020, "totalPay": 600000, "exercisedValue": 0, "unexercisedValue": 0}, {"maxAge": 1, "name": "Mr. Kushal  Mittal", "age": 24, "title": "Joint MD & Additional Non-Exeucitve Director", "yearBorn": 1996, "exercisedValue": 0, "unexercisedValue": 0}, {"maxAge": 1, "name": "Mr. Rajeev  Vats", "age": 45, "title": "Gen. Mang. of Operations", "yearBorn": 1975, "exercisedValue": 0, "unexercisedValue": 0}, {"maxAge": 1, "name": "Mr. Deepak  Tayal", "age": 51, "title": "Additional Gen. Mang. of Technical", "yearBorn": 1969, "exercisedValue": 0, "unexercisedValue": 0}, {"maxAge": 1, "name": "Loveen  Bansal", "age": 34, "title": "Gen. Mang. of Admin.", "yearBorn": 1986, "exercisedValue": 0, "unexercisedValue": 0}, {"maxAge": 1, "name": "Mr. Avtar  Singh", "age": 52, "title": "Sr. GM & Unit Head", "yearBorn": 1968, "exercisedValue": 0, "unexercisedValue": 0}], "compensationAsOfEpochDate": "2020-12-31 05:30:00", "maxAge": 86400}, "cashflowStatementHistory": {"cashflowStatements": [{"maxAge": 1, "endDate": "2020-03-31", "netIncome": 259240000, "depreciation": 135123000, "changeToNetincome": 180104000, "changeToAccountReceivables": 317074000, "changeToLiabilities": 155405000, "changeToInventory": -664488000, "changeToOperatingActivities": -39063000, "totalCashFromOperatingActivities": 343413000, "capitalExpenditures": -133374000, "totalCashflowsFromInvestingActivities": -132474000, "dividendsPaid": -8317000, "netBorrowings": -144923000, "otherCashflowsFromFinancingActivities": -153360000, "totalCashFromFinancingActivities": -210019000, "changeInCash": 920000, "issuanceOfStock": 96581000}, {"maxAge": 1, "endDate": "2019-03-31", "netIncome": 413522000, "depreciation": 108529000, "changeToNetincome": 203836000, "changeToAccountReceivables": -541477000, "changeToLiabilities": 483157000, "changeToInventory": -38253000, "changeToOperatingActivities": -102817000, "totalCashFromOperatingActivities": 526497000, "capitalExpenditures": -185670000, "investments": -5000000, "totalCashflowsFromInvestingActivities": -189350000, "dividendsPaid": -8317000, "netBorrowings": -145606000, "otherCashflowsFromFinancingActivities": -206076000, "totalCashFromFinancingActivities": -254538000, "changeInCash": 82609000, "issuanceOfStock": 97144000}, {"maxAge": 1, "endDate": "2018-03-31", "netIncome": 179770000, "depreciation": 105527000, "changeToNetincome": 214156000, "changeToAccountReceivables": 49210000, "changeToLiabilities": -439757000, "changeToInventory": 6159000, "changeToOperatingActivities": -11833000, "totalCashFromOperatingActivities": 103232000, "capitalExpenditures": -101353000, "investments": -314051000, "totalCashflowsFromInvestingActivities": -399872000, "dividendsPaid": -8317000, "netBorrowings": 206920000, "otherCashflowsFromFinancingActivities": -163958000, "totalCashFromFinancingActivities": 159662000, "changeInCash": -135698000, "issuanceOfStock": 116700000}, {"maxAge": 1, "endDate": "2017-03-31", "netIncome": 97606000, "depreciation": 85058000, "changeToNetincome": 207026000, "changeToAccountReceivables": -170829000, "changeToLiabilities": 427107000, "changeToInventory": 7335000, "changeToOperatingActivities": -5341000, "totalCashFromOperatingActivities": 647962000, "capitalExpenditures": -462963000, "investments": 7677000, "totalCashflowsFromInvestingActivities": -451995000, "dividendsPaid": -14150000, "netBorrowings": 383667000, "otherCashflowsFromFinancingActivities": -216524000, "totalCashFromFinancingActivities": 152993000, "changeInCash": 133918000, "issuanceOfStock": 116700000}], "maxAge": 86400}, "institutionOwnership": {"maxAge": 1, "ownershipList": []}, "majorHoldersBreakdown": {"maxAge": 1, "insidersPercentHeld": 0.76869005, "institutionsPercentHeld": 0.017239999, "institutionsFloatPercentHeld": 0.07452, "institutionsCount": 1}, "balanceSheetHistoryQuarterly": {"balanceSheetStatements": [{"maxAge": 1, "endDate": "2020-12-31", "totalStockholderEquity": 2664686000, "netTangibleAssets": 2664380000}, {"maxAge": 1, "endDate": "2020-09-30", "cash": 114407000, "shortTermInvestments": 313690000, "netReceivables": 834134000, "inventory": 2391880000, "otherCurrentAssets": 278998000, "totalCurrentAssets": 3933109000, "longTermInvestments": 48455000, "propertyPlantEquipment": 1443224000, "intangibleAssets": 306000, "otherAssets": 166545000, "totalAssets": 5591639000, "accountsPayable": 499187000, "shortLongTermDebt": 1126458000, "otherCurrentLiab": 390527000, "longTermDebt": 732800000, "otherLiab": 177885000, "minorityInterest": 96000, "totalCurrentLiabilities": 2016172000, "totalLiab": 2926857000, "commonStock": 241500000, "treasuryStock": 2423186000, "otherStockholderEquity": 2423186000, "totalStockholderEquity": 2664686000, "netTangibleAssets": 2664380000}, {"maxAge": 1, "endDate": "2020-06-30", "totalStockholderEquity": 2174996000, "netTangibleAssets": 2174824000}, {"maxAge": 1, "endDate": "2020-03-31", "cash": 136276000, "shortTermInvestments": 486000, "netReceivables": 304248000, "inventory": 3326854000, "otherCurrentAssets": 520110000, "totalCurrentAssets": 4313236000, "longTermInvestments": 43155000, "propertyPlantEquipment": 1479487000, "intangibleAssets": 172000, "otherAssets": 159401000, "totalAssets": 5995451000, "accountsPayable": 1518321000, "shortLongTermDebt": 136712000, "otherCurrentLiab": 265365000, "longTermDebt": 651901000, "otherLiab": 175475000, "minorityInterest": 354000, "totalCurrentLiabilities": 2992321000, "totalLiab": 3820455000, "commonStock": 191500000, "retainedEarnings": 1362951000, "treasuryStock": 86441000, "capitalSurplus": 533750000, "otherStockholderEquity": 86441000, "totalStockholderEquity": 2174642000, "netTangibleAssets": 2174470000}], "maxAge": 86400}, "indexTrend": {"maxAge": 1, "symbol": "SP5", "peRatio": 19.7411, "pegRatio": 1.34172, "estimates": [{"period": "0q", "growth": 0.549}, {"period": "+1q", "growth": 0.431}, {"period": "0y", "growth": 0.305}, {"period": "+1y", "growth": 0.109}, {"period": "+5y", "growth": 0.120865}, {"period": "-5y"}]}, "defaultKeyStatistics": {"maxAge": 1, "priceHint": 2, "enterpriseValue": 4336501760, "profitMargins": 0.02636, "floatShares": 4143657, "sharesOutstanding": 24150000, "heldPercentInsiders": 0.76869005, "heldPercentInstitutions": 0.017239999, "beta": 1.543627, "impliedSharesOutstanding": 24150000, "category": null, "bookValue": 110.339, "priceToBook": 1.0997925, "fundFamily": null, "legalType": null, "lastFiscalYearEnd": "2020-03-31 05:30:00", "nextFiscalYearEnd": "2022-03-31 05:30:00", "mostRecentQuarter": "2020-12-31 05:30:00", "earningsQuarterlyGrowth": 0.196, "netIncomeToCommon": 323168000, "trailingEps": 15.238, "lastSplitFactor": null, "enterpriseToRevenue": 0.354, "enterpriseToEbitda": 5.786, "52WeekChange": -0.054169893, "SandP52WeekChange": 0.48148263}, "summaryProfile": {"address1": "Hazi Rattan Link Road", "city": "Bhatinda", "zip": "151005", "country": "India", "phone": "91 16 4224 0163", "fax": "91 16 500 3638", "website": "http://www.bcl.ind.in", "industry": "Household & Personal Products", "sector": "Consumer Defensive", "longBusinessSummary": "BCL Industries Limited manufactures and sells edible oils and distillers in India and South Asian region. The company operates through three segments: Oil & Vanaspati, Distillery, and Real Estate. It provides vanaspati ghee, refined vegetable oils, edible oils, rice, and other products under the Home Cook, Do Khajoor, Murli, and WHITE GOLD brands. The company also offers extra neutral alcohol, ethanol, potable and bottled alcohol, and liquor under the ASLI SANTRA, RANJHA SANUFI, PUNJAB SPECIAL WHISKY, PUNJAB SPECIAL RUM, PUNJAB SPECIAL GIN, COZI DRY GIN, RED ROYAL WHISKY, and SUMMER CHEF VODKA brands, as well as provides hand sanitizers. In addition, it develops real estate properties, including service plots, villas, group housing, commercial complexes, malls, and dedicated temples. The company was formerly known as BCL Industries & Infrastructures Limited and changed its name to BCL Industries Limited in April 2018. BCL Industries Limited was founded in 1976 is based in Bhatinda, India.", "fullTimeEmployees": 434, "companyOfficers": [], "maxAge": 86400}, "netSharePurchaseActivity": {"maxAge": 1, "period": "6m", "buyInfoCount": 0, "buyInfoShares": 0, "sellInfoCount": 0, "netInfoCount": 0, "netInfoShares": 0, "netPercentInsiderShares": 0.0, "totalInsiderShares": 18563864}, "insiderTransactions": {"transactions": [{"maxAge": 1, "shares": 800000, "filerUrl": "", "transactionText": "Other at price 0.00 per share.", "filerName": "Mittal (Rajinder)", "filerRelation": "Promoter", "moneyText": "", "startDate": "2020-08-03", "ownership": "D"}, {"maxAge": 1, "shares": 1000000, "filerUrl": "", "transactionText": "Other at price 0.00 per share.", "filerName": "Mittal (Kushal)", "filerRelation": "Promoter", "moneyText": "", "startDate": "2020-08-03", "ownership": "D"}, {"maxAge": 1, "shares": 800000, "filerUrl": "", "transactionText": "Other at price 0.00 per share.", "filerName": "Mittal (Sunita)", "filerRelation": "Promoter", "moneyText": "", "startDate": "2020-08-03", "ownership": "D"}, {"maxAge": 1, "shares": 467000, "filerUrl": "", "transactionText": "", "filerName": "Mittal (Rajinder & Sons)", "filerRelation": "Promoter", "moneyText": "", "startDate": "2019-04-05", "ownership": "D"}, {"maxAge": 1, "shares": 1050000, "filerUrl": "", "transactionText": "", "filerName": "Mittal (Rajinder)", "filerRelation": "Promoter", "moneyText": "", "startDate": "2019-04-05", "ownership": "D"}, {"maxAge": 1, "shares": 200000, "filerUrl": "", "transactionText": "", "filerName": "Mittal (Sunita)", "filerRelation": "Promoter", "moneyText": "", "startDate": "2019-04-05", "ownership": "D"}, {"maxAge": 1, "shares": 200000, "filerUrl": "", "transactionText": "", "filerName": "Mittal (Rajinder)", "filerRelation": "Promoter", "moneyText": "", "startDate": "2018-05-30", "ownership": "D"}, {"maxAge": 1, "shares": 783000, "filerUrl": "", "transactionText": "", "filerName": "Mittal (Rajinder & Sons)", "filerRelation": "Promoter", "moneyText": "", "startDate": "2018-05-30", "ownership": "D"}, {"maxAge": 1, "shares": 1464850, "filerUrl": "", "transactionText": "", "filerName": "Mittal (Kushal)", "filerRelation": "Promoter", "moneyText": "", "startDate": "2018-05-30", "ownership": "D"}, {"maxAge": 1, "shares": 707000, "filerUrl": "", "transactionText": "", "filerName": "Mittal (Kushal)", "filerRelation": "UNREPORTED", "moneyText": "", "startDate": "2016-06-29", "ownership": "D"}], "maxAge": 1}, "quoteType": {"exchange": "NSI", "quoteType": "EQUITY", "symbol": "BCLIND.NS", "underlyingSymbol": "BCLIND.NS", "shortName": "BCL Industries Limited", "longName": "BCL Industries Limited", "firstTradeDateEpochUtc": "2021-03-04 09:15:00", "timeZoneFullName": "Asia/Kolkata", "timeZoneShortName": "IST", "uuid": "e898d61d-063d-32c1-8e64-87a4d8f7ac87", "messageBoardId": "finmb_20333704", "gmtOffSetMilliseconds": 19800000, "maxAge": 1}, "incomeStatementHistory": {"incomeStatementHistory": [{"maxAge": 1, "endDate": "2020-03-31", "totalRevenue": 9183239000, "costOfRevenue": 7450392000, "grossProfit": 1732847000, "researchDevelopment": {}, "sellingGeneralAdministrative": 138698000, "nonRecurring": {}, "otherOperatingExpenses": 966938000, "totalOperatingExpenses": 8691169000, "operatingIncome": 492070000, "totalOtherIncomeExpenseNet": -143155000, "ebit": 492070000, "interestExpense": -136937000, "incomeBeforeTax": 348915000, "incomeTaxExpense": 90422000, "minorityInterest": 354000, "netIncomeFromContinuingOps": 258493000, "discontinuedOperations": {}, "extraordinaryItems": {}, "effectOfAccountingCharges": {}, "otherItems": {}, "netIncome": 259240000, "netIncomeApplicableToCommonShares": 259240000}, {"maxAge": 1, "endDate": "2019-03-31", "totalRevenue": 8961340000, "costOfRevenue": 7078827000, "grossProfit": 1882513000, "researchDevelopment": {}, "sellingGeneralAdministrative": 137207000, "nonRecurring": {}, "otherOperatingExpenses": 942946000, "totalOperatingExpenses": 8267509000, "operatingIncome": 693831000, "totalOtherIncomeExpenseNet": -176254000, "ebit": 693831000, "interestExpense": -178537000, "incomeBeforeTax": 517577000, "incomeTaxExpense": 104813000, "minorityInterest": 1101000, "netIncomeFromContinuingOps": 412764000, "discontinuedOperations": {}, "extraordinaryItems": {}, "effectOfAccountingCharges": {}, "otherItems": {}, "netIncome": 413522000, "netIncomeApplicableToCommonShares": 413522000}, {"maxAge": 1, "endDate": "2018-03-31", "totalRevenue": 8507865000, "costOfRevenue": 6765857000, "grossProfit": 1742008000, "researchDevelopment": {}, "sellingGeneralAdministrative": 134704000, "nonRecurring": {}, "otherOperatingExpenses": 1081098000, "totalOperatingExpenses": 8087186000, "operatingIncome": 420679000, "totalOtherIncomeExpenseNet": -203194000, "ebit": 420679000, "interestExpense": -188859000, "incomeBeforeTax": 217485000, "incomeTaxExpense": 39137000, "minorityInterest": 248000, "netIncomeFromContinuingOps": 178348000, "discontinuedOperations": {}, "extraordinaryItems": {}, "effectOfAccountingCharges": {}, "otherItems": {}, "netIncome": 179770000, "netIncomeApplicableToCommonShares": 179770000}, {"maxAge": 1, "endDate": "2017-03-31", "totalRevenue": 6598792000, "costOfRevenue": 5144529000, "grossProfit": 1454263000, "researchDevelopment": {}, "sellingGeneralAdministrative": 92249000, "nonRecurring": {}, "otherOperatingExpenses": 956564000, "totalOperatingExpenses": 6278400000, "operatingIncome": 320392000, "totalOtherIncomeExpenseNet": -207446000, "ebit": 320392000, "interestExpense": -163875000, "incomeBeforeTax": 112946000, "incomeTaxExpense": 15340000, "minorityInterest": 248000, "netIncomeFromContinuingOps": 97606000, "discontinuedOperations": {}, "extraordinaryItems": {}, "effectOfAccountingCharges": {}, "otherItems": {}, "netIncome": 97606000, "netIncomeApplicableToCommonShares": 97606000}], "maxAge": 86400}, "fundOwnership": {"maxAge": 1, "ownershipList": []}, "summaryDetail": {"maxAge": 1, "priceHint": 2, "previousClose": 120.3, "open": 120.5, "dayLow": 118.65, "dayHigh": 125.9, "regularMarketPreviousClose": 120.3, "regularMarketOpen": 120.5, "regularMarketDayLow": 118.65, "regularMarketDayHigh": 125.9, "payoutRatio": 0.0, "beta": 1.543627, "trailingPE": 7.9636436, "volume": 172798, "regularMarketVolume": 172798, "averageVolume": 161879, "averageVolume10days": 92388, "averageDailyVolume10Day": 92388, "bid": 0.0, "ask": 0.0, "marketCap": 2931815936, "fiftyTwoWeekLow": 98.0, "fiftyTwoWeekHigh": 148.0, "priceToSalesTrailing12Months": 0.23914847, "fiftyDayAverage": 113.91805, "twoHundredDayAverage": 114.90119, "currency": "INR", "fromCurrency": null, "toCurrency": null, "lastMarket": null, "algorithm": null, "tradeable": false}, "incomeStatementHistoryQuarterly": {"incomeStatementHistory": [{"maxAge": 1, "endDate": "2020-12-31", "totalRevenue": 3978493000, "costOfRevenue": 3438571000, "grossProfit": 539922000, "researchDevelopment": {}, "sellingGeneralAdministrative": 39334000, "nonRecurring": {}, "otherOperatingExpenses": 281878000, "totalOperatingExpenses": 3791683000, "operatingIncome": 186810000, "totalOtherIncomeExpenseNet": -46753000, "ebit": 186810000, "interestExpense": -46753000, "incomeBeforeTax": 140057000, "incomeTaxExpense": 39382000, "minorityInterest": {}, "netIncomeFromContinuingOps": 100675000, "discontinuedOperations": {}, "extraordinaryItems": {}, "effectOfAccountingCharges": {}, "otherItems": {}, "netIncome": 101065000, "netIncomeApplicableToCommonShares": 101065000}, {"maxAge": 1, "endDate": "2020-09-30", "totalRevenue": 3247599000, "costOfRevenue": 2794453000, "grossProfit": 453146000, "researchDevelopment": {}, "sellingGeneralAdministrative": 33223000, "nonRecurring": {}, "otherOperatingExpenses": 216282000, "totalOperatingExpenses": 3074636000, "operatingIncome": 172963000, "totalOtherIncomeExpenseNet": -26472000, "ebit": 172963000, "interestExpense": -26472000, "incomeBeforeTax": 146491000, "incomeTaxExpense": 28755000, "minorityInterest": 96000, "netIncomeFromContinuingOps": 117736000, "discontinuedOperations": {}, "extraordinaryItems": {}, "effectOfAccountingCharges": {}, "otherItems": {}, "netIncome": 117736000, "netIncomeApplicableToCommonShares": 117736000}, {"maxAge": 1, "endDate": "2020-06-30", "totalRevenue": 2750986000, "costOfRevenue": 2303750000, "grossProfit": 447236000, "researchDevelopment": {}, "sellingGeneralAdministrative": 26897000, "nonRecurring": {}, "otherOperatingExpenses": 249256000, "totalOperatingExpenses": 2612769000, "operatingIncome": 138217000, "totalOtherIncomeExpenseNet": -38035000, "ebit": 138217000, "interestExpense": -38035000, "incomeBeforeTax": 100182000, "incomeTaxExpense": 30000000, "minorityInterest": 96000, "netIncomeFromContinuingOps": 70182000, "discontinuedOperations": {}, "extraordinaryItems": {}, "effectOfAccountingCharges": {}, "otherItems": {}, "netIncome": 70306000, "netIncomeApplicableToCommonShares": 70306000}, {"maxAge": 1, "endDate": "2020-03-31", "totalRevenue": 2241548000, "costOfRevenue": 1924944000, "grossProfit": 316604000, "researchDevelopment": {}, "sellingGeneralAdministrative": 37009000, "nonRecurring": {}, "otherOperatingExpenses": 147668000, "totalOperatingExpenses": 2143924000, "operatingIncome": 97624000, "totalOtherIncomeExpenseNet": -33851000, "ebit": 97624000, "interestExpense": -27633000, "incomeBeforeTax": 63773000, "incomeTaxExpense": 28922000, "minorityInterest": 354000, "netIncomeFromContinuingOps": 34851000, "discontinuedOperations": {}, "extraordinaryItems": {}, "effectOfAccountingCharges": {}, "otherItems": {}, "netIncome": 34575000, "netIncomeApplicableToCommonShares": 34575000}], "maxAge": 86400}, "cashflowStatementHistoryQuarterly": {"cashflowStatements": [{"maxAge": 1, "endDate": "2020-12-31", "netIncome": 101065000, "changeToLiabilities": 0}, {"maxAge": 1, "endDate": "2020-09-30", "netIncome": 117736000, "changeToLiabilities": 0}, {"maxAge": 1, "endDate": "2020-06-30", "netIncome": 70306000, "changeToLiabilities": 0}, {"maxAge": 1, "endDate": "2020-03-31", "netIncome": 34575000, "changeToLiabilities": 0}], "maxAge": 86400}, "insiderHolders": {"holders": [{"maxAge": 1, "name": "Mittal (Kushal)", "relation": "Promoter", "url": "", "transactionDescription": "Other", "latestTransDate": "2020-08-03", "positionDirect": 3171850, "positionDirectDate": "2020-08-03"}, {"maxAge": 1, "name": "Mittal (Rajinder & Sons)", "relation": "Promoter", "url": "", "transactionDescription": "Acquisition", "latestTransDate": "2019-04-05", "positionDirect": 1441140, "positionDirectDate": "2019-04-05"}, {"maxAge": 1, "name": "Mittal (Rajinder)", "relation": "Promoter", "url": "", "transactionDescription": "Other", "latestTransDate": "2020-08-03", "positionDirect": 3280500, "positionDirectDate": "2020-08-03"}, {"maxAge": 1, "name": "Mittal (Sunita)", "relation": "Promoter", "url": "", "transactionDescription": "Other", "latestTransDate": "2020-08-03", "positionDirect": 4647297, "positionDirectDate": "2020-08-03"}], "maxAge": 1}, "calendarEvents": {"maxAge": 1, "earnings": {"earningsDate": []}}, "price": {"maxAge": 1, "regularMarketChangePercent": 0.008728141, "regularMarketChange": 1.0499954, "regularMarketTime": "2021-04-30 15:29:54", "priceHint": 2, "regularMarketPrice": 121.35, "regularMarketDayHigh": 125.9, "regularMarketDayLow": 118.65, "regularMarketVolume": 172798, "averageDailyVolume10Day": 92388, "averageDailyVolume3Month": 161879, "regularMarketPreviousClose": 120.3, "regularMarketSource": "FREE_REALTIME", "regularMarketOpen": 120.5, "exchange": "NSI", "exchangeName": "NSE", "exchangeDataDelayedBy": 15, "marketState": "CLOSED", "quoteType": "EQUITY", "symbol": "BCLIND.NS", "underlyingSymbol": null, "shortName": "BCL Industries Limited", "longName": "BCL Industries Limited", "currency": "INR", "quoteSourceName": "Delayed Quote", "currencySymbol": "\u20b9", "fromCurrency": null, "toCurrency": null, "lastMarket": null, "marketCap": 2931815936}, "balanceSheetHistory": {"balanceSheetStatements": [{"maxAge": 1, "endDate": "2020-03-31", "cash": 136276000, "shortTermInvestments": 486000, "netReceivables": 304248000, "inventory": 3326854000, "otherCurrentAssets": 520110000, "totalCurrentAssets": 4313236000, "longTermInvestments": 43155000, "propertyPlantEquipment": 1479487000, "intangibleAssets": 172000, "otherAssets": 159401000, "totalAssets": 5995451000, "accountsPayable": 1518321000, "shortLongTermDebt": 136712000, "otherCurrentLiab": 265365000, "longTermDebt": 651901000, "otherLiab": 175475000, "minorityInterest": 354000, "totalCurrentLiabilities": 2992321000, "totalLiab": 3820455000, "commonStock": 191500000, "retainedEarnings": 1362951000, "treasuryStock": 86441000, "capitalSurplus": 533750000, "otherStockholderEquity": 86441000, "totalStockholderEquity": 2174642000, "netTangibleAssets": 2174470000}, {"maxAge": 1, "endDate": "2019-03-31", "cash": 135356000, "shortTermInvestments": 486000, "netReceivables": 616893000, "inventory": 2662366000, "otherCurrentAssets": 498072000, "totalCurrentAssets": 3934103000, "longTermInvestments": 32556000, "propertyPlantEquipment": 1482306000, "goodWill": 1571000, "otherAssets": 152107000, "totalAssets": 5602643000, "accountsPayable": 1520193000, "shortLongTermDebt": 153958000, "otherCurrentLiab": 192395000, "longTermDebt": 864536000, "otherLiab": 130325000, "minorityInterest": 1101000, "totalCurrentLiabilities": 2779103000, "totalLiab": 3773964000, "commonStock": 174330000, "retainedEarnings": 1119917000, "treasuryStock": 111186000, "capitalSurplus": 422145000, "otherStockholderEquity": 111186000, "totalStockholderEquity": 1827578000, "netTangibleAssets": 1826007000}, {"maxAge": 1, "endDate": "2018-03-31", "cash": 52747000, "shortTermInvestments": 486000, "netReceivables": 493773000, "inventory": 2624113000, "otherCurrentAssets": 319298000, "totalCurrentAssets": 3504161000, "longTermInvestments": 22018000, "propertyPlantEquipment": 1405103000, "goodWill": 1571000, "otherAssets": 18284000, "totalAssets": 4951137000, "accountsPayable": 1011146000, "shortLongTermDebt": 230273000, "otherCurrentLiab": 208457000, "longTermDebt": 990189000, "otherLiab": 121479000, "minorityInterest": 248000, "totalCurrentLiabilities": 2521730000, "totalLiab": 3633398000, "commonStock": 157060000, "retainedEarnings": 714086000, "treasuryStock": 136455000, "capitalSurplus": 309890000, "otherStockholderEquity": 136455000, "totalStockholderEquity": 1317491000, "netTangibleAssets": 1315920000}, {"maxAge": 1, "endDate": "2017-03-31", "cash": 188445000, "shortTermInvestments": 456000, "netReceivables": 470957000, "inventory": 2412959000, "otherCurrentAssets": 290484000, "totalCurrentAssets": 3376154000, "longTermInvestments": 28653000, "propertyPlantEquipment": 1382704000, "otherAssets": 20825000, "totalAssets": 4808336000, "accountsPayable": 1333451000, "shortLongTermDebt": 165603000, "otherCurrentLiab": 101395000, "longTermDebt": 1078062000, "otherLiab": 191781000, "totalCurrentLiabilities": 2561875000, "totalLiab": 3831718000, "commonStock": 141500000, "retainedEarnings": 552120000, "treasuryStock": 74248000, "capitalSurplus": 208750000, "otherStockholderEquity": 74248000, "totalStockholderEquity": 976618000, "netTangibleAssets": 976618000}], "maxAge": 86400}, "financialData": {"maxAge": 86400, "currentPrice": 121.35, "recommendationKey": "none", "totalCash": 428096992, "totalCashPerShare": 17.727, "ebitda": 749476736, "totalDebt": 1859257984, "totalRevenue": 12259396608, "debtToEquity": 69.771, "revenuePerShare": 578.071, "grossProfits": 1732847000, "earningsGrowth": -0.054, "revenueGrowth": 0.491, "grossMargins": 0.14664, "ebitdaMargins": 0.06113, "operatingMargins": 0.04858, "profitMargins": 0.02636, "financialCurrency": "INR"}}}