{"BCP.BO": {"cashflowStatementHistory": {"cashflowStatements": [{"maxAge": 1, "endDate": "2020-03-31", "netIncome": 10394019, "depreciation": 4758121, "changeToNetincome": 22643842, "changeToAccountReceivables": 204816208, "changeToLiabilities": -105961329, "changeToInventory": 15478272, "changeToOperatingActivities": -154633349, "totalCashFromOperatingActivities": -2504216, "capitalExpenditures": -864826, "otherCashflowsFromInvestingActivities": 15857128, "totalCashflowsFromInvestingActivities": 14710410, "netBorrowings": -7922753, "otherCashflowsFromFinancingActivities": -24803069, "totalCashFromFinancingActivities": -32725822, "changeInCash": -20519628}, {"maxAge": 1, "endDate": "2019-03-31", "netIncome": 22292162, "depreciation": 6057123, "changeToNetincome": 32424155, "changeToAccountReceivables": 252595215, "changeToLiabilities": -1149065919, "changeToInventory": 309329102, "changeToOperatingActivities": 151451287, "totalCashFromOperatingActivities": -374916875, "capitalExpenditures": -3467117, "otherCashflowsFromInvestingActivities": 88186569, "totalCashflowsFromInvestingActivities": 85234785, "netBorrowings": 92693304, "otherCashflowsFromFinancingActivities": -45974866, "totalCashFromFinancingActivities": 46718438, "changeInCash": -242963651}, {"maxAge": 1, "endDate": "2018-03-31", "netIncome": 50341045, "depreciation": 5733315, "changeToNetincome": 24339501, "changeToAccountReceivables": 120824913, "changeToLiabilities": 963415134, "changeToInventory": -391009393, "changeToOperatingActivities": -305520022, "totalCashFromOperatingActivities": 468124493, "capitalExpenditures": -3999175, "otherCashflowsFromInvestingActivities": -63322930, "totalCashflowsFromInvestingActivities": -68118235, "netBorrowings": -113947813, "otherCashflowsFromFinancingActivities": -21767753, "totalCashFromFinancingActivities": -135715566, "changeInCash": 264290692}, {"maxAge": 1, "endDate": "2017-03-31", "netIncome": 6821358, "depreciation": 6688892, "changeToNetincome": 9992000, "changeToAccountReceivables": -470634433, "changeToLiabilities": 211089119, "changeToInventory": 37942131, "changeToOperatingActivities": 157996228, "totalCashFromOperatingActivities": -40104705, "capitalExpenditures": -284761, "otherCashflowsFromInvestingActivities": 19673474, "totalCashflowsFromInvestingActivities": 20824984, "netBorrowings": 30206706, "otherCashflowsFromFinancingActivities": -13510547, "totalCashFromFinancingActivities": 16696159, "changeInCash": -2583562}], "maxAge": 86400}, "institutionOwnership": {"maxAge": 1, "ownershipList": []}, "balanceSheetHistoryQuarterly": {"balanceSheetStatements": [{"maxAge": 1, "endDate": "2020-06-30", "totalStockholderEquity": 310180450, "netTangibleAssets": 310179865}, {"maxAge": 1, "endDate": "2020-03-31", "cash": 2173743, "netReceivables": 302711839, "inventory": 192593801, "otherCurrentAssets": 220529110, "totalCurrentAssets": 718648052, "longTermInvestments": 20000, "propertyPlantEquipment": 30451896, "intangibleAssets": 585, "otherAssets": 2163623, "deferredLongTermAssetCharges": 1973230, "totalAssets": 751284156, "accountsPayable": 191125358, "otherCurrentLiab": 821796, "totalCurrentLiabilities": 441103708, "totalLiab": 441103708, "commonStock": 117600000, "retainedEarnings": 115795271, "capitalSurplus": 76785179, "totalStockholderEquity": 310180450, "netTangibleAssets": 310179865}, {"maxAge": 1, "endDate": "2019-12-31", "totalStockholderEquity": 317842000, "netTangibleAssets": 317841000}, {"maxAge": 1, "endDate": "2019-09-30", "cash": 3436000, "netReceivables": 351047000, "inventory": 16039000, "otherCurrentAssets": 113232000, "totalCurrentAssets": 483754000, "longTermInvestments": 20000, "propertyPlantEquipment": 32826000, "intangibleAssets": 1000, "otherAssets": 2027000, "deferredLongTermAssetCharges": 1844000, "totalAssets": 518628000, "accountsPayable": 31077000, "otherCurrentLiab": 6165000, "totalCurrentLiabilities": 200786000, "totalLiab": 200786000, "commonStock": 117600000, "treasuryStock": 200242000, "otherStockholderEquity": 200242000, "totalStockholderEquity": 317842000, "netTangibleAssets": 317841000}], "maxAge": 86400}, "indexTrend": {"maxAge": 1, "symbol": "SP5", "peRatio": 19.7411, "pegRatio": 1.34172, "estimates": [{"period": "0q", "growth": 0.549}, {"period": "+1q", "growth": 0.431}, {"period": "0y", "growth": 0.305}, {"period": "+1y", "growth": 0.109}, {"period": "+5y", "growth": 0.120865}, {"period": "-5y"}]}, "insiderTransactions": {"transactions": [{"maxAge": 1, "shares": 50000, "filerUrl": "", "transactionText": "", "filerName": "Bon Lon Securities Ltd", "filerRelation": "Promoter", "moneyText": "", "startDate": "2019-09-18", "ownership": "D"}, {"maxAge": 1, "shares": 605500, "filerUrl": "", "transactionText": "", "filerName": "Bon Lon Securities Ltd", "filerRelation": "Promoter", "moneyText": "", "startDate": "2019-09-16", "ownership": "D"}, {"maxAge": 1, "shares": 117334, "filerUrl": "", "transactionText": "", "filerName": "Bon Lon Pvt", "filerRelation": "Promoter", "moneyText": "", "startDate": "2019-09-12", "ownership": "D"}, {"maxAge": 1, "shares": 1472666, "filerUrl": "", "transactionText": "", "filerName": "Bon Lon Pvt", "filerRelation": "Promoter", "moneyText": "", "startDate": "2019-09-06", "ownership": "D"}, {"maxAge": 1, "shares": 821126, "filerUrl": "", "transactionText": "", "filerName": "Vinco Metals Pvt. Ltd.", "filerRelation": "Promoter", "moneyText": "", "startDate": "2019-08-30", "ownership": "D"}, {"maxAge": 1, "shares": 305277, "filerUrl": "", "transactionText": "", "filerName": "Bonlon Industries Ltd.", "filerRelation": "Promoter", "moneyText": "", "startDate": "2019-08-30", "ownership": "D"}, {"maxAge": 1, "shares": 460052, "filerUrl": "", "transactionText": "", "filerName": "Vinco Metals Pvt. Ltd.", "filerRelation": "Promoter", "moneyText": "", "startDate": "2019-08-20", "ownership": "D"}, {"maxAge": 1, "shares": 826574, "filerUrl": "", "transactionText": "", "filerName": "Vinco Metals Pvt. Ltd.", "filerRelation": "Promoter", "moneyText": "", "startDate": "2019-07-31", "ownership": "D"}, {"maxAge": 1, "shares": 632622, "filerUrl": "", "transactionText": "", "filerName": "Vinco Metals Pvt. Ltd.", "filerRelation": "Promoter", "moneyText": "", "startDate": "2019-07-26", "ownership": "D"}, {"maxAge": 1, "shares": 115000, "filerUrl": "", "transactionText": "", "filerName": "Vinco Metals Pvt. Ltd.", "filerRelation": "Promoter", "moneyText": "", "startDate": "2019-07-22", "ownership": "D"}, {"maxAge": 1, "shares": 1272750, "filerUrl": "", "transactionText": "", "filerName": "Vinco Metals Pvt. Ltd.", "filerRelation": "Promoter", "moneyText": "", "startDate": "2019-06-28", "ownership": "D"}, {"maxAge": 1, "shares": 2391876, "filerUrl": "", "transactionText": "", "filerName": "Vinco Metals Pvt. Ltd.", "filerRelation": "Promoter", "moneyText": "", "startDate": "2019-06-27", "ownership": "D"}, {"maxAge": 1, "shares": 696500, "filerUrl": "", "transactionText": "", "filerName": "Bon Lon Securities Ltd", "filerRelation": "Promoter", "moneyText": "", "startDate": "2019-06-25", "ownership": "D"}, {"maxAge": 1, "shares": 282126, "filerUrl": "", "transactionText": "", "filerName": "Jain (Ankit)", "filerRelation": "Promoter", "moneyText": "", "startDate": "2019-06-19", "ownership": "D"}, {"maxAge": 1, "shares": 406000, "filerUrl": "", "transactionText": "", "filerName": "Jain (Harshit)", "filerRelation": "Additonal Director", "moneyText": "", "startDate": "2019-06-14", "ownership": "D"}, {"maxAge": 1, "shares": 1315500, "filerUrl": "", "transactionText": "", "filerName": "Jain (Harshit)", "filerRelation": "Additonal Director", "moneyText": "", "startDate": "2019-06-07", "ownership": "D"}, {"maxAge": 1, "shares": 1210000, "filerUrl": "", "transactionText": "", "filerName": "Jain (Harshit)", "filerRelation": "Additonal Director", "moneyText": "", "startDate": "2019-06-04", "ownership": "D"}, {"maxAge": 1, "shares": 550000, "filerUrl": "", "transactionText": "", "filerName": "Bonlon Industries Ltd.", "filerRelation": "Institution- Corporation", "moneyText": "", "startDate": "2019-06-03", "ownership": "D"}, {"maxAge": 1, "shares": 880000, "filerUrl": "", "transactionText": "", "filerName": "Bonlon Industries Ltd.", "filerRelation": "Institution- Corporation", "moneyText": "", "startDate": "2019-05-31", "ownership": "D"}, {"maxAge": 1, "shares": 947323, "filerUrl": "", "transactionText": "", "filerName": "Bonlon Industries Ltd.", "filerRelation": "Institution- Corporation", "moneyText": "", "startDate": "2019-05-29", "ownership": "D"}, {"maxAge": 1, "shares": 510000, "filerUrl": "", "transactionText": "", "filerName": "Bonlon Industries Ltd.", "filerRelation": "Institution- Corporation", "moneyText": "", "startDate": "2019-05-24", "ownership": "D"}, {"maxAge": 1, "shares": 500000, "filerUrl": "", "transactionText": "", "filerName": "Bonlon Industries Ltd.", "filerRelation": "Institution- Corporation", "moneyText": "", "startDate": "2019-05-21", "ownership": "D"}, {"maxAge": 1, "shares": 482400, "filerUrl": "", "transactionText": "", "filerName": "Bonlon Industries Ltd.", "filerRelation": "Institution- Corporation", "moneyText": "", "startDate": "2019-05-17", "ownership": "D"}, {"maxAge": 1, "shares": 285000, "filerUrl": "", "transactionText": "", "filerName": "Bonlon Industries Ltd.", "filerRelation": "Institution- Corporation", "moneyText": "", "startDate": "2019-03-28", "ownership": "D"}, {"maxAge": 1, "shares": 500000, "filerUrl": "", "transactionText": "", "filerName": "Bon Lon Steels Pvt Ltd", "filerRelation": "Institution- Corporation", "moneyText": "", "startDate": "2019-03-25", "ownership": "D"}, {"maxAge": 1, "shares": 75000, "filerUrl": "", "transactionText": "", "filerName": "Jain (Smita)", "filerRelation": "Promoter", "moneyText": "", "startDate": "2019-01-31", "ownership": "D"}, {"maxAge": 1, "shares": 25000, "filerUrl": "", "transactionText": "", "filerName": "Bon Lon Steels Pvt Ltd", "filerRelation": "Institution- Corporation", "moneyText": "", "startDate": "2019-01-31", "ownership": "D"}, {"maxAge": 1, "shares": 250000, "filerUrl": "", "transactionText": "", "filerName": "Bon Lon Steels Pvt Ltd", "filerRelation": "Institution- Corporation", "moneyText": "", "startDate": "2019-01-18", "ownership": "D"}, {"maxAge": 1, "shares": 1975000, "filerUrl": "", "transactionText": "", "filerName": "Bon Lon Steels Pvt Ltd", "filerRelation": "Institution- Corporation", "moneyText": "", "startDate": "2019-01-01", "ownership": "D"}, {"maxAge": 1, "shares": 682000, "filerUrl": "", "transactionText": "", "filerName": "Jain (Harshit)", "filerRelation": "Additonal Director", "moneyText": "", "startDate": "2018-12-21", "ownership": "D"}], "maxAge": 1}, "quoteType": {"exchange": "BSE", "quoteType": "EQUITY", "symbol": "BCP.BO", "underlyingSymbol": "BCP.BO", "shortName": "B.C. POWER CONTROLS LTD", "longName": "B.C. Power Controls Limited", "firstTradeDateEpochUtc": "2014-03-14 09:15:00", "timeZoneFullName": "Asia/Kolkata", "timeZoneShortName": "IST", "uuid": "d3bfd964-7e0e-36cb-a972-3efb301e1b68", "messageBoardId": null, "gmtOffSetMilliseconds": 19800000, "maxAge": 1}, "incomeStatementHistory": {"incomeStatementHistory": [{"maxAge": 1, "endDate": "2020-03-31", "totalRevenue": 1925502391, "costOfRevenue": 1855843095, "grossProfit": 69659296, "researchDevelopment": {}, "sellingGeneralAdministrative": 11099937, "nonRecurring": {}, "otherOperatingExpenses": 23177870, "totalOperatingExpenses": 1894879023, "operatingIncome": 30623368, "totalOtherIncomeExpenseNet": -15981557, "ebit": 30623368, "interestExpense": -22334025, "incomeBeforeTax": 14641811, "incomeTaxExpense": 4247792, "minorityInterest": {}, "netIncomeFromContinuingOps": 10394019, "discontinuedOperations": {}, "extraordinaryItems": {}, "effectOfAccountingCharges": {}, "otherItems": {}, "netIncome": 10394019, "netIncomeApplicableToCommonShares": 10394019}, {"maxAge": 1, "endDate": "2019-03-31", "totalRevenue": 4836900952, "costOfRevenue": 4718512384, "grossProfit": 118388568, "researchDevelopment": {}, "sellingGeneralAdministrative": 11149187, "nonRecurring": {}, "otherOperatingExpenses": 51895196, "totalOperatingExpenses": 4787613890, "operatingIncome": 49287062, "totalOtherIncomeExpenseNet": -14739831, "ebit": 49287062, "interestExpense": -44799392, "incomeBeforeTax": 34547231, "incomeTaxExpense": 12255069, "minorityInterest": {}, "netIncomeFromContinuingOps": 22292162, "discontinuedOperations": {}, "extraordinaryItems": {}, "effectOfAccountingCharges": {}, "otherItems": {}, "netIncome": 22292162, "netIncomeApplicableToCommonShares": 22292162}, {"maxAge": 1, "endDate": "2018-03-31", "totalRevenue": 4934316377, "costOfRevenue": 4786250285, "grossProfit": 148066092, "researchDevelopment": {}, "sellingGeneralAdministrative": 8590702, "nonRecurring": {}, "otherOperatingExpenses": 51161809, "totalOperatingExpenses": 4851736111, "operatingIncome": 82580266, "totalOtherIncomeExpenseNet": -8005491, "ebit": 82580266, "interestExpense": -16537760, "incomeBeforeTax": 74574775, "incomeTaxExpense": 24233730, "minorityInterest": {}, "netIncomeFromContinuingOps": 50341045, "discontinuedOperations": {}, "extraordinaryItems": {}, "effectOfAccountingCharges": {}, "otherItems": {}, "netIncome": 50341045, "netIncomeApplicableToCommonShares": 50341045}, {"maxAge": 1, "endDate": "2017-03-31", "totalRevenue": 3548960205, "costOfRevenue": 3484437997, "grossProfit": 64522208, "researchDevelopment": {}, "sellingGeneralAdministrative": 8076540, "nonRecurring": {}, "otherOperatingExpenses": 31677664, "totalOperatingExpenses": 3530881093, "operatingIncome": 18079112, "totalOtherIncomeExpenseNet": -7091770, "ebit": 18079112, "interestExpense": -8468066, "incomeBeforeTax": 10987342, "incomeTaxExpense": 4165984, "minorityInterest": {}, "netIncomeFromContinuingOps": 6821358, "discontinuedOperations": {}, "extraordinaryItems": {}, "effectOfAccountingCharges": {}, "otherItems": {}, "netIncome": 6821358, "netIncomeApplicableToCommonShares": 6821358}], "maxAge": 86400}, "fundOwnership": {"maxAge": 1, "ownershipList": []}, "summaryDetail": {"maxAge": 1, "priceHint": 4, "previousClose": 3.28, "open": 3.3, "dayLow": 3.15, "dayHigh": 3.3, "regularMarketPreviousClose": 3.28, "regularMarketOpen": 3.3, "regularMarketDayLow": 3.15, "regularMarketDayHigh": 3.3, "trailingPE": 15.071771, "volume": 53718, "regularMarketVolume": 53718, "averageVolume": 89115, "averageVolume10days": 69064, "averageDailyVolume10Day": 69064, "bid": 0.0, "ask": 0.0, "bidSize": 0, "askSize": 0, "marketCap": 185220000, "fiftyTwoWeekLow": 3.15, "fiftyTwoWeekHigh": 20.0, "fiftyDayAverage": 6.15, "twoHundredDayAverage": 5.533066, "currency": "INR", "fromCurrency": null, "toCurrency": null, "lastMarket": null, "algorithm": null, "tradeable": false}, "incomeStatementHistoryQuarterly": {"incomeStatementHistory": [{"maxAge": 1, "endDate": "2020-06-30", "totalRevenue": 238114000, "costOfRevenue": 203393000, "grossProfit": 34721000, "researchDevelopment": {}, "sellingGeneralAdministrative": 2169000, "nonRecurring": {}, "otherOperatingExpenses": 16628000, "totalOperatingExpenses": 223143000, "operatingIncome": 14971000, "totalOtherIncomeExpenseNet": -511000, "ebit": 14971000, "interestExpense": -682000, "incomeBeforeTax": 14460000, "incomeTaxExpense": 3802000, "minorityInterest": {}, "netIncomeFromContinuingOps": 10658000, "discontinuedOperations": {}, "extraordinaryItems": {}, "effectOfAccountingCharges": {}, "otherItems": {}, "netIncome": 10658000, "netIncomeApplicableToCommonShares": 10658000}, {"maxAge": 1, "endDate": "2020-03-31", "totalRevenue": 305618391, "costOfRevenue": 303925095, "grossProfit": 1693296, "researchDevelopment": {}, "sellingGeneralAdministrative": 4674937, "nonRecurring": {}, "otherOperatingExpenses": 1425870, "totalOperatingExpenses": 311203023, "operatingIncome": -5584632, "totalOtherIncomeExpenseNet": -256557, "ebit": -5584632, "interestExpense": -1639025, "incomeBeforeTax": -5841189, "incomeTaxExpense": -1450208, "minorityInterest": {}, "netIncomeFromContinuingOps": -4390981, "discontinuedOperations": {}, "extraordinaryItems": {}, "effectOfAccountingCharges": {}, "otherItems": {}, "netIncome": -4390981, "netIncomeApplicableToCommonShares": -4390981}, {"maxAge": 1, "endDate": "2019-12-31", "totalRevenue": 378918000, "costOfRevenue": 375402000, "grossProfit": 3516000, "researchDevelopment": {}, "sellingGeneralAdministrative": 2031000, "nonRecurring": {}, "otherOperatingExpenses": 2917000, "totalOperatingExpenses": 381553000, "operatingIncome": -2635000, "totalOtherIncomeExpenseNet": -1578000, "ebit": -2635000, "interestExpense": -2331000, "incomeBeforeTax": -4213000, "incomeTaxExpense": -943000, "minorityInterest": {}, "netIncomeFromContinuingOps": -3270000, "discontinuedOperations": {}, "extraordinaryItems": {}, "effectOfAccountingCharges": {}, "otherItems": {}, "netIncome": -3270000, "netIncomeApplicableToCommonShares": -3270000}, {"maxAge": 1, "endDate": "2019-09-30", "totalRevenue": 411821000, "costOfRevenue": 379794000, "grossProfit": 32027000, "researchDevelopment": {}, "sellingGeneralAdministrative": 2275000, "nonRecurring": {}, "otherOperatingExpenses": 12277000, "totalOperatingExpenses": 395535000, "operatingIncome": 16286000, "totalOtherIncomeExpenseNet": -4603000, "ebit": 16286000, "interestExpense": -7553000, "incomeBeforeTax": 11683000, "incomeTaxExpense": 2282000, "minorityInterest": {}, "netIncomeFromContinuingOps": 9401000, "discontinuedOperations": {}, "extraordinaryItems": {}, "effectOfAccountingCharges": {}, "otherItems": {}, "netIncome": 9401000, "netIncomeApplicableToCommonShares": 9401000}], "maxAge": 86400}, "cashflowStatementHistoryQuarterly": {"cashflowStatements": [{"maxAge": 1, "endDate": "2020-06-30", "netIncome": 10658000, "changeToLiabilities": 0}, {"maxAge": 1, "endDate": "2020-03-31", "netIncome": -4390981, "changeToLiabilities": 0}, {"maxAge": 1, "endDate": "2019-12-31", "netIncome": -3270000, "changeToLiabilities": 0}, {"maxAge": 1, "endDate": "2019-09-30", "netIncome": 9401000, "changeToLiabilities": 0}], "maxAge": 86400}, "insiderHolders": {"holders": [{"maxAge": 1, "name": "Bon Lon Pvt", "relation": "Promoter", "url": "", "transactionDescription": "Sale", "latestTransDate": "2019-09-12", "positionDirect": 0, "positionDirectDate": "2019-09-12"}, {"maxAge": 1, "name": "Bon Lon Securities Ltd", "relation": "Promoter", "url": "", "transactionDescription": "Sale", "latestTransDate": "2019-09-18", "positionDirect": 925000, "positionDirectDate": "2019-09-18"}, {"maxAge": 1, "name": "Bon Lon Steels Pvt Ltd", "relation": "Institution- Corporation", "url": "", "transactionDescription": "Sale", "latestTransDate": "2019-03-25", "positionDirect": 4460000, "positionDirectDate": "2019-03-25"}, {"maxAge": 1, "name": "Bonlon Industries Ltd.", "relation": "Promoter", "url": "", "transactionDescription": "Sale", "latestTransDate": "2019-08-30", "positionDirect": 0, "positionDirectDate": "2019-08-30"}, {"maxAge": 1, "name": "Jain (Ankit)", "relation": "Promoter", "url": "", "transactionDescription": "Sale", "latestTransDate": "2019-06-19", "positionDirect": 1097874, "positionDirectDate": "2019-06-19"}, {"maxAge": 1, "name": "Jain (Harshit)", "relation": "Additonal Director", "url": "", "transactionDescription": "Sale", "latestTransDate": "2019-06-14", "positionDirect": 1276500, "positionDirectDate": "2019-06-14"}, {"maxAge": 1, "name": "Jain (Smita)", "relation": "Promoter", "url": "", "transactionDescription": "Sale", "latestTransDate": "2019-01-31", "positionDirect": 0, "positionDirectDate": "2019-01-31"}, {"maxAge": 1, "name": "Vinco Metals Pvt. Ltd.", "relation": "Promoter", "url": "", "transactionDescription": "Sale", "latestTransDate": "2019-08-30", "positionDirect": 0, "positionDirectDate": "2019-08-30"}], "maxAge": 1}, "calendarEvents": {"maxAge": 1, "earnings": {"earningsDate": ["2020-09-15 05:30:S"]}}, "price": {"maxAge": 1, "regularMarketChangePercent": -0.03963411, "regularMarketChange": -0.12999988, "regularMarketTime": "2021-04-30 15:53:19", "priceHint": 4, "regularMarketPrice": 3.15, "regularMarketDayHigh": 3.3, "regularMarketDayLow": 3.15, "regularMarketVolume": 53718, "averageDailyVolume10Day": 69064, "averageDailyVolume3Month": 89115, "regularMarketPreviousClose": 3.28, "regularMarketSource": "FREE_REALTIME", "regularMarketOpen": 3.3, "exchange": "BSE", "exchangeName": "BSE", "exchangeDataDelayedBy": 0, "marketState": "CLOSED", "quoteType": "EQUITY", "symbol": "BCP.BO", "underlyingSymbol": null, "shortName": "B.C. POWER CONTROLS LTD", "longName": "B.C. Power Controls Limited", "currency": "INR", "quoteSourceName": "Delayed Quote", "currencySymbol": "\u20b9", "fromCurrency": null, "toCurrency": null, "lastMarket": null, "marketCap": 185220000}, "balanceSheetHistory": {"balanceSheetStatements": [{"maxAge": 1, "endDate": "2020-03-31", "cash": 2173743, "netReceivables": 302711839, "inventory": 192593801, "otherCurrentAssets": 220529110, "totalCurrentAssets": 718648052, "longTermInvestments": 20000, "propertyPlantEquipment": 30451896, "intangibleAssets": 585, "otherAssets": 2163623, "deferredLongTermAssetCharges": 1973230, "totalAssets": 751284156, "accountsPayable": 191125358, "otherCurrentLiab": 821796, "totalCurrentLiabilities": 441103708, "totalLiab": 441103708, "commonStock": 117600000, "retainedEarnings": 115795271, "capitalSurplus": 76785179, "totalStockholderEquity": 310180450, "netTangibleAssets": 310179865}, {"maxAge": 1, "endDate": "2019-03-31", "cash": 22693371, "netReceivables": 505912512, "inventory": 208072073, "otherCurrentAssets": 84600613, "totalCurrentAssets": 821850487, "longTermInvestments": 20000, "propertyPlantEquipment": 34344541, "intangibleAssets": 1235, "otherAssets": 2587367, "deferredLongTermAssetCharges": 2411322, "totalAssets": 858803630, "accountsPayable": 297086687, "otherCurrentLiab": 4393232, "totalCurrentLiabilities": 559017438, "totalLiab": 559017438, "commonStock": 117600000, "retainedEarnings": 105401015, "capitalSurplus": 76785179, "totalStockholderEquity": 299786194, "netTangibleAssets": 299784959}, {"maxAge": 1, "endDate": "2018-03-31", "cash": 265657022, "netReceivables": 756107720, "inventory": 517401177, "otherCurrentAssets": 321023159, "totalCurrentAssets": 1860866146, "longTermInvestments": 20000, "propertyPlantEquipment": 36933495, "intangibleAssets": 2287, "otherAssets": 2963971, "deferredLongTermAssetCharges": 1807101, "totalAssets": 1900785899, "accountsPayable": 1446152606, "otherCurrentLiab": 13636700, "totalCurrentLiabilities": 1623022939, "totalLiab": 1623022939, "commonStock": 117600000, "retainedEarnings": 83377781, "capitalSurplus": 76785179, "totalStockholderEquity": 277762960, "netTangibleAssets": 277760673}, {"maxAge": 1, "endDate": "2017-03-31", "cash": 1366331, "netReceivables": 874008896, "inventory": 126391782, "otherCurrentAssets": 102042049, "totalCurrentAssets": 1104641721, "longTermInvestments": 20000, "propertyPlantEquipment": 38665970, "intangibleAssets": 3952, "otherAssets": 3353078, "deferredLongTermAssetCharges": 1479565, "totalAssets": 1146684721, "accountsPayable": 482737472, "otherCurrentLiab": 159255827, "totalCurrentLiabilities": 919305436, "totalLiab": 919305436, "commonStock": 117600000, "retainedEarnings": 32994108, "capitalSurplus": 76785179, "totalStockholderEquity": 227379287, "netTangibleAssets": 227375335}], "maxAge": 86400}, "financialData": {"maxAge": 86400, "currentPrice": 3.15, "recommendationKey": "none", "grossProfits": 69659296, "financialCurrency": "INR"}}}