{"BDH.BO": {"recommendationTrend": {"trend": [{"period": "0m", "strongBuy": 0, "buy": 0, "hold": 0, "sell": 0, "strongSell": 0}, {"period": "-1m", "strongBuy": 0, "buy": 0, "hold": 0, "sell": 0, "strongSell": 0}, {"period": "-2m", "strongBuy": 0, "buy": 0, "hold": 0, "sell": 0, "strongSell": 0}, {"period": "-3m", "strongBuy": 0, "buy": 0, "hold": 0, "sell": 0, "strongSell": 0}], "maxAge": 86400}, "cashflowStatementHistory": {"cashflowStatements": [{"maxAge": 1, "endDate": "2020-03-31", "netIncome": 59424000, "depreciation": 9624000, "changeToNetincome": -4431000, "changeToAccountReceivables": 27781000, "changeToLiabilities": -5862000, "changeToInventory": 26978000, "totalCashFromOperatingActivities": 113514000, "capitalExpenditures": -565000, "otherCashflowsFromInvestingActivities": 7956000, "totalCashflowsFromInvestingActivities": 7391000, "dividendsPaid": -15833000, "netBorrowings": -37698000, "otherCashflowsFromFinancingActivities": -10144000, "totalCashFromFinancingActivities": -63675000, "changeInCash": 57230000}, {"maxAge": 1, "endDate": "2019-03-31", "netIncome": 48298000, "depreciation": 8277000, "changeToNetincome": -7565000, "changeToAccountReceivables": -72744000, "changeToLiabilities": 1977000, "changeToInventory": -14434000, "totalCashFromOperatingActivities": -36191000, "capitalExpenditures": -3781000, "otherCashflowsFromInvestingActivities": 8855000, "totalCashflowsFromInvestingActivities": 5858000, "dividendsPaid": -12954000, "netBorrowings": 54702000, "otherCashflowsFromFinancingActivities": -7842000, "totalCashFromFinancingActivities": 33906000, "changeInCash": 3573000}, {"maxAge": 1, "endDate": "2018-03-31", "netIncome": 37648000, "depreciation": 7544000, "changeToNetincome": -2894000, "changeToAccountReceivables": -17449000, "changeToLiabilities": 7728000, "changeToInventory": -34037000, "totalCashFromOperatingActivities": -1460000, "capitalExpenditures": -4153000, "otherCashflowsFromInvestingActivities": 8177000, "totalCashflowsFromInvestingActivities": 4024000, "dividendsPaid": -11515000, "netBorrowings": -9041000, "otherCashflowsFromFinancingActivities": -4860000, "totalCashFromFinancingActivities": -25416000, "changeInCash": -22852000}, {"maxAge": 1, "endDate": "2017-03-31", "netIncome": 33366000, "depreciation": 7166000, "changeToNetincome": -8216000, "changeToAccountReceivables": 4984000, "changeToLiabilities": 13703000, "changeToInventory": 21136000, "totalCashFromOperatingActivities": 72139000, "capitalExpenditures": -65389000, "otherCashflowsFromInvestingActivities": 12440000, "totalCashflowsFromInvestingActivities": -52774000, "dividendsPaid": -11515000, "netBorrowings": -10362000, "otherCashflowsFromFinancingActivities": -5819000, "totalCashFromFinancingActivities": -27696000, "changeInCash": -8331000}], "maxAge": 86400}, "institutionOwnership": {"ownershipList": [], "maxAge": 1}, "balanceSheetHistoryQuarterly": {"balanceSheetStatements": [{"maxAge": 1, "endDate": "2020-06-30", "totalStockholderEquity": 382391000, "netTangibleAssets": 382391000}, {"maxAge": 1, "endDate": "2020-03-31", "cash": 229888000, "netReceivables": 113799000, "inventory": 50123000, "otherCurrentAssets": 45436000, "totalCurrentAssets": 439562000, "propertyPlantEquipment": 210971000, "otherAssets": 887000, "totalAssets": 651420000, "accountsPayable": 156147000, "otherCurrentLiab": 9166000, "otherLiab": 8239000, "totalCurrentLiabilities": 260790000, "totalLiab": 269029000, "commonStock": 57573000, "retainedEarnings": 256260000, "treasuryStock": 27626000, "capitalSurplus": 40932000, "otherStockholderEquity": 27626000, "totalStockholderEquity": 382391000, "netTangibleAssets": 382391000}, {"maxAge": 1, "endDate": "2019-12-31", "totalStockholderEquity": 360741000, "netTangibleAssets": 360741000}, {"maxAge": 1, "endDate": "2019-09-30", "cash": 147153000, "netReceivables": 152196000, "inventory": 78977000, "otherCurrentAssets": 51113000, "totalCurrentAssets": 429439000, "propertyPlantEquipment": 215604000, "otherAssets": 1091000, "totalAssets": 646134000, "accountsPayable": 205345000, "otherCurrentLiab": 11280000, "otherLiab": 8864000, "totalCurrentLiabilities": 276529000, "totalLiab": 285393000, "commonStock": 57573000, "treasuryStock": 303168000, "otherStockholderEquity": 303168000, "totalStockholderEquity": 360741000, "netTangibleAssets": 360741000}], "maxAge": 86400}, "earningsHistory": {"history": [{"maxAge": 1, "epsActual": {}, "epsEstimate": {}, "epsDifference": {}, "surprisePercent": {}, "quarter": {}, "period": "-4q"}, {"maxAge": 1, "epsActual": {}, "epsEstimate": {}, "epsDifference": {}, "surprisePercent": {}, "quarter": {}, "period": "-3q"}, {"maxAge": 1, "epsActual": {}, "epsEstimate": {}, "epsDifference": {}, "surprisePercent": {}, "quarter": {}, "period": "-2q"}, {"maxAge": 1, "epsActual": {}, "epsEstimate": {}, "epsDifference": {}, "surprisePercent": {}, "quarter": {}, "period": "-1q"}], "maxAge": 86400}, "indexTrend": {"maxAge": 1, "symbol": "SP5", "peRatio": 19.7411, "pegRatio": 1.34172, "estimates": [{"period": "0q", "growth": 0.549}, {"period": "+1q", "growth": 0.431}, {"period": "0y", "growth": 0.305}, {"period": "+1y", "growth": 0.109}, {"period": "+5y", "growth": 0.120859005}, {"period": "-5y"}]}, "industryTrend": {"maxAge": 1, "symbol": null, "estimates": []}, "insiderTransactions": {"transactions": [{"maxAge": 1, "shares": 1515, "filerUrl": "", "transactionText": "", "filerName": "Kachhara (Arpit Suresh)", "filerRelation": "Promoter", "moneyText": "", "startDate": "2017-08-23", "ownership": "D"}, {"maxAge": 1, "shares": 5000, "filerUrl": "", "transactionText": "", "filerName": "Kachhara (Suresh Chandra)", "filerRelation": "Promoter", "moneyText": "", "startDate": "2017-08-23", "ownership": "D"}, {"maxAge": 1, "shares": 20055, "filerUrl": "", "transactionText": "", "filerName": "Kachhara (Sumitra Suresh)", "filerRelation": "UNREPORTED", "moneyText": "", "startDate": "2017-08-18", "ownership": "D"}, {"maxAge": 1, "shares": 20000, "filerUrl": "", "transactionText": "", "filerName": "Kachhara (Ankit Suresh)", "filerRelation": "UNREPORTED", "moneyText": "", "startDate": "2017-08-17", "ownership": "D"}, {"maxAge": 1, "shares": 49000, "filerUrl": "", "transactionText": "", "filerName": "Kachhara (Arpit Suresh)", "filerRelation": "Promoter", "moneyText": "", "startDate": "2017-08-14", "ownership": "D"}, {"maxAge": 1, "shares": 49214, "filerUrl": "", "transactionText": "", "filerName": "Kachhara (Suresh Chandra)", "filerRelation": "Director (Executive)", "moneyText": "", "startDate": "2017-08-14", "ownership": "D"}, {"maxAge": 1, "shares": 0, "filerUrl": "", "transactionText": "", "filerName": "Kachhara (Arpit Suresh)", "filerRelation": "Promoter", "moneyText": "", "startDate": "2017-07-12", "ownership": "I"}, {"maxAge": 1, "shares": 0, "filerUrl": "", "transactionText": "", "filerName": "Kachhara (Suresh Chandra)", "filerRelation": "Director (Executive)", "moneyText": "", "startDate": "2017-07-12", "ownership": "I"}, {"maxAge": 1, "shares": 21094, "filerUrl": "", "transactionText": "", "filerName": "Kachhara (Arpit Suresh)", "filerRelation": "Promoter", "moneyText": "", "startDate": "2017-07-10", "ownership": "D"}, {"maxAge": 1, "shares": 21094, "filerUrl": "", "transactionText": "", "filerName": "Kachhara (Suresh Chandra)", "filerRelation": "Director (Executive)", "moneyText": "", "startDate": "2017-07-10", "ownership": "D"}, {"maxAge": 1, "shares": 60000, "filerUrl": "", "transactionText": "", "filerName": "Himtaj Consultants Pvt Ltd", "filerRelation": "Institution- Corporation", "moneyText": "", "startDate": "2010-07-19", "ownership": "D"}, {"maxAge": 1, "shares": 84000, "filerUrl": "", "transactionText": "", "filerName": "Kabare (Pushpa Balkrishna)", "filerRelation": "UNREPORTED", "moneyText": "", "startDate": "2010-07-19", "ownership": "D"}, {"maxAge": 1, "shares": 84000, "filerUrl": "", "transactionText": "", "filerName": "Kabare (Rupal Nilesh)", "filerRelation": "UNREPORTED", "moneyText": "", "startDate": "2010-07-19", "ownership": "D"}, {"maxAge": 1, "shares": 60000, "filerUrl": "", "transactionText": "", "filerName": "Spinnex India Pvt Ltd", "filerRelation": "Institution- Corporation", "moneyText": "", "startDate": "2010-07-19", "ownership": "D"}], "maxAge": 1}, "quoteType": {"exchange": "BSE", "quoteType": "EQUITY", "symbol": "BDH.BO", "underlyingSymbol": "BDH.BO", "shortName": "BDH INDUSTRIES LTD.", "longName": "BDH Industries Limited", "firstTradeDateEpochUtc": "2002-04-12 09:15:00", "timeZoneFullName": "Asia/Kolkata", "timeZoneShortName": "IST", "uuid": "83206e38-de00-3aaa-a39c-ed2b1aab9f29", "gmtOffSetMilliseconds": 19800000, "maxAge": 1}, "incomeStatementHistory": {"incomeStatementHistory": [{"maxAge": 1, "endDate": "2020-03-31", "totalRevenue": 594773000, "costOfRevenue": 369245000, "grossProfit": 225528000, "researchDevelopment": {}, "sellingGeneralAdministrative": 75050000, "nonRecurring": {}, "otherOperatingExpenses": 60718000, "totalOperatingExpenses": 514637000, "operatingIncome": 80136000, "totalOtherIncomeExpenseNet": 1066000, "ebit": 80136000, "interestExpense": {}, "incomeBeforeTax": 81202000, "incomeTaxExpense": 21778000, "minorityInterest": {}, "netIncomeFromContinuingOps": 59424000, "discontinuedOperations": {}, "extraordinaryItems": {}, "effectOfAccountingCharges": {}, "otherItems": {}, "netIncome": 59424000, "netIncomeApplicableToCommonShares": 59424000}, {"maxAge": 1, "endDate": "2019-03-31", "totalRevenue": 516912000, "costOfRevenue": 322539000, "grossProfit": 194373000, "researchDevelopment": {}, "sellingGeneralAdministrative": 67720000, "nonRecurring": {}, "otherOperatingExpenses": 56619000, "totalOperatingExpenses": 455155000, "operatingIncome": 61757000, "totalOtherIncomeExpenseNet": 3675000, "ebit": 61757000, "interestExpense": {}, "incomeBeforeTax": 65432000, "incomeTaxExpense": 17134000, "minorityInterest": {}, "netIncomeFromContinuingOps": 48298000, "discontinuedOperations": {}, "extraordinaryItems": {}, "effectOfAccountingCharges": {}, "otherItems": {}, "netIncome": 48298000, "netIncomeApplicableToCommonShares": 48298000}, {"maxAge": 1, "endDate": "2018-03-31", "totalRevenue": 410108000, "costOfRevenue": 246569000, "grossProfit": 163539000, "researchDevelopment": {}, "sellingGeneralAdministrative": 62581000, "nonRecurring": {}, "otherOperatingExpenses": 47296000, "totalOperatingExpenses": 363990000, "operatingIncome": 46118000, "totalOtherIncomeExpenseNet": 5658000, "ebit": 46118000, "interestExpense": {}, "incomeBeforeTax": 51776000, "incomeTaxExpense": 14128000, "minorityInterest": {}, "netIncomeFromContinuingOps": 37648000, "discontinuedOperations": {}, "extraordinaryItems": {}, "effectOfAccountingCharges": {}, "otherItems": {}, "netIncome": 37648000, "netIncomeApplicableToCommonShares": 37648000}, {"maxAge": 1, "endDate": "2017-03-31", "totalRevenue": 436764000, "costOfRevenue": 271643000, "grossProfit": 165121000, "researchDevelopment": {}, "sellingGeneralAdministrative": 57838000, "nonRecurring": {}, "otherOperatingExpenses": 59202000, "totalOperatingExpenses": 395849000, "operatingIncome": 40915000, "totalOtherIncomeExpenseNet": 8933000, "ebit": 40915000, "interestExpense": {}, "incomeBeforeTax": 49848000, "incomeTaxExpense": 16482000, "minorityInterest": {}, "netIncomeFromContinuingOps": 33366000, "discontinuedOperations": {}, "extraordinaryItems": {}, "effectOfAccountingCharges": {}, "otherItems": {}, "netIncome": 33366000, "netIncomeApplicableToCommonShares": 33366000}], "maxAge": 86400}, "fundOwnership": {"ownershipList": [], "maxAge": 1}, "summaryDetail": {"maxAge": 1, "priceHint": 2, "previousClose": 97.15, "open": 99.0, "dayLow": 94.5, "dayHigh": 99.5, "regularMarketPreviousClose": 97.15, "regularMarketOpen": 99.0, "regularMarketDayLow": 94.5, "regularMarketDayHigh": 99.5, "trailingPE": 10.808185, "forwardPE": 13.131946, "volume": 7396, "regularMarketVolume": 7396, "averageVolume": 6317, "averageVolume10days": 14707, "averageDailyVolume10Day": 14707, "bid": 94.5, "ask": 96.5, "bidSize": 0, "askSize": 0, "marketCap": 544352704, "fiftyTwoWeekLow": 47.05, "fiftyTwoWeekHigh": 99.5, "fiftyDayAverage": 85.17879, "twoHundredDayAverage": 80.671326, "trailingAnnualDividendRate": 2.5, "trailingAnnualDividendYield": 0.025733402, "currency": "INR", "fromCurrency": null, "lastMarket": null, "algorithm": null, "tradeable": false}, "sectorTrend": {"maxAge": 1, "symbol": null, "estimates": []}, "incomeStatementHistoryQuarterly": {"incomeStatementHistory": [{"maxAge": 1, "endDate": "2020-06-30", "totalRevenue": 100593000, "costOfRevenue": 62948000, "grossProfit": 37645000, "researchDevelopment": {}, "sellingGeneralAdministrative": 13506000, "nonRecurring": {}, "otherOperatingExpenses": 8681000, "totalOperatingExpenses": 87140000, "operatingIncome": 13453000, "totalOtherIncomeExpenseNet": 3136000, "ebit": 13453000, "interestExpense": -462000, "incomeBeforeTax": 16589000, "incomeTaxExpense": 4615000, "minorityInterest": {}, "netIncomeFromContinuingOps": 11974000, "discontinuedOperations": {}, "extraordinaryItems": {}, "effectOfAccountingCharges": {}, "otherItems": {}, "netIncome": 11974000, "netIncomeApplicableToCommonShares": 11974000}, {"maxAge": 1, "endDate": "2020-03-31", "totalRevenue": 124884000, "costOfRevenue": 80393000, "grossProfit": 44491000, "researchDevelopment": {}, "sellingGeneralAdministrative": 20637000, "nonRecurring": {}, "otherOperatingExpenses": 9072000, "totalOperatingExpenses": 112412000, "operatingIncome": 12472000, "totalOtherIncomeExpenseNet": 2160000, "ebit": 12472000, "interestExpense": -462000, "incomeBeforeTax": 14632000, "incomeTaxExpense": 3124000, "minorityInterest": {}, "netIncomeFromContinuingOps": 11508000, "discontinuedOperations": {}, "extraordinaryItems": {}, "effectOfAccountingCharges": {}, "otherItems": {}, "netIncome": 11508000, "netIncomeApplicableToCommonShares": 11508000}, {"maxAge": 1, "endDate": "2019-12-31", "totalRevenue": 138645000, "costOfRevenue": 84082000, "grossProfit": 54563000, "researchDevelopment": {}, "sellingGeneralAdministrative": 18350000, "nonRecurring": {}, "otherOperatingExpenses": 15773000, "totalOperatingExpenses": 120646000, "operatingIncome": 17999000, "totalOtherIncomeExpenseNet": 1088000, "ebit": 17999000, "interestExpense": -865000, "incomeBeforeTax": 19087000, "incomeTaxExpense": 5444000, "minorityInterest": {}, "netIncomeFromContinuingOps": 13643000, "discontinuedOperations": {}, "extraordinaryItems": {}, "effectOfAccountingCharges": {}, "otherItems": {}, "netIncome": 13643000, "netIncomeApplicableToCommonShares": 13643000}, {"maxAge": 1, "endDate": "2019-09-30", "totalRevenue": 133352000, "costOfRevenue": 80235000, "grossProfit": 53117000, "researchDevelopment": {}, "sellingGeneralAdministrative": 16855000, "nonRecurring": {}, "otherOperatingExpenses": 16394000, "totalOperatingExpenses": 115924000, "operatingIncome": 17428000, "totalOtherIncomeExpenseNet": 908000, "ebit": 17428000, "interestExpense": -1202000, "incomeBeforeTax": 18336000, "incomeTaxExpense": 5101000, "minorityInterest": {}, "netIncomeFromContinuingOps": 13235000, "discontinuedOperations": {}, "extraordinaryItems": {}, "effectOfAccountingCharges": {}, "otherItems": {}, "netIncome": 13235000, "netIncomeApplicableToCommonShares": 13235000}], "maxAge": 86400}, "cashflowStatementHistoryQuarterly": {"cashflowStatements": [{"maxAge": 1, "endDate": "2020-06-30", "netIncome": 11974000, "changeToLiabilities": 0}, {"maxAge": 1, "endDate": "2020-03-31", "netIncome": 11508000, "changeToLiabilities": 0}, {"maxAge": 1, "endDate": "2019-12-31", "netIncome": 13643000, "changeToLiabilities": 0}, {"maxAge": 1, "endDate": "2019-09-30", "netIncome": 13235000, "changeToLiabilities": 0}], "maxAge": 86400}, "insiderHolders": {"holders": [{"maxAge": 1, "name": "Himtaj Consultants Pvt Ltd", "relation": "Institution- Corporation", "url": "", "transactionDescription": "Acquisition", "latestTransDate": "2010-07-19", "positionDirect": 60000, "positionDirectDate": "2010-07-19"}, {"maxAge": 1, "name": "Kabare (Pushpa Balkrishna)", "relation": "UNREPORTED", "url": "", "transactionDescription": "Acquisition", "latestTransDate": "2010-07-19", "positionDirect": 84000, "positionDirectDate": "2010-07-19"}, {"maxAge": 1, "name": "Kabare (Rupal Nilesh)", "relation": "UNREPORTED", "url": "", "transactionDescription": "Acquisition", "latestTransDate": "2010-07-19", "positionDirect": 84000, "positionDirectDate": "2010-07-19"}, {"maxAge": 1, "name": "Kachhara (Ankit Suresh)", "relation": "UNREPORTED", "url": "", "transactionDescription": "Sale", "latestTransDate": "2017-08-17", "positionDirect": 6720, "positionDirectDate": "2017-08-17"}, {"maxAge": 1, "name": "Kachhara (Arpit Suresh)", "relation": "Promoter", "url": "", "transactionDescription": "Sale", "latestTransDate": "2017-08-23", "positionDirect": 1720, "positionDirectDate": "2017-08-23"}, {"maxAge": 1, "name": "Kachhara (Sumitra Suresh)", "relation": "UNREPORTED", "url": "", "transactionDescription": "Acquisition", "latestTransDate": "2017-08-18", "positionDirect": 23755, "positionDirectDate": "2017-08-18"}, {"maxAge": 1, "name": "Kachhara (Suresh Chandra)", "relation": "Promoter", "url": "", "transactionDescription": "Acquisition", "latestTransDate": "2017-08-23", "positionDirect": 183508, "positionDirectDate": "2017-08-23"}, {"maxAge": 1, "name": "Spinnex India Pvt Ltd", "relation": "Institution- Corporation", "url": "", "transactionDescription": "Acquisition", "latestTransDate": "2010-07-19", "positionDirect": 60000, "positionDirectDate": "2010-07-19"}], "maxAge": 1}, "earnings": {"maxAge": 86400, "earningsChart": {"quarterly": [], "earningsDate": ["2020-11-09 05:30:S", "2020-11-14 05:30:S"]}, "financialsChart": {"yearly": [{"date": 2017, "revenue": 436764000, "earnings": 33366000}, {"date": 2018, "revenue": 410108000, "earnings": 37648000}, {"date": 2019, "revenue": 516912000, "earnings": 48298000}, {"date": 2020, "revenue": 594773000, "earnings": 59424000}], "quarterly": [{"date": "3Q2019", "revenue": 133352000, "earnings": 13235000}, {"date": "4Q2019", "revenue": 138645000, "earnings": 13643000}, {"date": "1Q2020", "revenue": 124884000, "earnings": 11508000}, {"date": "2Q2020", "revenue": 100593000, "earnings": 11974000}]}, "financialCurrency": "INR"}, "calendarEvents": {"maxAge": 1, "earnings": {"earningsDate": ["2020-11-09 05:30:S", "2020-11-14 05:30:S"], "revenueLow": 140370000, "revenueHigh": 140370000}}, "upgradeDowngradeHistory": {"history": [], "maxAge": 86400}, "price": {"maxAge": 1, "regularMarketChangePercent": -0.026762722, "regularMarketChange": -2.5999985, "regularMarketTime": "2021-04-30 15:28:55", "priceHint": 2, "regularMarketPrice": 94.55, "regularMarketDayHigh": 99.5, "regularMarketDayLow": 94.5, "regularMarketVolume": 7396, "averageDailyVolume10Day": 14707, "averageDailyVolume3Month": 6317, "regularMarketPreviousClose": 97.15, "regularMarketSource": "FREE_REALTIME", "regularMarketOpen": 99.0, "exchange": "BSE", "exchangeName": "BSE", "exchangeDataDelayedBy": 0, "marketState": "CLOSED", "quoteType": "EQUITY", "symbol": "BDH.BO", "underlyingSymbol": null, "shortName": "BDH INDUSTRIES LTD.", "longName": "BDH Industries Limited", "currency": "INR", "quoteSourceName": "Delayed Quote", "currencySymbol": "\u20b9", "fromCurrency": null, "lastMarket": null, "marketCap": 544352704}, "balanceSheetHistory": {"balanceSheetStatements": [{"maxAge": 1, "endDate": "2020-03-31", "cash": 229888000, "netReceivables": 113799000, "inventory": 50123000, "otherCurrentAssets": 45436000, "totalCurrentAssets": 439562000, "propertyPlantEquipment": 210971000, "otherAssets": 887000, "totalAssets": 651420000, "accountsPayable": 156147000, "otherCurrentLiab": 9166000, "otherLiab": 8239000, "totalCurrentLiabilities": 260790000, "totalLiab": 269029000, "commonStock": 57573000, "retainedEarnings": 256260000, "treasuryStock": 27626000, "capitalSurplus": 40932000, "otherStockholderEquity": 27626000, "totalStockholderEquity": 382391000, "netTangibleAssets": 382391000}, {"maxAge": 1, "endDate": "2019-03-31", "cash": 172658000, "netReceivables": 144558000, "inventory": 77100000, "otherCurrentAssets": 41403000, "totalCurrentAssets": 435972000, "propertyPlantEquipment": 220168000, "otherAssets": 1295000, "totalAssets": 657435000, "accountsPayable": 163121000, "otherCurrentLiab": 9929000, "otherLiab": 9396000, "totalCurrentLiabilities": 304625000, "totalLiab": 314021000, "commonStock": 57573000, "retainedEarnings": 217144000, "treasuryStock": 27765000, "capitalSurplus": 40932000, "otherStockholderEquity": 27765000, "totalStockholderEquity": 343414000, "netTangibleAssets": 343414000}, {"maxAge": 1, "endDate": "2018-03-31", "cash": 169085000, "netReceivables": 76612000, "inventory": 62667000, "otherCurrentAssets": 33370000, "totalCurrentAssets": 342166000, "propertyPlantEquipment": 225867000, "otherAssets": 933000, "totalAssets": 568966000, "accountsPayable": 160825000, "otherCurrentLiab": 5917000, "longTermDebt": 2000000, "otherLiab": 13540000, "totalCurrentLiabilities": 240841000, "totalLiab": 256381000, "commonStock": 57573000, "retainedEarnings": 186176000, "treasuryStock": 27904000, "capitalSurplus": 40932000, "otherStockholderEquity": 27904000, "totalStockholderEquity": 312585000, "netTangibleAssets": 312585000}, {"maxAge": 1, "endDate": "2017-03-31", "cash": 191937000, "netReceivables": 80400000, "inventory": 28630000, "otherCurrentAssets": 11978000, "totalCurrentAssets": 313316000, "propertyPlantEquipment": 229397000, "otherAssets": 1149000, "totalAssets": 543862000, "accountsPayable": 139286000, "otherCurrentLiab": 7982000, "longTermDebt": 8449000, "otherLiab": 14696000, "totalCurrentLiabilities": 228384000, "totalLiab": 251529000, "commonStock": 57573000, "retainedEarnings": 165785000, "treasuryStock": 28043000, "capitalSurplus": 40932000, "otherStockholderEquity": 28043000, "totalStockholderEquity": 292333000, "netTangibleAssets": 292333000}], "maxAge": 86400}, "earningsTrend": {"trend": [{"maxAge": 1, "period": "0q", "endDate": "2015-03-31", "growth": {}, "earningsEstimate": {"avg": 0.0, "low": 0.0, "high": 0.0, "yearAgoEps": {}, "numberOfAnalysts": 0, "growth": {}}, "revenueEstimate": {"avg": 0, "low": 140370000, "high": 140370000, "numberOfAnalysts": 1, "yearAgoRevenue": {}, "growth": {}}, "epsTrend": {"current": 0.0, "7daysAgo": 1.53, "30daysAgo": 1.53, "60daysAgo": 1.53, "90daysAgo": 1.53}, "epsRevisions": {"upLast7days": 0, "upLast30days": 0, "downLast30days": 0, "downLast90days": {}}}, {"maxAge": 1, "period": "+1q", "endDate": "2015-06-30", "growth": {}, "earningsEstimate": {"avg": 0.0, "low": 0.0, "high": 0.0, "yearAgoEps": {}, "numberOfAnalysts": 0, "growth": {}}, "revenueEstimate": {"avg": 0, "low": 0, "high": 0, "numberOfAnalysts": 0, "yearAgoRevenue": {}, "growth": {}}, "epsTrend": {"current": 0.0, "7daysAgo": 0.0, "30daysAgo": 0.0, "60daysAgo": 0.0, "90daysAgo": 0.0}, "epsRevisions": {"upLast7days": 0, "upLast30days": 0, "downLast30days": 0, "downLast90days": {}}}, {"maxAge": 1, "period": "0y", "endDate": "2015-03-31", "growth": {}, "earningsEstimate": {"avg": 0.0, "low": 0.0, "high": 0.0, "yearAgoEps": {}, "numberOfAnalysts": 0, "growth": {}}, "revenueEstimate": {"avg": 0, "low": 537210000, "high": 537210000, "numberOfAnalysts": 1, "yearAgoRevenue": {}, "growth": {}}, "epsTrend": {"current": 0.0, "7daysAgo": 5.72, "30daysAgo": 5.72, "60daysAgo": 5.72, "90daysAgo": 5.72}, "epsRevisions": {"upLast7days": 0, "upLast30days": 0, "downLast30days": 0, "downLast90days": {}}}, {"maxAge": 1, "period": "+1y", "endDate": "2016-03-31", "growth": {}, "earningsEstimate": {"avg": 0.0, "low": 0.0, "high": 0.0, "yearAgoEps": {}, "numberOfAnalysts": 0, "growth": {}}, "revenueEstimate": {"avg": 0, "low": 650000000, "high": 650000000, "numberOfAnalysts": 1, "yearAgoRevenue": {}, "growth": {}}, "epsTrend": {"current": 0.0, "7daysAgo": 7.2, "30daysAgo": 7.2, "60daysAgo": 7.2, "90daysAgo": 7.2}, "epsRevisions": {"upLast7days": 0, "upLast30days": 0, "downLast30days": 0, "downLast90days": {}}}, {"maxAge": 1, "period": "+5y", "endDate": null, "growth": {}, "earningsEstimate": {"avg": {}, "low": {}, "high": {}, "yearAgoEps": {}, "numberOfAnalysts": {}, "growth": {}}, "revenueEstimate": {"avg": {}, "low": {}, "high": {}, "numberOfAnalysts": {}, "yearAgoRevenue": {}, "growth": {}}, "epsTrend": {"current": {}, "7daysAgo": {}, "30daysAgo": {}, "60daysAgo": {}, "90daysAgo": {}}, "epsRevisions": {"upLast7days": {}, "upLast30days": {}, "downLast30days": {}, "downLast90days": {}}}, {"maxAge": 1, "period": "-5y", "endDate": null, "growth": {}, "earningsEstimate": {"avg": {}, "low": {}, "high": {}, "yearAgoEps": {}, "numberOfAnalysts": {}, "growth": {}}, "revenueEstimate": {"avg": {}, "low": {}, "high": {}, "numberOfAnalysts": {}, "yearAgoRevenue": {}, "growth": {}}, "epsTrend": {"current": {}, "7daysAgo": {}, "30daysAgo": {}, "60daysAgo": {}, "90daysAgo": {}}, "epsRevisions": {"upLast7days": {}, "upLast30days": {}, "downLast30days": {}, "downLast90days": {}}}], "maxAge": 1}, "financialData": {"maxAge": 86400, "currentPrice": 94.55, "targetHighPrice": 52.0, "targetLowPrice": 52.0, "targetMeanPrice": 52.0, "targetMedianPrice": 52.0, "recommendationKey": "none", "numberOfAnalystOpinions": 1, "grossProfits": 225528000, "financialCurrency": "INR"}}}