{"BDL.NS": {"assetProfile": {"address1": "Plot No. 38-39, TSFC Building", "address2": "Near (ICICI Towers) Financial District Gachibowli", "city": "Hyderabad", "zip": "500032", "country": "India", "phone": "91 40 2345 6145", "fax": "91 40 2345 6110", "website": "http://www.bdl-india.in", "industry": "Aerospace & Defense", "sector": "Industrials", "longBusinessSummary": "Bharat Dynamics Limited engages in the manufacture and sale of guided missiles and allied defense products in India. Its product portfolio includes surface to air missiles, anti-tank guided missiles, underwater weapons, launchers, countermeasures, test equipment, mechanized infantry weapons, torpedoes, and submarine fired decoys. The company also exports its products. Bharat Dynamics Limited was founded in 1970 and is headquartered in Hyderabad, India.", "fullTimeEmployees": 2913, "companyOfficers": [{"maxAge": 1, "name": "Commodore Siddharth  Mishra", "age": 57, "title": "Chairman & MD", "yearBorn": 1963, "fiscalYear": 2020, "totalPay": 5250998, "exercisedValue": 0, "unexercisedValue": 0}, {"maxAge": 1, "name": "Mr. Nayeeni P. Diwakar", "age": 58, "title": "Director of Technical & Whole Time Director", "yearBorn": 1962, "fiscalYear": 2020, "totalPay": 4993654, "exercisedValue": 0, "unexercisedValue": 0}, {"maxAge": 1, "name": "Mr. N.  Nagaraja", "title": "Company Sec. & Compliance Officer", "fiscalYear": 2020, "totalPay": 2213967, "exercisedValue": 0, "unexercisedValue": 0}, {"maxAge": 1, "name": "Mr. P. Radha Krishna", "age": 57, "title": "Director of Production & Whole Time Director", "yearBorn": 1963, "fiscalYear": 2020, "totalPay": 5261283, "exercisedValue": 0, "unexercisedValue": 0}, {"maxAge": 1, "name": "Mr. Nuka  Srinivasulu", "age": 56, "title": "Director of Fin., CFO & Whole Time Director", "yearBorn": 1964, "exercisedValue": 0, "unexercisedValue": 0}, {"maxAge": 1, "name": "Commodore Trilok Nath Kaul", "title": "Exec. Director of Marketing", "exercisedValue": 0, "unexercisedValue": 0}, {"maxAge": 1, "name": "Mr. N. Sampath Kumar", "title": "GM & Unit Head of IBU", "exercisedValue": 0, "unexercisedValue": 0}, {"maxAge": 1, "name": "Mr. S.  Narayanan", "title": "Gen. Mang. of HR Corp.", "exercisedValue": 0, "unexercisedValue": 0}, {"maxAge": 1, "name": "Mr. Sivanand. S Khanapet", "title": "Exec. Director & Head of BU", "exercisedValue": 0, "unexercisedValue": 0}, {"maxAge": 1, "name": "Commodore A. Madhava Rao", "title": "Exec. Director and Head of KBU & PSG", "exercisedValue": 0, "unexercisedValue": 0}], "compensationAsOfEpochDate": "2020-12-31 05:30:00", "maxAge": 86400}, "recommendationTrend": {"trend": [{"period": "0m", "strongBuy": 0, "buy": 0, "hold": 0, "sell": 0, "strongSell": 0}, {"period": "-1m", "strongBuy": 0, "buy": 0, "hold": 0, "sell": 0, "strongSell": 0}, {"period": "-2m", "strongBuy": 0, "buy": 0, "hold": 0, "sell": 0, "strongSell": 0}, {"period": "-3m", "strongBuy": 0, "buy": 0, "hold": 0, "sell": 0, "strongSell": 0}], "maxAge": 86400}, "cashflowStatementHistory": {"cashflowStatements": [{"maxAge": 1, "endDate": "2020-03-31", "netIncome": 5349008000, "depreciation": 924614000, "changeToNetincome": -402922000, "changeToAccountReceivables": 1875571000, "changeToLiabilities": -1739719000, "changeToInventory": 7977006000, "changeToOperatingActivities": -8981114000, "totalCashFromOperatingActivities": 5042214000, "capitalExpenditures": -568884000, "investments": -116540000, "otherCashflowsFromInvestingActivities": 353625000, "totalCashflowsFromInvestingActivities": -331763000, "dividendsPaid": -1866592000, "netBorrowings": -9472000, "otherCashflowsFromFinancingActivities": -32655000, "totalCashFromFinancingActivities": -1908719000, "changeInCash": 2801732000}, {"maxAge": 1, "endDate": "2019-03-31", "netIncome": 4225872000, "depreciation": 765076000, "changeToNetincome": -1360996000, "changeToAccountReceivables": 1832011000, "changeToLiabilities": -4920484000, "changeToInventory": 2611807000, "changeToOperatingActivities": -2378046000, "totalCashFromOperatingActivities": 835185000, "capitalExpenditures": -882790000, "investments": 2152167000, "otherCashflowsFromInvestingActivities": 427881000, "totalCashflowsFromInvestingActivities": 1697786000, "dividendsPaid": -2652907000, "netBorrowings": -9472000, "otherCashflowsFromFinancingActivities": -28406000, "totalCashFromFinancingActivities": -2681313000, "changeInCash": -148342000}, {"maxAge": 1, "endDate": "2018-03-31", "netIncome": 5281516000, "depreciation": 515902000, "changeToNetincome": -414461000, "changeToAccountReceivables": -4729639000, "changeToLiabilities": -5178586000, "changeToInventory": 2899028000, "changeToOperatingActivities": -1907615000, "totalCashFromOperatingActivities": -3414982000, "capitalExpenditures": -1686858000, "investments": 10881000000, "otherCashflowsFromInvestingActivities": 1276032000, "totalCashflowsFromInvestingActivities": 10470174000, "dividendsPaid": -2142223000, "netBorrowings": -9472000, "otherCashflowsFromFinancingActivities": -1038783000, "totalCashFromFinancingActivities": -7686365000, "changeInCash": -631173000, "repurchaseOfStock": -4505359000}, {"maxAge": 1, "endDate": "2017-03-31", "netIncome": 5240556000, "depreciation": 424199000, "changeToNetincome": -1820129000, "changeToAccountReceivables": -143734000, "changeToLiabilities": 1266627000, "changeToInventory": -1865303000, "changeToOperatingActivities": -7497068000, "totalCashFromOperatingActivities": -4198892000, "capitalExpenditures": -1363592000, "investments": 10881000000, "otherCashflowsFromInvestingActivities": 1388391000, "totalCashflowsFromInvestingActivities": 26833000, "dividendsPaid": -1219849000, "netBorrowings": -9472000, "otherCashflowsFromFinancingActivities": -441879000, "totalCashFromFinancingActivities": -1661728000, "changeInCash": -5833787000, "repurchaseOfStock": -4505359000}], "maxAge": 86400}, "indexTrend": {"maxAge": 1, "symbol": "SP5", "peRatio": 19.7411, "pegRatio": 1.34172, "estimates": [{"period": "0q", "growth": 0.549}, {"period": "+1q", "growth": 0.431}, {"period": "0y", "growth": 0.305}, {"period": "+1y", "growth": 0.109}, {"period": "+5y", "growth": 0.120865}, {"period": "-5y"}]}, "defaultKeyStatistics": {"maxAge": 1, "priceHint": 2, "enterpriseValue": 35813953536, "profitMargins": 0.13941, "floatShares": 46023608, "sharesOutstanding": 183280992, "heldPercentInsiders": 0.74926, "heldPercentInstitutions": 0.16677, "beta": 1.262339, "category": null, "bookValue": 136.664, "priceToBook": 2.4648042, "fundFamily": null, "legalType": null, "lastFiscalYearEnd": "2020-03-31 05:30:00", "nextFiscalYearEnd": "2022-03-31 05:30:00", "mostRecentQuarter": "2020-12-31 05:30:00", "earningsQuarterlyGrowth": -0.075, "netIncomeToCommon": 3071208960, "trailingEps": 16.582, "forwardEps": 24.3, "lastSplitFactor": null, "enterpriseToRevenue": 1.626, "enterpriseToEbitda": 9.42, "52WeekChange": 0.60672545, "SandP52WeekChange": 0.48148263, "lastDividendValue": 6.7, "lastDividendDate": 1616025600}, "industryTrend": {"maxAge": 1, "symbol": null, "estimates": []}, "quoteType": {"exchange": "NSI", "quoteType": "EQUITY", "symbol": "BDL.NS", "underlyingSymbol": "BDL.NS", "shortName": "BHARAT DYNAMICS LT", "longName": "Bharat Dynamics Limited", "firstTradeDateEpochUtc": "2018-03-23 09:15:00", "timeZoneFullName": "Asia/Kolkata", "timeZoneShortName": "IST", "uuid": "4ee35892-4d73-319d-bd26-5da3c597b19d", "messageBoardId": "finmb_23006716", "gmtOffSetMilliseconds": 19800000, "maxAge": 1}, "incomeStatementHistory": {"incomeStatementHistory": [{"maxAge": 1, "endDate": "2020-03-31", "totalRevenue": 30951979000, "costOfRevenue": 15655529000, "grossProfit": 15296450000, "researchDevelopment": {}, "sellingGeneralAdministrative": 5488915000, "nonRecurring": {}, "otherOperatingExpenses": 2531839000, "totalOperatingExpenses": 24640667000, "operatingIncome": 6311312000, "totalOtherIncomeExpenseNet": 1113228000, "ebit": 6311312000, "interestExpense": -32655000, "incomeBeforeTax": 7424540000, "incomeTaxExpense": 2075532000, "minorityInterest": {}, "netIncomeFromContinuingOps": 5349008000, "discontinuedOperations": {}, "extraordinaryItems": {}, "effectOfAccountingCharges": {}, "otherItems": {}, "netIncome": 5349008000, "netIncomeApplicableToCommonShares": 5349008000}, {"maxAge": 1, "endDate": "2019-03-31", "totalRevenue": 30693497000, "costOfRevenue": 16788220000, "grossProfit": 13905277000, "researchDevelopment": {}, "sellingGeneralAdministrative": 5489514000, "nonRecurring": {}, "otherOperatingExpenses": 2194649000, "totalOperatingExpenses": 25297404000, "operatingIncome": 5396093000, "totalOtherIncomeExpenseNet": 1317553000, "ebit": 5396093000, "interestExpense": -28405000, "incomeBeforeTax": 6713646000, "incomeTaxExpense": 2487774000, "minorityInterest": {}, "netIncomeFromContinuingOps": 4225872000, "discontinuedOperations": {}, "extraordinaryItems": {}, "effectOfAccountingCharges": {}, "otherItems": {}, "netIncome": 4225872000, "netIncomeApplicableToCommonShares": 4225872000}, {"maxAge": 1, "endDate": "2018-03-31", "totalRevenue": 45762565000, "costOfRevenue": 28654359000, "grossProfit": 17108206000, "researchDevelopment": {}, "sellingGeneralAdministrative": 5377529000, "nonRecurring": {}, "otherOperatingExpenses": 5054165000, "totalOperatingExpenses": 39717123000, "operatingIncome": 6045442000, "totalOtherIncomeExpenseNet": 1692799000, "ebit": 6045442000, "interestExpense": -18890000, "incomeBeforeTax": 7738241000, "incomeTaxExpense": 2456725000, "minorityInterest": {}, "netIncomeFromContinuingOps": 5281516000, "discontinuedOperations": {}, "extraordinaryItems": {}, "effectOfAccountingCharges": {}, "otherItems": {}, "netIncome": 5281516000, "netIncomeApplicableToCommonShares": 5281516000}, {"maxAge": 1, "endDate": "2017-03-31", "totalRevenue": 45353253000, "costOfRevenue": 26727725000, "grossProfit": 18625528000, "researchDevelopment": {}, "sellingGeneralAdministrative": 4524258000, "nonRecurring": {}, "otherOperatingExpenses": 8415637000, "totalOperatingExpenses": 40287778000, "operatingIncome": 5065475000, "totalOtherIncomeExpenseNet": 2962651000, "ebit": 5065475000, "interestExpense": -22873000, "incomeBeforeTax": 8028126000, "incomeTaxExpense": 2787570000, "minorityInterest": {}, "netIncomeFromContinuingOps": 5240556000, "discontinuedOperations": {}, "extraordinaryItems": {}, "effectOfAccountingCharges": {}, "otherItems": {}, "netIncome": 5240556000, "netIncomeApplicableToCommonShares": 5240556000}], "maxAge": 86400}, "fundOwnership": {"maxAge": 1, "ownershipList": [{"maxAge": 1, "reportDate": "2021-02-28", "organization": "WisdomTree Tr-WisdomTree India Earnings Fd", "pctHeld": 0.0002, "position": 44880, "value": 15721464}, {"maxAge": 1, "reportDate": "2021-01-31", "organization": "DFA Emerging Markets Small Cap Series", "pctHeld": 0.0001, "position": 18219, "value": 6030489}]}, "summaryDetail": {"maxAge": 1, "priceHint": 2, "previousClose": 341.45, "open": 336.45, "dayLow": 335.65, "dayHigh": 339.5, "regularMarketPreviousClose": 341.45, "regularMarketOpen": 336.45, "regularMarketDayLow": 335.65, "regularMarketDayHigh": 339.5, "dividendRate": 9.25, "dividendYield": 0.0269, "exDividendDate": "2021-03-18 05:30:00", "payoutRatio": 0.5254, "beta": 1.262339, "trailingPE": 20.314196, "forwardPE": 13.862141, "volume": 63998, "regularMarketVolume": 63998, "averageVolume": 412765, "averageVolume10days": 177308, "averageDailyVolume10Day": 177308, "bid": 0.0, "ask": 0.0, "bidSize": 0, "askSize": 0, "marketCap": 61693071360, "fiftyTwoWeekLow": 207.1, "fiftyTwoWeekHigh": 481.7, "priceToSalesTrailing12Months": 2.8004477, "fiftyDayAverage": 339.85144, "twoHundredDayAverage": 331.86493, "trailingAnnualDividendRate": 9.25, "trailingAnnualDividendYield": 0.027090348, "currency": "INR", "fromCurrency": null, "toCurrency": null, "lastMarket": null, "algorithm": null, "tradeable": false}, "insiderHolders": {"holders": [{"maxAge": 1, "name": "Govt of India", "relation": "Promoter", "url": "", "transactionDescription": "Sale", "latestTransDate": "2020-09-09", "positionDirect": 137325527, "positionDirectDate": "2020-09-09"}, {"maxAge": 1, "name": "Life Insurance Corporation of India", "relation": "Institution- Corporation", "url": "", "transactionDescription": "Acquisition", "latestTransDate": "2020-09-09", "positionDirect": 19241129, "positionDirectDate": "2020-09-09"}], "maxAge": 1}, "calendarEvents": {"maxAge": 1, "earnings": {"earningsDate": ["2021-02-12 05:30:S"]}, "exDividendDate": "2021-03-18 05:30:00"}, "price": {"maxAge": 1, "regularMarketChangePercent": -0.013471975, "regularMarketChange": -4.600006, "regularMarketTime": "2021-04-30 15:30:00", "priceHint": 2, "regularMarketPrice": 336.85, "regularMarketDayHigh": 339.5, "regularMarketDayLow": 335.65, "regularMarketVolume": 63998, "averageDailyVolume10Day": 177308, "averageDailyVolume3Month": 412765, "regularMarketPreviousClose": 341.45, "regularMarketSource": "FREE_REALTIME", "regularMarketOpen": 336.45, "exchange": "NSI", "exchangeName": "NSE", "exchangeDataDelayedBy": 15, "marketState": "CLOSED", "quoteType": "EQUITY", "symbol": "BDL.NS", "underlyingSymbol": null, "shortName": "BHARAT DYNAMICS LT", "longName": "Bharat Dynamics Limited", "currency": "INR", "quoteSourceName": "Delayed Quote", "currencySymbol": "\u20b9", "fromCurrency": null, "toCurrency": null, "lastMarket": null, "marketCap": 61693071360}, "balanceSheetHistory": {"balanceSheetStatements": [{"maxAge": 1, "endDate": "2020-03-31", "cash": 6634947000, "shortTermInvestments": 390443000, "netReceivables": 27971088000, "inventory": 8565177000, "otherCurrentAssets": 2166744000, "totalCurrentAssets": 45739754000, "longTermInvestments": 39043000, "propertyPlantEquipment": 8366246000, "intangibleAssets": 1368783000, "otherAssets": 1337912000, "deferredLongTermAssetCharges": 542497000, "totalAssets": 56851738000, "accountsPayable": 3454853000, "otherCurrentLiab": 16800996000, "otherLiab": 7560560000, "deferredLongTermLiab": 231564000, "totalCurrentLiabilities": 23145762000, "totalLiab": 30783441000, "commonStock": 1832812000, "retainedEarnings": 24235485000, "totalStockholderEquity": 26068297000, "netTangibleAssets": 24699514000}, {"maxAge": 1, "endDate": "2019-03-31", "cash": 3713167000, "shortTermInvestments": 259983000, "netReceivables": 19579807000, "inventory": 16645320000, "otherCurrentAssets": 2882291000, "totalCurrentAssets": 43095005000, "longTermInvestments": 37174000, "propertyPlantEquipment": 8594965000, "intangibleAssets": 1427110000, "otherAssets": 1529934000, "deferredLongTermAssetCharges": 717736000, "totalAssets": 54684188000, "accountsPayable": 5194572000, "otherCurrentLiab": 21355947000, "otherLiab": 2807532000, "deferredLongTermLiab": 254127000, "totalCurrentLiabilities": 29191196000, "totalLiab": 31998728000, "commonStock": 1832812000, "retainedEarnings": 20852648000, "totalStockholderEquity": 22685460000, "netTangibleAssets": 21258350000}, {"maxAge": 1, "endDate": "2018-03-31", "cash": 3567894000, "shortTermInvestments": 142162000, "netReceivables": 22888038000, "inventory": 19258664000, "otherCurrentAssets": 4950039000, "totalCurrentAssets": 53176742000, "longTermInvestments": 36894000, "propertyPlantEquipment": 8500050000, "intangibleAssets": 1451420000, "otherAssets": 2818619000, "deferredLongTermAssetCharges": 1925598000, "totalAssets": 65983725000, "accountsPayable": 10115056000, "otherCurrentLiab": 28692619000, "otherLiab": 4100006000, "deferredLongTermLiab": 280906000, "totalCurrentLiabilities": 42319920000, "totalLiab": 46419926000, "commonStock": 1832812000, "retainedEarnings": 17730987000, "totalStockholderEquity": 19563799000, "netTangibleAssets": 18112379000}, {"maxAge": 1, "endDate": "2017-03-31", "cash": 17380067000, "shortTermInvestments": 145911000, "netReceivables": 18955798000, "inventory": 22404157000, "otherCurrentAssets": 13663519000, "totalCurrentAssets": 72562455000, "longTermInvestments": 29468000, "propertyPlantEquipment": 7317398000, "intangibleAssets": 1439358000, "otherAssets": 2452352000, "deferredLongTermAssetCharges": 1414471000, "totalAssets": 83801031000, "accountsPayable": 15293642000, "otherCurrentLiab": 39410236000, "otherLiab": 4986268000, "deferredLongTermLiab": 437439000, "totalCurrentLiabilities": 56865004000, "totalLiab": 61851272000, "commonStock": 1221875000, "retainedEarnings": 20727884000, "totalStockholderEquity": 21949759000, "netTangibleAssets": 20510401000}], "maxAge": 86400}, "earningsTrend": {"trend": [{"maxAge": 1, "period": "0q", "endDate": "2018-12-31", "growth": {}, "earningsEstimate": {"avg": 0.0, "low": 0.0, "high": 0.0, "yearAgoEps": {}, "numberOfAnalysts": 0, "growth": {}}, "revenueEstimate": {"avg": 0, "low": 0, "high": 0, "numberOfAnalysts": 0, "yearAgoRevenue": {}, "growth": {}}, "epsTrend": {"current": 0.0, "7daysAgo": 0.0, "30daysAgo": 0.0, "60daysAgo": 0.0, "90daysAgo": 0.0}, "epsRevisions": {"upLast7days": 0, "upLast30days": 0, "downLast30days": 0, "downLast90days": {}}}, {"maxAge": 1, "period": "+1q", "endDate": "2019-03-31", "growth": {}, "earningsEstimate": {"avg": 0.0, "low": 0.0, "high": 0.0, "yearAgoEps": {}, "numberOfAnalysts": 0, "growth": {}}, "revenueEstimate": {"avg": 0, "low": 0, "high": 0, "numberOfAnalysts": 0, "yearAgoRevenue": {}, "growth": {}}, "epsTrend": {"current": 0.0, "7daysAgo": 0.0, "30daysAgo": 0.0, "60daysAgo": 0.0, "90daysAgo": 0.0}, "epsRevisions": {"upLast7days": 0, "upLast30days": 0, "downLast30days": 0, "downLast90days": {}}}, {"maxAge": 1, "period": "0y", "endDate": "2019-03-31", "growth": {}, "earningsEstimate": {"avg": 0.0, "low": 0.0, "high": 0.0, "yearAgoEps": {}, "numberOfAnalysts": 0, "growth": {}}, "revenueEstimate": {"avg": 43514000000, "low": 43514000000, "high": 43514000000, "numberOfAnalysts": 1, "yearAgoRevenue": 43180400000, "growth": 0.008}, "epsTrend": {"current": 0.0, "7daysAgo": 28.2, "30daysAgo": 28.2, "60daysAgo": 28.2, "90daysAgo": 28.2}, "epsRevisions": {"upLast7days": 0, "upLast30days": 0, "downLast30days": 0, "downLast90days": {}}}, {"maxAge": 1, "period": "+1y", "endDate": "2020-03-31", "growth": {}, "earningsEstimate": {"avg": 0.0, "low": 0.0, "high": 0.0, "yearAgoEps": {}, "numberOfAnalysts": 0, "growth": {}}, "revenueEstimate": {"avg": 36086000000, "low": 36086000000, "high": 36086000000, "numberOfAnalysts": 1, "yearAgoRevenue": 43514000000, "growth": -0.171}, "epsTrend": {"current": 0.0, "7daysAgo": 24.3, "30daysAgo": 24.3, "60daysAgo": 24.3, "90daysAgo": 24.3}, "epsRevisions": {"upLast7days": 0, "upLast30days": 0, "downLast30days": 0, "downLast90days": {}}}, {"maxAge": 1, "period": "+5y", "endDate": null, "growth": {}, "earningsEstimate": {"avg": {}, "low": {}, "high": {}, "yearAgoEps": {}, "numberOfAnalysts": {}, "growth": {}}, "revenueEstimate": {"avg": {}, "low": {}, "high": {}, "numberOfAnalysts": {}, "yearAgoRevenue": {}, "growth": {}}, "epsTrend": {"current": {}, "7daysAgo": {}, "30daysAgo": {}, "60daysAgo": {}, "90daysAgo": {}}, "epsRevisions": {"upLast7days": {}, "upLast30days": {}, "downLast30days": {}, "downLast90days": {}}}, {"maxAge": 1, "period": "-5y", "endDate": null, "growth": {}, "earningsEstimate": {"avg": {}, "low": {}, "high": {}, "yearAgoEps": {}, "numberOfAnalysts": {}, "growth": {}}, "revenueEstimate": {"avg": {}, "low": {}, "high": {}, "numberOfAnalysts": {}, "yearAgoRevenue": {}, "growth": {}}, "epsTrend": {"current": {}, "7daysAgo": {}, "30daysAgo": {}, "60daysAgo": {}, "90daysAgo": {}}, "epsRevisions": {"upLast7days": {}, "upLast30days": {}, "downLast30days": {}, "downLast90days": {}}}], "maxAge": 1}, "institutionOwnership": {"maxAge": 1, "ownershipList": []}, "majorHoldersBreakdown": {"maxAge": 1, "insidersPercentHeld": 0.74926, "institutionsPercentHeld": 0.16677, "institutionsFloatPercentHeld": 0.66512, "institutionsCount": 10}, "balanceSheetHistoryQuarterly": {"balanceSheetStatements": [{"maxAge": 1, "endDate": "2020-12-31", "totalStockholderEquity": 25083010000, "netTangibleAssets": 23774545000}, {"maxAge": 1, "endDate": "2020-09-30", "cash": 7633523000, "shortTermInvestments": 18464277000, "netReceivables": 5295084000, "inventory": 12939926000, "otherCurrentAssets": 3953447000, "totalCurrentAssets": 48286257000, "longTermInvestments": 478887000, "propertyPlantEquipment": 8198234000, "intangibleAssets": 1308465000, "otherAssets": 986616000, "deferredLongTermAssetCharges": 678836000, "totalAssets": 59258459000, "accountsPayable": 3820257000, "otherCurrentLiab": 22590827000, "otherLiab": 7681807000, "totalCurrentLiabilities": 26422300000, "totalLiab": 34175449000, "commonStock": 1832812000, "retainedEarnings": 23250198000, "totalStockholderEquity": 25083010000, "netTangibleAssets": 23774545000}, {"maxAge": 1, "endDate": "2020-06-30", "totalStockholderEquity": 26068297000, "netTangibleAssets": 24690377000}, {"maxAge": 1, "endDate": "2020-03-31", "cash": 6634947000, "shortTermInvestments": 390443000, "netReceivables": 27971088000, "inventory": 8565177000, "otherCurrentAssets": 2166744000, "totalCurrentAssets": 45739754000, "longTermInvestments": 39043000, "propertyPlantEquipment": 8366246000, "intangibleAssets": 1368783000, "otherAssets": 1337912000, "deferredLongTermAssetCharges": 542497000, "totalAssets": 56851738000, "accountsPayable": 3454853000, "otherCurrentLiab": 16800996000, "otherLiab": 7560560000, "deferredLongTermLiab": 231564000, "totalCurrentLiabilities": 23145762000, "totalLiab": 30783441000, "commonStock": 1832812000, "retainedEarnings": 24235485000, "totalStockholderEquity": 26068297000, "netTangibleAssets": 24699514000}], "maxAge": 86400}, "earningsHistory": {"history": [{"maxAge": 1, "epsActual": {}, "epsEstimate": {}, "epsDifference": {}, "surprisePercent": {}, "quarter": {}, "period": "-4q"}, {"maxAge": 1, "epsActual": {}, "epsEstimate": {}, "epsDifference": {}, "surprisePercent": {}, "quarter": {}, "period": "-3q"}, {"maxAge": 1, "epsActual": {}, "epsEstimate": {}, "epsDifference": {}, "surprisePercent": {}, "quarter": {}, "period": "-2q"}, {"maxAge": 1, "epsActual": 1.55, "epsEstimate": 6.0, "epsDifference": -4.45, "surprisePercent": -0.742, "quarter": "2018-09-30", "period": "-1q"}], "maxAge": 86400}, "summaryProfile": {"address1": "Plot No. 38-39, TSFC Building", "address2": "Near (ICICI Towers) Financial District Gachibowli", "city": "Hyderabad", "zip": "500032", "country": "India", "phone": "91 40 2345 6145", "fax": "91 40 2345 6110", "website": "http://www.bdl-india.in", "industry": "Aerospace & Defense", "sector": "Industrials", "longBusinessSummary": "Bharat Dynamics Limited engages in the manufacture and sale of guided missiles and allied defense products in India. Its product portfolio includes surface to air missiles, anti-tank guided missiles, underwater weapons, launchers, countermeasures, test equipment, mechanized infantry weapons, torpedoes, and submarine fired decoys. The company also exports its products. Bharat Dynamics Limited was founded in 1970 and is headquartered in Hyderabad, India.", "fullTimeEmployees": 2913, "companyOfficers": [], "maxAge": 86400}, "netSharePurchaseActivity": {"maxAge": 1, "period": "6m", "buyInfoCount": 0, "buyInfoShares": 0, "sellInfoCount": 0, "netInfoCount": 0, "netInfoShares": 0, "netPercentInsiderShares": 0.0, "totalInsiderShares": 137527520}, "insiderTransactions": {"transactions": [{"maxAge": 1, "shares": 23503770, "filerUrl": "", "transactionText": "", "filerName": "Govt of India", "filerRelation": "Promoter", "moneyText": "", "startDate": "2020-09-09", "ownership": "D"}, {"maxAge": 1, "shares": 15151515, "filerUrl": "", "transactionText": "", "filerName": "Life Insurance Corporation of India", "filerRelation": "Institution- Corporation", "moneyText": "", "startDate": "2020-09-09", "ownership": "D"}], "maxAge": 1}, "sectorTrend": {"maxAge": 1, "symbol": null, "estimates": []}, "incomeStatementHistoryQuarterly": {"incomeStatementHistory": [{"maxAge": 1, "endDate": "2020-12-31", "totalRevenue": 4593249000, "costOfRevenue": 2366245000, "grossProfit": 2227004000, "researchDevelopment": {}, "sellingGeneralAdministrative": 1225476000, "nonRecurring": {}, "otherOperatingExpenses": 604178000, "totalOperatingExpenses": 4444158000, "operatingIncome": 149091000, "totalOtherIncomeExpenseNet": 536393000, "ebit": 149091000, "interestExpense": -8854000, "incomeBeforeTax": 685484000, "incomeTaxExpense": 193567000, "minorityInterest": {}, "netIncomeFromContinuingOps": 491917000, "discontinuedOperations": {}, "extraordinaryItems": {}, "effectOfAccountingCharges": {}, "otherItems": {}, "netIncome": 491917000, "netIncomeApplicableToCommonShares": 491917000}, {"maxAge": 1, "endDate": "2020-09-30", "totalRevenue": 2768141000, "costOfRevenue": 590012000, "grossProfit": 2178129000, "researchDevelopment": {}, "sellingGeneralAdministrative": 1128595000, "nonRecurring": {}, "otherOperatingExpenses": 527742000, "totalOperatingExpenses": 2460634000, "operatingIncome": 307507000, "totalOtherIncomeExpenseNet": 98472000, "ebit": 307507000, "interestExpense": -9094000, "incomeBeforeTax": 405979000, "incomeTaxExpense": 143519000, "minorityInterest": {}, "netIncomeFromContinuingOps": 262460000, "discontinuedOperations": {}, "extraordinaryItems": {}, "effectOfAccountingCharges": {}, "otherItems": {}, "netIncome": 262460000, "netIncomeApplicableToCommonShares": 262460000}, {"maxAge": 1, "endDate": "2020-06-30", "totalRevenue": 314469000, "costOfRevenue": -251527000, "grossProfit": 565996000, "researchDevelopment": {}, "sellingGeneralAdministrative": 1357003000, "nonRecurring": {}, "otherOperatingExpenses": 394753000, "totalOperatingExpenses": 1674838000, "operatingIncome": -1360369000, "totalOtherIncomeExpenseNet": 300131000, "ebit": -1360369000, "interestExpense": -11685000, "incomeBeforeTax": -1060238000, "incomeTaxExpense": -279858000, "minorityInterest": {}, "netIncomeFromContinuingOps": -780380000, "discontinuedOperations": {}, "extraordinaryItems": {}, "effectOfAccountingCharges": {}, "otherItems": {}, "netIncome": -780380000, "netIncomeApplicableToCommonShares": -780380000}, {"maxAge": 1, "endDate": "2020-03-31", "totalRevenue": 14353859000, "costOfRevenue": 8378109000, "grossProfit": 5975750000, "researchDevelopment": {}, "sellingGeneralAdministrative": 1461884000, "nonRecurring": {}, "otherOperatingExpenses": 466353000, "totalOperatingExpenses": 10661467000, "operatingIncome": 3692392000, "totalOtherIncomeExpenseNet": 311934000, "ebit": 3692392000, "interestExpense": -11685000, "incomeBeforeTax": 4004326000, "incomeTaxExpense": 907114000, "minorityInterest": {}, "netIncomeFromContinuingOps": 3097212000, "discontinuedOperations": {}, "extraordinaryItems": {}, "effectOfAccountingCharges": {}, "otherItems": {}, "netIncome": 3097212000, "netIncomeApplicableToCommonShares": 3097212000}], "maxAge": 86400}, "cashflowStatementHistoryQuarterly": {"cashflowStatements": [{"maxAge": 1, "endDate": "2020-12-31", "netIncome": 491917000, "changeToLiabilities": 0}, {"maxAge": 1, "endDate": "2020-09-30", "netIncome": 262460000, "changeToLiabilities": 0}, {"maxAge": 1, "endDate": "2020-06-30", "netIncome": -780380000, "changeToLiabilities": 0}, {"maxAge": 1, "endDate": "2020-03-31", "netIncome": 3097212000, "changeToLiabilities": 0}], "maxAge": 86400}, "earnings": {"maxAge": 86400, "earningsChart": {"quarterly": [{"date": "3Q2018", "actual": 1.55, "estimate": 6.0}], "currentQuarterEstimateDate": "4Q", "currentQuarterEstimateYear": 2018, "earningsDate": ["2021-02-12 05:30:S"]}, "financialsChart": {"yearly": [{"date": 2017, "revenue": 45353253000, "earnings": 5240556000}, {"date": 2018, "revenue": 45762565000, "earnings": 5281516000}, {"date": 2019, "revenue": 30693497000, "earnings": 4225872000}, {"date": 2020, "revenue": 30951979000, "earnings": 5349008000}], "quarterly": [{"date": "1Q2020", "revenue": 14353859000, "earnings": 3097212000}, {"date": "2Q2020", "revenue": 314469000, "earnings": -780380000}, {"date": "3Q2020", "revenue": 2768141000, "earnings": 262460000}, {"date": "4Q2020", "revenue": 4593249000, "earnings": 491917000}]}, "financialCurrency": "INR"}, "financialData": {"maxAge": 86400, "currentPrice": 336.85, "targetHighPrice": 320.0, "targetLowPrice": 320.0, "targetMeanPrice": 320.0, "targetMedianPrice": 320.0, "recommendationKey": "none", "numberOfAnalystOpinions": 1, "totalCash": 26097799168, "totalCashPerShare": 142.183, "ebitda": 3802014976, "totalDebt": 82558000, "totalRevenue": 22029717504, "debtToEquity": 0.329, "revenuePerShare": 118.972, "grossProfits": 15296450000, "earningsGrowth": -0.076, "revenueGrowth": -0.097, "grossMargins": 0.49691, "ebitdaMargins": 0.17259, "operatingMargins": 0.12658, "profitMargins": 0.13941, "financialCurrency": "INR"}}}