{"BECTORFOOD.NS": {"assetProfile": {"address1": "11-A Udyog Vihar", "city": "Greater Noida", "zip": "201308", "country": "India", "phone": "91 12 0456 9300", "website": "http://www.cremica.in", "industry": "Packaged Foods", "sector": "Consumer Defensive", "longBusinessSummary": "Mrs. Bectors Food Specialities Limited manufactures and sells various food products in India. It provides biscuits, including cookies, creams, crackers, digestives, and glucose under the Mrs. Bector's Cremica brand. The company also manufactures Oreo biscuits and Chocobakes cookies on contract basis. In addition, it manufactures and markets bakery products in savoury and sweet categories that comprise breads, buns, pizza bases, and cakes under the English Oven brand. The company also exports its products to 64 countries across six continents. Mrs. Bectors Food Specialities Limited was founded in 1978 and is based in Greater Noida, India.", "fullTimeEmployees": 2777, "companyOfficers": [{"maxAge": 1, "name": "Mr. Anoop  Bector", "age": 58, "title": "Managing Director & Director", "yearBorn": 1962, "exercisedValue": 0, "unexercisedValue": 0}, {"maxAge": 1, "name": "Mr. Parveen Kumar Goel", "age": 57, "title": "Whole Time Director & CFO", "yearBorn": 1963, "exercisedValue": 0, "unexercisedValue": 0}, {"maxAge": 1, "name": "Mr. Shantilal Sukalal Chaudhari", "age": 58, "title": "Gen. Mang. of Operations", "yearBorn": 1962, "exercisedValue": 0, "unexercisedValue": 0}, {"maxAge": 1, "name": "Mr. Asim  Bhaumik", "age": 58, "title": "Group Head of Technical, Quality and R&D", "yearBorn": 1962, "exercisedValue": 0, "unexercisedValue": 0}, {"maxAge": 1, "name": "Mr. Atul  Sud", "age": 35, "title": "Company Sec. & Compliance Officer", "yearBorn": 1985, "exercisedValue": 0, "unexercisedValue": 0}, {"maxAge": 1, "name": "Mr. Gurpreet Singh Amrit", "age": 45, "title": "Chief Marketing Officer", "yearBorn": 1975, "exercisedValue": 0, "unexercisedValue": 0}, {"maxAge": 1, "name": "Mr. Mayank  Arora", "age": 35, "title": "VP HR", "yearBorn": 1985, "exercisedValue": 0, "unexercisedValue": 0}, {"maxAge": 1, "name": "Mr. Ishaan  Bector", "age": 31, "title": "Whole Time Director", "yearBorn": 1989, "exercisedValue": 0, "unexercisedValue": 0}, {"maxAge": 1, "name": "Mr. Deepak  Jain", "age": 34, "title": "Head of Fin. & Corp. Strategy", "yearBorn": 1986, "exercisedValue": 0, "unexercisedValue": 0}, {"maxAge": 1, "name": "Mr. Suvir  Bector", "title": "Additional Whole Time Director", "exercisedValue": 0, "unexercisedValue": 0}], "maxAge": 86400}, "cashflowStatementHistory": {"cashflowStatements": [{"maxAge": 1, "endDate": "2020-03-31", "netIncome": 304030000, "depreciation": 409040000, "changeToNetincome": 165500000, "changeToAccountReceivables": 189120000, "changeToLiabilities": -14810000, "changeToInventory": -80900000, "changeToOperatingActivities": 117030000, "totalCashFromOperatingActivities": 1094850000, "capitalExpenditures": -424750000, "investments": -30330000, "otherCashflowsFromInvestingActivities": 8280000, "totalCashflowsFromInvestingActivities": -432290000, "dividendsPaid": -42950000, "netBorrowings": -308860000, "otherCashflowsFromFinancingActivities": -159040000, "totalCashFromFinancingActivities": -510850000, "changeInCash": 151710000}, {"maxAge": 1, "endDate": "2019-03-31", "netIncome": 331500000, "depreciation": 345990000, "changeToNetincome": 195880000, "changeToAccountReceivables": -370060000, "changeToLiabilities": 98520000, "changeToInventory": 660000, "changeToOperatingActivities": -68470000, "totalCashFromOperatingActivities": 539860000, "capitalExpenditures": -615890000, "investments": -5570000, "otherCashflowsFromInvestingActivities": 5830000, "totalCashflowsFromInvestingActivities": -612510000, "dividendsPaid": -62840000, "netBorrowings": 253400000, "otherCashflowsFromFinancingActivities": -121390000, "totalCashFromFinancingActivities": 69170000, "changeInCash": -3480000}, {"maxAge": 1, "endDate": "2018-03-31", "netIncome": 358930000, "depreciation": 277790000, "changeToNetincome": 81980000, "changeToAccountReceivables": -102130000, "changeToLiabilities": 11850000, "changeToInventory": -77400000, "changeToOperatingActivities": -91710000, "totalCashFromOperatingActivities": 464990000, "capitalExpenditures": -1180040000, "investments": 50030000, "otherCashflowsFromInvestingActivities": 6030000, "totalCashflowsFromInvestingActivities": -1120360000, "dividendsPaid": -42490000, "netBorrowings": 677860000, "otherCashflowsFromFinancingActivities": -57320000, "totalCashFromFinancingActivities": 578050000, "changeInCash": -77320000}, {"maxAge": 1, "endDate": "2017-03-31", "netIncome": 288160000, "depreciation": 245600000, "changeToNetincome": 31890000, "changeToAccountReceivables": -131320000, "changeToLiabilities": 118480000, "changeToInventory": 49150000, "changeToOperatingActivities": -59230000, "totalCashFromOperatingActivities": 546800000, "capitalExpenditures": -575820000, "investments": 45450000, "otherCashflowsFromInvestingActivities": 6220000, "totalCashflowsFromInvestingActivities": -523960000, "dividendsPaid": -54590000, "netBorrowings": 144770000, "otherCashflowsFromFinancingActivities": -44080000, "totalCashFromFinancingActivities": 46100000, "changeInCash": 68940000}], "maxAge": 86400}, "institutionOwnership": {"maxAge": 1, "ownershipList": []}, "majorHoldersBreakdown": {"maxAge": 1, "insidersPercentHeld": 0.38656, "institutionsPercentHeld": 0.07174, "institutionsFloatPercentHeld": 0.11694, "institutionsCount": 12}, "balanceSheetHistoryQuarterly": {"balanceSheetStatements": [{"maxAge": 1, "endDate": "2020-12-31"}, {"maxAge": 1, "endDate": "2020-06-30", "cash": 346520000, "shortTermInvestments": 147540000, "netReceivables": 908280000, "inventory": 481870000, "otherCurrentAssets": 136280000, "totalCurrentAssets": 2020490000, "longTermInvestments": 39130000, "propertyPlantEquipment": 3544190000, "goodWill": 3950000, "intangibleAssets": 4670000, "otherAssets": 334630000, "totalAssets": 5947060000, "accountsPayable": 488770000, "shortLongTermDebt": 330720000, "otherCurrentLiab": 342540000, "longTermDebt": 908840000, "otherLiab": 262480000, "totalCurrentLiabilities": 1414260000, "totalLiab": 2599140000, "commonStock": 572680000, "retainedEarnings": 2509690000, "treasuryStock": 21630000, "capitalSurplus": 243920000, "otherStockholderEquity": 21630000, "totalStockholderEquity": 3347920000, "netTangibleAssets": 3339300000}, {"maxAge": 1, "endDate": "2019-12-31"}, {"maxAge": 1, "endDate": "2019-06-30", "totalStockholderEquity": 2947520000, "netTangibleAssets": 2931600000}], "maxAge": 86400}, "indexTrend": {"maxAge": 1, "symbol": "SP5", "peRatio": 19.7411, "pegRatio": 1.34172, "estimates": [{"period": "0q", "growth": 0.549}, {"period": "+1q", "growth": 0.431}, {"period": "0y", "growth": 0.305}, {"period": "+1y", "growth": 0.109}, {"period": "+5y", "growth": 0.120865}, {"period": "-5y"}]}, "defaultKeyStatistics": {"maxAge": 1, "priceHint": 2, "enterpriseValue": 20418445312, "profitMargins": 0.08067001, "floatShares": 5602654, "sharesOutstanding": 58746500, "heldPercentInsiders": 0.38656, "heldPercentInstitutions": 0.07174, "category": null, "bookValue": 55.755, "priceToBook": 6.377006, "fundFamily": null, "legalType": null, "lastFiscalYearEnd": "2020-03-31 05:30:00", "nextFiscalYearEnd": "2022-03-31 05:30:00", "mostRecentQuarter": "2020-12-31 05:30:00", "earningsQuarterlyGrowth": 0.855, "netIncomeToCommon": 686540032, "trailingEps": 11.96, "lastSplitFactor": null, "enterpriseToRevenue": 2.399, "enterpriseToEbitda": 14.846, "52WeekChange": -0.40163243, "SandP52WeekChange": 0.48148263}, "summaryProfile": {"address1": "11-A Udyog Vihar", "city": "Greater Noida", "zip": "201308", "country": "India", "phone": "91 12 0456 9300", "website": "http://www.cremica.in", "industry": "Packaged Foods", "sector": "Consumer Defensive", "longBusinessSummary": "Mrs. Bectors Food Specialities Limited manufactures and sells various food products in India. It provides biscuits, including cookies, creams, crackers, digestives, and glucose under the Mrs. Bector's Cremica brand. The company also manufactures Oreo biscuits and Chocobakes cookies on contract basis. In addition, it manufactures and markets bakery products in savoury and sweet categories that comprise breads, buns, pizza bases, and cakes under the English Oven brand. The company also exports its products to 64 countries across six continents. Mrs. Bectors Food Specialities Limited was founded in 1978 and is based in Greater Noida, India.", "fullTimeEmployees": 2777, "companyOfficers": [], "maxAge": 86400}, "netSharePurchaseActivity": {"maxAge": 1, "period": "6m", "buyInfoCount": 0, "buyInfoShares": 0, "sellInfoCount": 0, "netInfoCount": 0, "netInfoShares": 0, "netPercentInsiderShares": 0.0, "totalInsiderShares": 22199280}, "insiderTransactions": {"transactions": [{"maxAge": 1, "shares": 5726, "value": 27881, "filerUrl": "", "transactionText": "Sale at price 4.87 per share.", "filerName": "Bhaumik (Asim)", "filerRelation": "UNREPORTED", "moneyText": "", "startDate": "2021-03-18", "ownership": "D"}], "maxAge": 1}, "quoteType": {"exchange": "NSI", "quoteType": "EQUITY", "symbol": "BECTORFOOD.NS", "underlyingSymbol": "BECTORFOOD.NS", "shortName": "Mrs Bectors Food Spe Ltd", "longName": "Mrs. Bectors Food Specialities Limited", "firstTradeDateEpochUtc": "2020-12-24 09:15:00", "timeZoneFullName": "Asia/Kolkata", "timeZoneShortName": "IST", "uuid": "d6708e45-021c-3e9d-b2c7-7666d308624a", "messageBoardId": "finmb_28286670", "gmtOffSetMilliseconds": 19800000, "maxAge": 1}, "incomeStatementHistory": {"incomeStatementHistory": [{"maxAge": 1, "endDate": "2020-03-31", "totalRevenue": 7621220000, "costOfRevenue": 4153510000, "grossProfit": 3467710000, "researchDevelopment": {}, "sellingGeneralAdministrative": 1320670000, "nonRecurring": {}, "otherOperatingExpenses": 1218880000, "totalOperatingExpenses": 7107940000, "operatingIncome": 513280000, "totalOtherIncomeExpenseNet": -121480000, "ebit": 513280000, "interestExpense": -150390000, "incomeBeforeTax": 391800000, "incomeTaxExpense": 87770000, "minorityInterest": {}, "netIncomeFromContinuingOps": 304030000, "discontinuedOperations": {}, "extraordinaryItems": {}, "effectOfAccountingCharges": {}, "otherItems": {}, "netIncome": 304030000, "netIncomeApplicableToCommonShares": 304030000}, {"maxAge": 1, "endDate": "2019-03-31", "totalRevenue": 7836650000, "costOfRevenue": 4313360000, "grossProfit": 3523290000, "researchDevelopment": {}, "sellingGeneralAdministrative": 1248550000, "nonRecurring": {}, "otherOperatingExpenses": 1313290000, "totalOperatingExpenses": 7227030000, "operatingIncome": 609620000, "totalOtherIncomeExpenseNet": -103060000, "ebit": 609620000, "interestExpense": -126750000, "incomeBeforeTax": 506560000, "incomeTaxExpense": 175060000, "minorityInterest": {}, "netIncomeFromContinuingOps": 331500000, "discontinuedOperations": {}, "extraordinaryItems": {}, "effectOfAccountingCharges": {}, "otherItems": {}, "netIncome": 331500000, "netIncomeApplicableToCommonShares": 331500000}, {"maxAge": 1, "endDate": "2018-03-31", "totalRevenue": 6906350000, "costOfRevenue": 3900990000, "grossProfit": 3005360000, "researchDevelopment": {}, "sellingGeneralAdministrative": 1076050000, "nonRecurring": {}, "otherOperatingExpenses": 1071940000, "totalOperatingExpenses": 6332450000, "operatingIncome": 573900000, "totalOtherIncomeExpenseNet": -45490000, "ebit": 573900000, "interestExpense": -61060000, "incomeBeforeTax": 528410000, "incomeTaxExpense": 169480000, "minorityInterest": {}, "netIncomeFromContinuingOps": 358930000, "discontinuedOperations": {}, "extraordinaryItems": {}, "effectOfAccountingCharges": {}, "otherItems": {}, "netIncome": 358930000, "netIncomeApplicableToCommonShares": 358930000}, {"maxAge": 1, "endDate": "2017-03-31", "totalRevenue": 6246840000, "costOfRevenue": 3670190000, "grossProfit": 2576650000, "researchDevelopment": {}, "sellingGeneralAdministrative": 943540000, "nonRecurring": {}, "otherOperatingExpenses": 938080000, "totalOperatingExpenses": 5800890000, "operatingIncome": 445950000, "totalOtherIncomeExpenseNet": -24960000, "ebit": 445950000, "interestExpense": -45020000, "incomeBeforeTax": 420990000, "incomeTaxExpense": 132830000, "minorityInterest": {}, "netIncomeFromContinuingOps": 288160000, "discontinuedOperations": {}, "extraordinaryItems": {}, "effectOfAccountingCharges": {}, "otherItems": {}, "netIncome": 288160000, "netIncomeApplicableToCommonShares": 288160000}], "maxAge": 86400}, "fundOwnership": {"maxAge": 1, "ownershipList": []}, "summaryDetail": {"maxAge": 1, "priceHint": 2, "previousClose": 358.65, "open": 356.95, "dayLow": 354.05, "dayHigh": 362.0, "regularMarketPreviousClose": 358.65, "regularMarketOpen": 356.95, "regularMarketDayLow": 354.05, "regularMarketDayHigh": 362.0, "payoutRatio": 0.0, "trailingPE": 29.72826, "volume": 141457, "regularMarketVolume": 141457, "averageVolume": 442330, "averageVolume10days": 169729, "averageDailyVolume10Day": 169729, "bid": 0.0, "ask": 0.0, "marketCap": 20875689984, "fiftyTwoWeekLow": 328.4, "fiftyTwoWeekHigh": 624.0, "priceToSalesTrailing12Months": 2.452867, "fiftyDayAverage": 354.38, "twoHundredDayAverage": 398.63406, "trailingAnnualDividendRate": 0.75, "trailingAnnualDividendYield": 0.0020911752, "currency": "INR", "fromCurrency": null, "toCurrency": null, "lastMarket": null, "algorithm": null, "tradeable": false}, "incomeStatementHistoryQuarterly": {"incomeStatementHistory": [{"maxAge": 1, "endDate": "2020-12-31", "totalRevenue": 2257500000, "costOfRevenue": 1144930000, "grossProfit": 1112570000, "researchDevelopment": {}, "sellingGeneralAdministrative": 335580000, "nonRecurring": {}, "otherOperatingExpenses": 380230000, "totalOperatingExpenses": 1973700000, "operatingIncome": 283800000, "totalOtherIncomeExpenseNet": -6930000, "ebit": 283800000, "interestExpense": -19150000, "incomeBeforeTax": 276870000, "incomeTaxExpense": 70130000, "minorityInterest": {}, "netIncomeFromContinuingOps": 206740000, "discontinuedOperations": {}, "extraordinaryItems": {}, "effectOfAccountingCharges": {}, "otherItems": {}, "netIncome": 206740000, "netIncomeApplicableToCommonShares": 206740000}, {"maxAge": 1, "endDate": "2020-06-30", "totalRevenue": 2028480000, "costOfRevenue": 1068740000, "grossProfit": 959740000, "researchDevelopment": {}, "sellingGeneralAdministrative": 312050000, "nonRecurring": {}, "otherOperatingExpenses": 303370000, "totalOperatingExpenses": 1794660000, "operatingIncome": 233820000, "totalOtherIncomeExpenseNet": -20830000, "ebit": 233820000, "interestExpense": -30630000, "incomeBeforeTax": 212990000, "incomeTaxExpense": 54270000, "minorityInterest": {}, "netIncomeFromContinuingOps": 158720000, "discontinuedOperations": {}, "extraordinaryItems": {}, "effectOfAccountingCharges": {}, "otherItems": {}, "netIncome": 158720000, "netIncomeApplicableToCommonShares": 158720000}, {"maxAge": 1, "endDate": "2019-12-31", "totalRevenue": 2031770000, "costOfRevenue": 1080640000, "grossProfit": 951130000, "researchDevelopment": {}, "sellingGeneralAdministrative": 310700000, "nonRecurring": {}, "otherOperatingExpenses": 356410000, "totalOperatingExpenses": 1852660000, "operatingIncome": 179110000, "totalOtherIncomeExpenseNet": -29480000, "ebit": 179110000, "interestExpense": -37130000, "incomeBeforeTax": 149630000, "incomeTaxExpense": 38180000, "minorityInterest": {}, "netIncomeFromContinuingOps": 111450000, "discontinuedOperations": {}, "extraordinaryItems": {}, "effectOfAccountingCharges": {}, "otherItems": {}, "netIncome": 111450000, "netIncomeApplicableToCommonShares": 111450000}, {"maxAge": 1, "endDate": "2019-06-30", "totalRevenue": 1750720000, "costOfRevenue": 949190000, "grossProfit": 801530000, "researchDevelopment": {}, "sellingGeneralAdministrative": 299650000, "nonRecurring": {}, "otherOperatingExpenses": 300860000, "totalOperatingExpenses": 1652620000, "operatingIncome": 98100000, "totalOtherIncomeExpenseNet": -33980000, "ebit": 98100000, "interestExpense": -41470000, "incomeBeforeTax": 64120000, "incomeTaxExpense": 22490000, "minorityInterest": {}, "netIncomeFromContinuingOps": 41630000, "discontinuedOperations": {}, "extraordinaryItems": {}, "effectOfAccountingCharges": {}, "otherItems": {}, "netIncome": 41630000, "netIncomeApplicableToCommonShares": 41630000}], "maxAge": 86400}, "cashflowStatementHistoryQuarterly": {"cashflowStatements": [{"maxAge": 1, "endDate": "2020-12-31", "netIncome": 206740000, "changeToLiabilities": 0}, {"maxAge": 1, "endDate": "2020-06-30", "netIncome": 158720000, "depreciation": 109040000, "changeToNetincome": 92830000, "changeToAccountReceivables": -31290000, "changeToLiabilities": 18500000, "changeToInventory": -48140000, "changeToOperatingActivities": 85840000, "totalCashFromOperatingActivities": 386960000, "capitalExpenditures": -148930000, "investments": -115220000, "otherCashflowsFromInvestingActivities": 2960000, "totalCashflowsFromInvestingActivities": -261030000, "netBorrowings": 16380000, "otherCashflowsFromFinancingActivities": -2780000, "totalCashFromFinancingActivities": 13600000, "changeInCash": 139530000}, {"maxAge": 1, "endDate": "2019-12-31", "netIncome": 111450000, "depreciation": 109040000, "changeToNetincome": 92830000, "changeToAccountReceivables": -31290000, "changeToLiabilities": 0, "changeToInventory": -48140000, "changeToOperatingActivities": 85840000, "totalCashFromOperatingActivities": 386960000, "capitalExpenditures": -148930000, "investments": -115220000, "otherCashflowsFromInvestingActivities": 2960000, "totalCashflowsFromInvestingActivities": -261030000, "netBorrowings": 16380000, "otherCashflowsFromFinancingActivities": -2780000, "totalCashFromFinancingActivities": 13600000, "changeInCash": 139530000}, {"maxAge": 1, "endDate": "2019-06-30", "netIncome": 41630000, "depreciation": 101470000, "changeToNetincome": 42770000, "changeToAccountReceivables": 144150000, "changeToLiabilities": -60200000, "changeToInventory": -27990000, "changeToOperatingActivities": 2780000, "totalCashFromOperatingActivities": 246060000, "capitalExpenditures": -88030000, "investments": -22980000, "otherCashflowsFromInvestingActivities": 1860000, "totalCashflowsFromInvestingActivities": -108980000, "netBorrowings": -130600000, "otherCashflowsFromFinancingActivities": -41340000, "totalCashFromFinancingActivities": -171940000, "changeInCash": -34860000}], "maxAge": 86400}, "insiderHolders": {"holders": [{"maxAge": 1, "name": "Bhaumik (Asim)", "relation": "UNREPORTED", "url": "", "transactionDescription": "Sale", "latestTransDate": "2021-03-18", "positionDirect": 0, "positionDirectDate": "2021-03-18"}], "maxAge": 1}, "calendarEvents": {"maxAge": 1, "earnings": {"earningsDate": []}}, "price": {"maxAge": 1, "regularMarketChangePercent": -0.0086435415, "regularMarketChange": -3.100006, "regularMarketTime": "2021-04-30 15:29:54", "priceHint": 2, "regularMarketPrice": 355.55, "regularMarketDayHigh": 362.0, "regularMarketDayLow": 354.05, "regularMarketVolume": 141457, "averageDailyVolume10Day": 169729, "averageDailyVolume3Month": 442330, "regularMarketPreviousClose": 358.65, "regularMarketSource": "FREE_REALTIME", "regularMarketOpen": 356.95, "exchange": "NSI", "exchangeName": "NSE", "exchangeDataDelayedBy": 15, "marketState": "CLOSED", "quoteType": "EQUITY", "symbol": "BECTORFOOD.NS", "underlyingSymbol": null, "shortName": "Mrs Bectors Food Spe Ltd", "longName": "Mrs. Bectors Food Specialities Limited", "currency": "INR", "quoteSourceName": "Delayed Quote", "currencySymbol": "\u20b9", "fromCurrency": null, "toCurrency": null, "lastMarket": null, "marketCap": 20875689984}, "balanceSheetHistory": {"balanceSheetStatements": [{"maxAge": 1, "endDate": "2020-03-31", "cash": 206990000, "shortTermInvestments": 39810000, "netReceivables": 928310000, "inventory": 433730000, "otherCurrentAssets": 153940000, "totalCurrentAssets": 1762780000, "longTermInvestments": 38280000, "propertyPlantEquipment": 3593600000, "goodWill": 3950000, "intangibleAssets": 6130000, "otherAssets": 252410000, "totalAssets": 5657150000, "accountsPayable": 470270000, "shortLongTermDebt": 274610000, "otherCurrentLiab": 282920000, "longTermDebt": 856530000, "otherLiab": 271380000, "totalCurrentLiabilities": 1320870000, "totalLiab": 2464160000, "commonStock": 572680000, "retainedEarnings": 2354890000, "treasuryStock": 21500000, "capitalSurplus": 243920000, "otherStockholderEquity": 21500000, "totalStockholderEquity": 3192990000, "netTangibleAssets": 3182910000}, {"maxAge": 1, "endDate": "2019-03-31", "cash": 55280000, "shortTermInvestments": 14110000, "netReceivables": 1216780000, "inventory": 352830000, "otherCurrentAssets": 192010000, "totalCurrentAssets": 1831010000, "longTermInvestments": 37910000, "propertyPlantEquipment": 3765780000, "goodWill": 3950000, "intangibleAssets": 11970000, "otherAssets": 119820000, "totalAssets": 5770440000, "accountsPayable": 488220000, "shortLongTermDebt": 203170000, "otherCurrentLiab": 283810000, "longTermDebt": 1072100000, "otherLiab": 312720000, "totalCurrentLiabilities": 1411290000, "totalLiab": 2822920000, "commonStock": 572680000, "retainedEarnings": 2109400000, "treasuryStock": 21520000, "capitalSurplus": 243920000, "otherStockholderEquity": 21520000, "totalStockholderEquity": 2947520000, "netTangibleAssets": 2931600000}, {"maxAge": 1, "endDate": "2018-03-31", "cash": 58760000, "shortTermInvestments": 450000, "netReceivables": 780540000, "inventory": 353490000, "otherCurrentAssets": 207560000, "totalCurrentAssets": 1400980000, "longTermInvestments": 38820000, "propertyPlantEquipment": 3510240000, "goodWill": 3950000, "intangibleAssets": 17810000, "otherAssets": 138790000, "totalAssets": 5110590000, "accountsPayable": 389700000, "shortLongTermDebt": 121170000, "otherCurrentLiab": 348900000, "longTermDebt": 947120000, "otherLiab": 234770000, "totalCurrentLiabilities": 1220490000, "totalLiab": 2444450000, "commonStock": 572680000, "retainedEarnings": 1831270000, "treasuryStock": 18360000, "capitalSurplus": 243830000, "otherStockholderEquity": 18360000, "totalStockholderEquity": 2666140000, "netTangibleAssets": 2644380000}, {"maxAge": 1, "endDate": "2017-03-31", "cash": 136080000, "shortTermInvestments": 420000, "netReceivables": 656770000, "inventory": 276090000, "otherCurrentAssets": 150520000, "totalCurrentAssets": 1268140000, "longTermInvestments": 38650000, "propertyPlantEquipment": 2291570000, "goodWill": 7270000, "intangibleAssets": 22680000, "otherAssets": 172030000, "totalAssets": 3800340000, "accountsPayable": 377850000, "shortLongTermDebt": 102440000, "otherCurrentLiab": 204010000, "longTermDebt": 373710000, "otherLiab": 124580000, "totalCurrentLiabilities": 945270000, "totalLiab": 1443560000, "commonStock": 286340000, "retainedEarnings": 1506390000, "treasuryStock": 33870000, "capitalSurplus": 530180000, "otherStockholderEquity": 33870000, "totalStockholderEquity": 2356780000, "netTangibleAssets": 2326830000}], "maxAge": 86400}, "financialData": {"maxAge": 86400, "currentPrice": 355.55, "recommendationKey": "none", "ebitda": 1375364992, "totalRevenue": 8510730240, "revenuePerShare": 148.572, "grossProfits": 3467710000, "earningsGrowth": 0.856, "revenueGrowth": 0.111, "grossMargins": 0.46771, "ebitdaMargins": 0.1616, "operatingMargins": 0.10988, "profitMargins": 0.08067001, "financialCurrency": "INR"}}}