{"BEEKAY.BO": {"recommendationTrend": {"trend": [{"period": "0m", "strongBuy": 0, "buy": 0, "hold": 0, "sell": 0, "strongSell": 0}, {"period": "-1m", "strongBuy": 0, "buy": 0, "hold": 0, "sell": 0, "strongSell": 0}, {"period": "-2m", "strongBuy": 0, "buy": 0, "hold": 0, "sell": 0, "strongSell": 0}, {"period": "-3m", "strongBuy": 0, "buy": 0, "hold": 0, "sell": 0, "strongSell": 0}], "maxAge": 86400}, "cashflowStatementHistory": {"cashflowStatements": [{"maxAge": 1, "endDate": "2020-03-31", "netIncome": 785201976, "depreciation": 230564801, "changeToNetincome": -68559799, "changeToAccountReceivables": 210571570, "changeToLiabilities": -102621180, "changeToInventory": -50670923, "changeToOperatingActivities": -198658551, "totalCashFromOperatingActivities": 805827894, "capitalExpenditures": -253408125, "investments": -353990148, "totalCashflowsFromInvestingActivities": -607072278, "dividendsPaid": -38144104, "netBorrowings": -33201776, "otherCashflowsFromFinancingActivities": -110024652, "totalCashFromFinancingActivities": -181370532, "changeInCash": 17385084}, {"maxAge": 1, "endDate": "2019-03-31", "netIncome": 990937545, "depreciation": 163710491, "changeToNetincome": 165059861, "changeToAccountReceivables": 139729315, "changeToLiabilities": -293746, "changeToInventory": -416417616, "changeToOperatingActivities": -479432482, "totalCashFromOperatingActivities": 563293368, "capitalExpenditures": -357045596, "investments": -8333324, "totalCashflowsFromInvestingActivities": -363288949, "dividendsPaid": -22954673, "netBorrowings": -10327538, "otherCashflowsFromFinancingActivities": -158004433, "totalCashFromFinancingActivities": -191286644, "changeInCash": 8717775}, {"maxAge": 1, "endDate": "2018-03-31", "netIncome": 706152964, "depreciation": 149942380, "changeToNetincome": 178396092, "changeToAccountReceivables": -468366499, "changeToLiabilities": 27865663, "changeToInventory": -168485649, "changeToOperatingActivities": 53635600, "totalCashFromOperatingActivities": 479140551, "capitalExpenditures": -160104600, "investments": 1790284, "otherCashflowsFromInvestingActivities": 10225752, "totalCashflowsFromInvestingActivities": -147468346, "dividendsPaid": -22313097, "netBorrowings": -181939138, "otherCashflowsFromFinancingActivities": -185116475, "totalCashFromFinancingActivities": -389368710, "changeInCash": -57696505}, {"maxAge": 1, "endDate": "2017-03-31", "netIncome": 343871756, "depreciation": 148186133, "changeToNetincome": 218771780, "changeToAccountReceivables": -48446288, "changeToLiabilities": -158286988, "changeToInventory": -344947704, "changeToOperatingActivities": 211800468, "totalCashFromOperatingActivities": 370949157, "capitalExpenditures": -110350992, "investments": 1009058, "otherCashflowsFromInvestingActivities": 4698218, "totalCashflowsFromInvestingActivities": -104462341, "dividendsPaid": -22966861, "netBorrowings": -272798, "otherCashflowsFromFinancingActivities": -188776033, "totalCashFromFinancingActivities": -212015692, "changeInCash": 54471124}], "maxAge": 86400}, "institutionOwnership": {"ownershipList": [], "maxAge": 1}, "balanceSheetHistoryQuarterly": {"balanceSheetStatements": [{"maxAge": 1, "endDate": "2020-06-30", "totalStockholderEquity": 4713445000, "netTangibleAssets": 4713445000}, {"maxAge": 1, "endDate": "2020-03-31", "cash": 54150000, "shortTermInvestments": 357458000, "netReceivables": 1022070000, "inventory": 2191414000, "otherCurrentAssets": 264179000, "totalCurrentAssets": 3889271000, "longTermInvestments": 38992000, "propertyPlantEquipment": 2335773000, "otherAssets": 157390000, "totalAssets": 6421426000, "accountsPayable": 258601000, "otherCurrentLiab": 198494000, "longTermDebt": 265140000, "otherLiab": 372303000, "totalCurrentLiabilities": 1070538000, "totalLiab": 1707981000, "commonStock": 190909000, "treasuryStock": 4522536000, "otherStockholderEquity": 4522536000, "totalStockholderEquity": 4713445000, "netTangibleAssets": 4713445000}, {"maxAge": 1, "endDate": "2019-12-31"}, {"maxAge": 1, "endDate": "2019-09-30"}], "maxAge": 86400}, "earningsHistory": {"history": [{"maxAge": 1, "epsActual": {}, "epsEstimate": {}, "epsDifference": {}, "surprisePercent": {}, "quarter": {}, "period": "-4q"}, {"maxAge": 1, "epsActual": {}, "epsEstimate": {}, "epsDifference": {}, "surprisePercent": {}, "quarter": {}, "period": "-3q"}, {"maxAge": 1, "epsActual": {}, "epsEstimate": {}, "epsDifference": {}, "surprisePercent": {}, "quarter": {}, "period": "-2q"}, {"maxAge": 1, "epsActual": 8.8, "epsEstimate": 9.66, "epsDifference": -0.86, "surprisePercent": -0.088999994, "quarter": "2017-12-31", "period": "-1q"}], "maxAge": 86400}, "indexTrend": {"maxAge": 1, "symbol": "SP5", "peRatio": 19.7411, "pegRatio": 1.34172, "estimates": [{"period": "0q", "growth": 0.549}, {"period": "+1q", "growth": 0.431}, {"period": "0y", "growth": 0.305}, {"period": "+1y", "growth": 0.109}, {"period": "+5y", "growth": 0.120859005}, {"period": "-5y"}]}, "industryTrend": {"maxAge": 1, "symbol": null, "estimates": []}, "insiderTransactions": {"transactions": [{"maxAge": 1, "shares": 30000, "filerUrl": "", "transactionText": "", "filerName": "Bansal (Ishita)", "filerRelation": "UNREPORTED", "moneyText": "", "startDate": "2018-09-20", "ownership": "D"}, {"maxAge": 1, "shares": 26550, "filerUrl": "", "transactionText": "", "filerName": "Bansal (Shaurya)", "filerRelation": "UNREPORTED", "moneyText": "", "startDate": "2018-09-20", "ownership": "D"}, {"maxAge": 1, "shares": 550000, "filerUrl": "", "transactionText": "", "filerName": "Bansal (Gautam)", "filerRelation": "Wholetime Director", "moneyText": "", "startDate": "2018-07-12", "ownership": "D"}, {"maxAge": 1, "shares": 296000, "filerUrl": "", "transactionText": "", "filerName": "Bansal (Indu)", "filerRelation": "Promoter", "moneyText": "", "startDate": "2018-07-12", "ownership": "D"}, {"maxAge": 1, "shares": 256355, "filerUrl": "", "transactionText": "", "filerName": "Bansal (Suresh Chand)", "filerRelation": "Chairman of the Board", "moneyText": "", "startDate": "2018-07-12", "ownership": "D"}, {"maxAge": 1, "shares": 218000, "filerUrl": "", "transactionText": "", "filerName": "Bansal (Vikas)", "filerRelation": "Promoter", "moneyText": "", "startDate": "2018-07-12", "ownership": "D"}, {"maxAge": 1, "shares": 208355, "filerUrl": "", "transactionText": "", "filerName": "Bansal (Aruna)", "filerRelation": "Promoter", "moneyText": "", "startDate": "2018-07-12", "ownership": "D"}, {"maxAge": 1, "shares": 68, "filerUrl": "", "transactionText": "", "filerName": "Kanodia (Krishna)", "filerRelation": "Promoter", "moneyText": "", "startDate": "2017-10-18", "ownership": "D"}, {"maxAge": 1, "shares": 1000, "filerUrl": "", "transactionText": "", "filerName": "Kanodia (Krishna)", "filerRelation": "Promoter", "moneyText": "", "startDate": "2017-10-06", "ownership": "D"}, {"maxAge": 1, "shares": 401, "filerUrl": "", "transactionText": "", "filerName": "Kanodia (Krishna)", "filerRelation": "Promoter", "moneyText": "", "startDate": "2017-10-05", "ownership": "D"}, {"maxAge": 1, "shares": 1200, "filerUrl": "", "transactionText": "", "filerName": "Kanodia (Krishna)", "filerRelation": "Promoter", "moneyText": "", "startDate": "2017-10-04", "ownership": "D"}, {"maxAge": 1, "shares": 502, "filerUrl": "", "transactionText": "", "filerName": "Kanodia (Krishna)", "filerRelation": "Promoter", "moneyText": "", "startDate": "2017-10-03", "ownership": "D"}, {"maxAge": 1, "shares": 1000, "filerUrl": "", "transactionText": "", "filerName": "Kanodia (Krishna)", "filerRelation": "Promoter", "moneyText": "", "startDate": "2017-09-29", "ownership": "D"}, {"maxAge": 1, "shares": 1001, "filerUrl": "", "transactionText": "", "filerName": "Kanodia (Krishna)", "filerRelation": "Promoter", "moneyText": "", "startDate": "2017-09-27", "ownership": "D"}, {"maxAge": 1, "shares": 3000, "filerUrl": "", "transactionText": "", "filerName": "Kanodia (Krishna)", "filerRelation": "Promoter", "moneyText": "", "startDate": "2017-09-26", "ownership": "D"}, {"maxAge": 1, "shares": 282, "filerUrl": "", "transactionText": "", "filerName": "Kanodia (Krishna)", "filerRelation": "Promoter", "moneyText": "", "startDate": "2017-09-25", "ownership": "D"}, {"maxAge": 1, "shares": 1000, "filerUrl": "", "transactionText": "", "filerName": "Kanodia (Krishna)", "filerRelation": "Promoter", "moneyText": "", "startDate": "2017-09-22", "ownership": "D"}, {"maxAge": 1, "shares": 508, "filerUrl": "", "transactionText": "", "filerName": "Kanodia (Krishna)", "filerRelation": "Promoter", "moneyText": "", "startDate": "2017-09-12", "ownership": "D"}, {"maxAge": 1, "shares": 7338, "filerUrl": "", "transactionText": "", "filerName": "Kanodia (Krishna)", "filerRelation": "Promoter", "moneyText": "", "startDate": "2017-09-11", "ownership": "D"}, {"maxAge": 1, "shares": 2000, "filerUrl": "", "transactionText": "", "filerName": "Kanodia (Ram Niwas)", "filerRelation": "Promoter", "moneyText": "", "startDate": "2017-09-08", "ownership": "D"}, {"maxAge": 1, "shares": 7000, "filerUrl": "", "transactionText": "", "filerName": "Kanodia (Krishna)", "filerRelation": "Promoter", "moneyText": "", "startDate": "2017-09-04", "ownership": "D"}, {"maxAge": 1, "shares": 1000, "filerUrl": "", "transactionText": "", "filerName": "Kanodia (Krishna)", "filerRelation": "Promoter", "moneyText": "", "startDate": "2017-09-01", "ownership": "D"}, {"maxAge": 1, "shares": 3000, "filerUrl": "", "transactionText": "", "filerName": "Kanodia (Krishna)", "filerRelation": "Promoter", "moneyText": "", "startDate": "2017-09-01", "ownership": "D"}, {"maxAge": 1, "shares": 2000, "filerUrl": "", "transactionText": "", "filerName": "Kanodia (Krishna)", "filerRelation": "Promoter", "moneyText": "", "startDate": "2017-08-23", "ownership": "D"}, {"maxAge": 1, "shares": 4500, "filerUrl": "", "transactionText": "", "filerName": "Kanodia (Krishna)", "filerRelation": "Promoter", "moneyText": "", "startDate": "2017-08-18", "ownership": "D"}, {"maxAge": 1, "shares": 500, "filerUrl": "", "transactionText": "", "filerName": "Kanodia (Krishna)", "filerRelation": "Promoter", "moneyText": "", "startDate": "2017-08-11", "ownership": "D"}], "maxAge": 1}, "quoteType": {"exchange": "BSE", "quoteType": "EQUITY", "symbol": "BEEKAY.BO", "underlyingSymbol": "BEEKAY.BO", "shortName": "Beekay Steel Industries Ltd.", "longName": "Beekay Steel Industries Limited", "firstTradeDateEpochUtc": "2015-03-25 09:15:00", "timeZoneFullName": "Asia/Kolkata", "timeZoneShortName": "IST", "uuid": "d8f743bf-2b27-3996-be5f-b88c01e7145a", "gmtOffSetMilliseconds": 19800000, "maxAge": 1}, "incomeStatementHistory": {"incomeStatementHistory": [{"maxAge": 1, "endDate": "2020-03-31", "totalRevenue": 8119728608, "costOfRevenue": 4788255743, "grossProfit": 3331472865, "researchDevelopment": {}, "sellingGeneralAdministrative": 326478467, "nonRecurring": {}, "otherOperatingExpenses": 1761378471, "totalOperatingExpenses": 7107461183, "operatingIncome": 1012267425, "totalOtherIncomeExpenseNet": -81913012, "ebit": 1012267425, "interestExpense": -94960160, "incomeBeforeTax": 930354413, "incomeTaxExpense": 145152437, "minorityInterest": {}, "netIncomeFromContinuingOps": 785201976, "discontinuedOperations": {}, "extraordinaryItems": {}, "effectOfAccountingCharges": {}, "otherItems": {}, "netIncome": 785201976, "netIncomeApplicableToCommonShares": 785201976}, {"maxAge": 1, "endDate": "2019-03-31", "totalRevenue": 9647640467, "costOfRevenue": 5882693492, "grossProfit": 3764946975, "researchDevelopment": {}, "sellingGeneralAdministrative": 287733318, "nonRecurring": {}, "otherOperatingExpenses": 1658439215, "totalOperatingExpenses": 8009515282, "operatingIncome": 1638125185, "totalOtherIncomeExpenseNet": -128218341, "ebit": 1638125185, "interestExpense": -149258579, "incomeBeforeTax": 1509906844, "incomeTaxExpense": 518969299, "minorityInterest": {}, "netIncomeFromContinuingOps": 990937545, "discontinuedOperations": {}, "extraordinaryItems": {}, "effectOfAccountingCharges": {}, "otherItems": {}, "netIncome": 990937545, "netIncomeApplicableToCommonShares": 990937545}, {"maxAge": 1, "endDate": "2018-03-31", "totalRevenue": 9782342433, "costOfRevenue": 6574899365, "grossProfit": 3207443068, "researchDevelopment": {}, "sellingGeneralAdministrative": 207578156, "nonRecurring": {}, "otherOperatingExpenses": 1654595960, "totalOperatingExpenses": 8596777627, "operatingIncome": 1185564806, "totalOtherIncomeExpenseNet": -87298511, "ebit": 1185564806, "interestExpense": -172378897, "incomeBeforeTax": 1098266295, "incomeTaxExpense": 392113331, "minorityInterest": {}, "netIncomeFromContinuingOps": 706152964, "discontinuedOperations": {}, "extraordinaryItems": {}, "effectOfAccountingCharges": {}, "otherItems": {}, "netIncome": 706152964, "netIncomeApplicableToCommonShares": 706152964}, {"maxAge": 1, "endDate": "2017-03-31", "totalRevenue": 7211754363, "costOfRevenue": 4845915992, "grossProfit": 2365838371, "researchDevelopment": {}, "sellingGeneralAdministrative": 172920521, "nonRecurring": {}, "otherOperatingExpenses": 1350175024, "totalOperatingExpenses": 6517197670, "operatingIncome": 694556693, "totalOtherIncomeExpenseNet": -162212120, "ebit": 694556693, "interestExpense": -181945800, "incomeBeforeTax": 532344573, "incomeTaxExpense": 188472817, "minorityInterest": {}, "netIncomeFromContinuingOps": 343871756, "discontinuedOperations": {}, "extraordinaryItems": {}, "effectOfAccountingCharges": {}, "otherItems": {}, "netIncome": 343871756, "netIncomeApplicableToCommonShares": 343871756}], "maxAge": 86400}, "fundOwnership": {"ownershipList": [], "maxAge": 1}, "summaryDetail": {"maxAge": 1, "priceHint": 2, "previousClose": 363.2, "open": 375.0, "dayLow": 365.0, "dayHigh": 398.7, "regularMarketPreviousClose": 363.2, "regularMarketOpen": 375.0, "regularMarketDayLow": 365.0, "regularMarketDayHigh": 398.7, "trailingPE": 12.759951, "forwardPE": 8.032077, "volume": 10373, "regularMarketVolume": 10373, "averageVolume": 5008, "averageVolume10days": 4252, "averageDailyVolume10Day": 4252, "bid": 365.0, "ask": 377.0, "bidSize": 0, "askSize": 0, "marketCap": 7068120576, "fiftyTwoWeekLow": 142.0, "fiftyTwoWeekHigh": 398.7, "fiftyDayAverage": 288.51364, "twoHundredDayAverage": 232.01727, "trailingAnnualDividendRate": 1.0, "trailingAnnualDividendYield": 0.0027533039, "currency": "INR", "fromCurrency": null, "lastMarket": null, "algorithm": null, "tradeable": false}, "sectorTrend": {"maxAge": 1, "symbol": null, "estimates": []}, "incomeStatementHistoryQuarterly": {"incomeStatementHistory": [{"maxAge": 1, "endDate": "2020-06-30", "totalRevenue": 1122463000, "costOfRevenue": 847693000, "grossProfit": 274770000, "researchDevelopment": {}, "sellingGeneralAdministrative": 46150000, "nonRecurring": {}, "otherOperatingExpenses": 132280000, "totalOperatingExpenses": 1071599000, "operatingIncome": 50864000, "totalOtherIncomeExpenseNet": 20087000, "ebit": 50864000, "interestExpense": -18328000, "incomeBeforeTax": 70951000, "incomeTaxExpense": 26314000, "minorityInterest": {}, "netIncomeFromContinuingOps": 44637000, "discontinuedOperations": {}, "extraordinaryItems": {}, "effectOfAccountingCharges": {}, "otherItems": {}, "netIncome": 44637000, "netIncomeApplicableToCommonShares": 44637000}, {"maxAge": 1, "endDate": "2020-03-31", "totalRevenue": 2057385000, "costOfRevenue": 1485273000, "grossProfit": 572112000, "researchDevelopment": {}, "sellingGeneralAdministrative": 83284000, "nonRecurring": {}, "otherOperatingExpenses": 240887000, "totalOperatingExpenses": 1868138000, "operatingIncome": 189247000, "totalOtherIncomeExpenseNet": -13698000, "ebit": 189247000, "interestExpense": -22026000, "incomeBeforeTax": 175549000, "incomeTaxExpense": 21453000, "minorityInterest": {}, "netIncomeFromContinuingOps": 154096000, "discontinuedOperations": {}, "extraordinaryItems": {}, "effectOfAccountingCharges": {}, "otherItems": {}, "netIncome": 154096000, "netIncomeApplicableToCommonShares": 154096000}, {"maxAge": 1, "endDate": "2019-12-31", "totalRevenue": 2206180000, "costOfRevenue": 1705250000, "grossProfit": 500930000, "researchDevelopment": {}, "sellingGeneralAdministrative": 71010000, "nonRecurring": {}, "otherOperatingExpenses": 243310000, "totalOperatingExpenses": 2114010000, "operatingIncome": 92170000, "totalOtherIncomeExpenseNet": -50000, "ebit": 92170000, "interestExpense": -24700000, "incomeBeforeTax": 92120000, "incomeTaxExpense": -42170000, "minorityInterest": {}, "netIncomeFromContinuingOps": 134290000, "discontinuedOperations": {}, "extraordinaryItems": {}, "effectOfAccountingCharges": {}, "otherItems": {}, "netIncome": 134290000, "netIncomeApplicableToCommonShares": 134290000}, {"maxAge": 1, "endDate": "2019-09-30", "totalRevenue": 1838490000, "costOfRevenue": 1277170000, "grossProfit": 561320000, "researchDevelopment": {}, "sellingGeneralAdministrative": 67780000, "nonRecurring": {}, "otherOperatingExpenses": 202400000, "totalOperatingExpenses": 1580980000, "operatingIncome": 257510000, "totalOtherIncomeExpenseNet": -16410000, "ebit": 257510000, "interestExpense": -29070000, "incomeBeforeTax": 241100000, "incomeTaxExpense": 19400000, "minorityInterest": {}, "netIncomeFromContinuingOps": 221700000, "discontinuedOperations": {}, "extraordinaryItems": {}, "effectOfAccountingCharges": {}, "otherItems": {}, "netIncome": 221700000, "netIncomeApplicableToCommonShares": 221700000}], "maxAge": 86400}, "cashflowStatementHistoryQuarterly": {"cashflowStatements": [{"maxAge": 1, "endDate": "2020-06-30", "netIncome": 44637000, "changeToLiabilities": 0}, {"maxAge": 1, "endDate": "2020-03-31", "netIncome": 154096000, "changeToLiabilities": 0}, {"maxAge": 1, "endDate": "2019-12-31", "netIncome": 134290000, "changeToLiabilities": 0}, {"maxAge": 1, "endDate": "2019-09-30", "netIncome": 221700000, "changeToLiabilities": 0}], "maxAge": 86400}, "insiderHolders": {"holders": [{"maxAge": 1, "name": "Bansal (Aruna)", "relation": "Promoter", "url": "", "transactionDescription": "Other", "latestTransDate": "2018-07-12", "positionDirect": 446753, "positionDirectDate": "2018-07-12"}, {"maxAge": 1, "name": "Bansal (Gautam)", "relation": "Wholetime Director", "url": "", "transactionDescription": "Other", "latestTransDate": "2018-07-12", "positionDirect": 812856, "positionDirectDate": "2018-07-12"}, {"maxAge": 1, "name": "Bansal (Indu)", "relation": "Promoter", "url": "", "transactionDescription": "Other", "latestTransDate": "2018-07-12", "positionDirect": 459518, "positionDirectDate": "2018-07-12"}, {"maxAge": 1, "name": "Bansal (Ishita)", "relation": "UNREPORTED", "url": "", "transactionDescription": "Gift", "latestTransDate": "2018-09-20", "positionDirect": 30000, "positionDirectDate": "2018-09-20"}, {"maxAge": 1, "name": "Bansal (Shaurya)", "relation": "UNREPORTED", "url": "", "transactionDescription": "Gift", "latestTransDate": "2018-09-20", "positionDirect": 26550, "positionDirectDate": "2018-09-20"}, {"maxAge": 1, "name": "Bansal (Suresh Chand)", "relation": "Chairman of the Board", "url": "", "transactionDescription": "Other", "latestTransDate": "2018-07-12", "positionDirect": 381551, "positionDirectDate": "2018-07-12"}, {"maxAge": 1, "name": "Bansal (Vikas)", "relation": "Promoter", "url": "", "transactionDescription": "Other", "latestTransDate": "2018-07-12", "positionDirect": 953998, "positionDirectDate": "2018-07-12"}, {"maxAge": 1, "name": "Kanodia (Krishna)", "relation": "Promoter", "url": "", "transactionDescription": "Sale", "latestTransDate": "2017-10-18", "positionDirect": 24700, "positionDirectDate": "2017-10-18"}, {"maxAge": 1, "name": "Kanodia (Ram Niwas)", "relation": "Promoter", "url": "", "transactionDescription": "Sale", "latestTransDate": "2017-09-08", "positionDirect": 10000, "positionDirectDate": "2017-09-08"}], "maxAge": 1}, "earnings": {"maxAge": 86400, "earningsChart": {"quarterly": [{"date": "4Q2017", "actual": 8.8, "estimate": 9.66}], "currentQuarterEstimateDate": "1Q", "currentQuarterEstimateYear": 2018, "earningsDate": ["2020-08-29 05:30:S"]}, "financialsChart": {"yearly": [{"date": 2017, "revenue": 7211754363, "earnings": 343871756}, {"date": 2018, "revenue": 9782342433, "earnings": 706152964}, {"date": 2019, "revenue": 9647640467, "earnings": 990937545}, {"date": 2020, "revenue": 8119728608, "earnings": 785201976}], "quarterly": [{"date": "3Q2019", "revenue": 1838490000, "earnings": 221700000}, {"date": "4Q2019", "revenue": 2206180000, "earnings": 134290000}, {"date": "1Q2020", "revenue": 2057385000, "earnings": 154096000}, {"date": "2Q2020", "revenue": 1122463000, "earnings": 44637000}]}, "financialCurrency": "INR"}, "calendarEvents": {"maxAge": 1, "earnings": {"earningsDate": ["2020-08-29 05:30:S"], "revenueAverage": 2738260000}}, "upgradeDowngradeHistory": {"history": [], "maxAge": 86400}, "price": {"maxAge": 1, "regularMarketChangePercent": 0.020374432, "regularMarketChange": 7.399994, "regularMarketTime": "2021-04-30 15:29:57", "priceHint": 2, "regularMarketPrice": 370.6, "regularMarketDayHigh": 398.7, "regularMarketDayLow": 365.0, "regularMarketVolume": 10373, "averageDailyVolume10Day": 4252, "averageDailyVolume3Month": 5008, "regularMarketPreviousClose": 363.2, "regularMarketSource": "FREE_REALTIME", "regularMarketOpen": 375.0, "exchange": "BSE", "exchangeName": "BSE", "exchangeDataDelayedBy": 0, "marketState": "CLOSED", "quoteType": "EQUITY", "symbol": "BEEKAY.BO", "underlyingSymbol": null, "shortName": "Beekay Steel Industries Ltd.", "longName": "Beekay Steel Industries Limited", "currency": "INR", "quoteSourceName": "Delayed Quote", "currencySymbol": "\u20b9", "fromCurrency": null, "lastMarket": null, "marketCap": 7068120576}, "balanceSheetHistory": {"balanceSheetStatements": [{"maxAge": 1, "endDate": "2020-03-31", "cash": 45073081, "netReceivables": 1105921731, "inventory": 2191414349, "otherCurrentAssets": 196669901, "totalCurrentAssets": 3889270790, "longTermInvestments": 19230601, "propertyPlantEquipment": 2335772541, "otherAssets": 177152417, "totalAssets": 6421426349, "accountsPayable": 124166940, "otherCurrentLiab": 150688023, "longTermDebt": 264223999, "otherLiab": 372303324, "totalCurrentLiabilities": 1071454016, "totalLiab": 1707981339, "commonStock": 190720520, "retainedEarnings": 4133546982, "treasuryStock": 60330958, "capitalSurplus": 328846550, "otherStockholderEquity": 60330958, "totalStockholderEquity": 4713445010, "netTangibleAssets": 4713445010}, {"maxAge": 1, "endDate": "2019-03-31", "cash": 27687997, "netReceivables": 1181089326, "inventory": 2140743426, "otherCurrentAssets": 297451159, "totalCurrentAssets": 3646971908, "longTermInvestments": 15432181, "propertyPlantEquipment": 2313256380, "otherAssets": 161125982, "totalAssets": 6136786451, "accountsPayable": 200681865, "otherCurrentLiab": 69382889, "longTermDebt": 297425775, "otherLiab": 475025161, "totalCurrentLiabilities": 1386469987, "totalLiab": 2158920923, "commonStock": 190720520, "retainedEarnings": 3397967500, "treasuryStock": 60330958, "capitalSurplus": 328846550, "otherStockholderEquity": 60330958, "totalStockholderEquity": 3977865528, "netTangibleAssets": 3977865528}, {"maxAge": 1, "endDate": "2018-03-31", "cash": 18970222, "netReceivables": 1340560646, "inventory": 1724325810, "otherCurrentAssets": 564135661, "totalCurrentAssets": 3647992339, "longTermInvestments": 7098857, "propertyPlantEquipment": 2124592080, "otherAssets": 170243414, "totalAssets": 5949926690, "accountsPayable": 243949624, "shortLongTermDebt": 30873948, "otherCurrentLiab": 175009993, "longTermDebt": 314710469, "otherLiab": 481949579, "totalCurrentLiabilities": 2144089937, "totalLiab": 2940749985, "commonStock": 190720520, "retainedEarnings": 2429278677, "treasuryStock": 60330958, "capitalSurplus": 328846550, "otherStockholderEquity": 60330958, "totalStockholderEquity": 3009176705, "netTangibleAssets": 3009176705}, {"maxAge": 1, "endDate": "2017-03-31", "cash": 76666727, "netReceivables": 850502204, "inventory": 1555840161, "otherCurrentAssets": 443158663, "totalCurrentAssets": 2926167755, "longTermInvestments": 8889141, "propertyPlantEquipment": 2116140849, "otherAssets": 168237365, "totalAssets": 5219435110, "accountsPayable": 226191127, "shortLongTermDebt": 40893436, "otherCurrentLiab": 130842170, "longTermDebt": 486554034, "otherLiab": 482162437, "totalCurrentLiabilities": 1925203668, "totalLiab": 2893920139, "commonStock": 190720520, "retainedEarnings": 1745586809, "treasuryStock": 60361092, "capitalSurplus": 328846550, "otherStockholderEquity": 60361092, "totalStockholderEquity": 2325514971, "netTangibleAssets": 2325514971}], "maxAge": 86400}, "earningsTrend": {"trend": [{"maxAge": 1, "period": "0q", "endDate": "2018-03-31", "growth": {}, "earningsEstimate": {"avg": 0.0, "low": 0.0, "high": 0.0, "yearAgoEps": {}, "numberOfAnalysts": 0, "growth": {}}, "revenueEstimate": {"avg": 2738260000, "low": 0, "high": 0, "numberOfAnalysts": 0, "yearAgoRevenue": {}, "growth": {}}, "epsTrend": {"current": 0.0, "7daysAgo": 0.0, "30daysAgo": 0.0, "60daysAgo": 0.0, "90daysAgo": 0.0}, "epsRevisions": {"upLast7days": 0, "upLast30days": 0, "downLast30days": 0, "downLast90days": {}}}, {"maxAge": 1, "period": "+1q", "endDate": "2018-06-30", "growth": {}, "earningsEstimate": {"avg": 0.0, "low": 0.0, "high": 0.0, "yearAgoEps": {}, "numberOfAnalysts": 0, "growth": {}}, "revenueEstimate": {"avg": 0, "low": 0, "high": 0, "numberOfAnalysts": 0, "yearAgoRevenue": {}, "growth": {}}, "epsTrend": {"current": 0.0, "7daysAgo": 0.0, "30daysAgo": 0.0, "60daysAgo": 0.0, "90daysAgo": 0.0}, "epsRevisions": {"upLast7days": 0, "upLast30days": 0, "downLast30days": 0, "downLast90days": {}}}, {"maxAge": 1, "period": "0y", "endDate": "2018-03-31", "growth": {}, "earningsEstimate": {"avg": 0.0, "low": 0.0, "high": 0.0, "yearAgoEps": {}, "numberOfAnalysts": 0, "growth": {}}, "revenueEstimate": {"avg": 9782340000, "low": 9682180000, "high": 9682180000, "numberOfAnalysts": 1, "yearAgoRevenue": {}, "growth": {}}, "epsTrend": {"current": 0.0, "7daysAgo": 39.1, "30daysAgo": 39.1, "60daysAgo": 39.1, "90daysAgo": 39.1}, "epsRevisions": {"upLast7days": 0, "upLast30days": 0, "downLast30days": 0, "downLast90days": {}}}, {"maxAge": 1, "period": "+1y", "endDate": "2019-03-31", "growth": {}, "earningsEstimate": {"avg": 0.0, "low": 0.0, "high": 0.0, "yearAgoEps": {}, "numberOfAnalysts": 0, "growth": {}}, "revenueEstimate": {"avg": 11425000000, "low": 11425000000, "high": 11425000000, "numberOfAnalysts": 1, "yearAgoRevenue": 9782340000, "growth": 0.168}, "epsTrend": {"current": 0.0, "7daysAgo": 46.14, "30daysAgo": 46.14, "60daysAgo": 46.14, "90daysAgo": 46.14}, "epsRevisions": {"upLast7days": 0, "upLast30days": 0, "downLast30days": 0, "downLast90days": {}}}, {"maxAge": 1, "period": "+5y", "endDate": null, "growth": {}, "earningsEstimate": {"avg": {}, "low": {}, "high": {}, "yearAgoEps": {}, "numberOfAnalysts": {}, "growth": {}}, "revenueEstimate": {"avg": {}, "low": {}, "high": {}, "numberOfAnalysts": {}, "yearAgoRevenue": {}, "growth": {}}, "epsTrend": {"current": {}, "7daysAgo": {}, "30daysAgo": {}, "60daysAgo": {}, "90daysAgo": {}}, "epsRevisions": {"upLast7days": {}, "upLast30days": {}, "downLast30days": {}, "downLast90days": {}}}, {"maxAge": 1, "period": "-5y", "endDate": null, "growth": {}, "earningsEstimate": {"avg": {}, "low": {}, "high": {}, "yearAgoEps": {}, "numberOfAnalysts": {}, "growth": {}}, "revenueEstimate": {"avg": {}, "low": {}, "high": {}, "numberOfAnalysts": {}, "yearAgoRevenue": {}, "growth": {}}, "epsTrend": {"current": {}, "7daysAgo": {}, "30daysAgo": {}, "60daysAgo": {}, "90daysAgo": {}}, "epsRevisions": {"upLast7days": {}, "upLast30days": {}, "downLast30days": {}, "downLast90days": {}}}], "maxAge": 1}, "financialData": {"maxAge": 86400, "currentPrice": 370.6, "recommendationKey": "none", "grossProfits": 3331472865, "financialCurrency": "INR"}}}