{"BEL.BO": {"recommendationTrend": {"trend": [{"period": "0m", "strongBuy": 0, "buy": 0, "hold": 0, "sell": 0, "strongSell": 0}, {"period": "-1m", "strongBuy": 0, "buy": 0, "hold": 0, "sell": 0, "strongSell": 0}, {"period": "-2m", "strongBuy": 0, "buy": 0, "hold": 0, "sell": 0, "strongSell": 0}, {"period": "-3m", "strongBuy": 0, "buy": 0, "hold": 0, "sell": 0, "strongSell": 0}], "maxAge": 86400}, "cashflowStatementHistory": {"cashflowStatements": [{"maxAge": 1, "endDate": "2020-03-31", "netIncome": 18238500000, "depreciation": 3682300000, "changeToNetincome": 564000000, "changeToAccountReceivables": -13503500000, "changeToLiabilities": 10160200000, "changeToInventory": 4736400000, "changeToOperatingActivities": 3255500000, "totalCashFromOperatingActivities": 25704100000, "capitalExpenditures": -7622000000, "investments": 261800000, "otherCashflowsFromInvestingActivities": 862000000, "totalCashflowsFromInvestingActivities": -6489600000, "dividendsPaid": -9801700000, "netBorrowings": -263300000, "otherCashflowsFromFinancingActivities": -540200000, "totalCashFromFinancingActivities": -10605200000, "changeInCash": 8609300000}, {"maxAge": 1, "endDate": "2019-03-31", "netIncome": 18864000000, "depreciation": 3381300000, "changeToNetincome": 493000000, "changeToAccountReceivables": -3593700000, "changeToLiabilities": 652700000, "changeToInventory": 2826700000, "changeToOperatingActivities": -7528300000, "totalCashFromOperatingActivities": 15138800000, "capitalExpenditures": -7614200000, "investments": -2025900000, "otherCashflowsFromInvestingActivities": 678000000, "totalCashflowsFromInvestingActivities": -8959400000, "dividendsPaid": -5662400000, "netBorrowings": -470200000, "otherCashflowsFromFinancingActivities": -494100000, "totalCashFromFinancingActivities": -6626700000, "changeInCash": -447300000}, {"maxAge": 1, "endDate": "2018-03-31", "netIncome": 14317200000, "depreciation": 2717200000, "changeToNetincome": -2598500000, "changeToAccountReceivables": -6460400000, "changeToLiabilities": 716500000, "changeToInventory": 1637600000, "changeToOperatingActivities": -17985100000, "totalCashFromOperatingActivities": -6865900000, "capitalExpenditures": -8071100000, "investments": 6401100000, "otherCashflowsFromInvestingActivities": 1590600000, "totalCashflowsFromInvestingActivities": -64100000, "dividendsPaid": -8199800000, "netBorrowings": 167800000, "otherCashflowsFromFinancingActivities": -269200000, "totalCashFromFinancingActivities": -12023800000, "changeInCash": -18953800000, "repurchaseOfStock": -3722600000}, {"maxAge": 1, "endDate": "2017-03-31", "netIncome": 15235800000, "depreciation": 2116300000, "changeToNetincome": -6349400000, "changeToAccountReceivables": -6463500000, "changeToLiabilities": 1345200000, "changeToInventory": -7285600000, "changeToOperatingActivities": 1028700000, "totalCashFromOperatingActivities": -609400000, "capitalExpenditures": -7939900000, "investments": 35572100000, "otherCashflowsFromInvestingActivities": 3434800000, "totalCashflowsFromInvestingActivities": 31146500000, "dividendsPaid": -6834000000, "netBorrowings": 351900000, "otherCashflowsFromFinancingActivities": -374300000, "totalCashFromFinancingActivities": -28568000000, "changeInCash": 1969100000, "repurchaseOfStock": -21711600000}], "maxAge": 86400}, "institutionOwnership": {"maxAge": 1, "ownershipList": []}, "balanceSheetHistoryQuarterly": {"balanceSheetStatements": [{"maxAge": 1, "endDate": "2020-06-30", "totalStockholderEquity": 100715300000, "netTangibleAssets": 93455300000}, {"maxAge": 1, "endDate": "2020-03-31", "cash": 16206300000, "shortTermInvestments": 556100000, "netReceivables": 67748600000, "inventory": 39583000000, "otherCurrentAssets": 62221700000, "totalCurrentAssets": 187380900000, "longTermInvestments": 11387100000, "propertyPlantEquipment": 28144800000, "intangibleAssets": 7033200000, "otherAssets": 9537100000, "deferredLongTermAssetCharges": 4987000000, "totalAssets": 243483100000, "accountsPayable": 25907300000, "shortLongTermDebt": 83300000, "otherCurrentLiab": 93438900000, "otherLiab": 13950600000, "deferredLongTermLiab": 3557200000, "minorityInterest": 141700000, "totalCurrentLiabilities": 128657200000, "totalLiab": 142626100000, "commonStock": 2436600000, "retainedEarnings": 99544500000, "treasuryStock": -1265800000, "otherStockholderEquity": -1265800000, "totalStockholderEquity": 100715300000, "netTangibleAssets": 93682100000}, {"maxAge": 1, "endDate": "2019-12-31", "totalStockholderEquity": 92573200000, "netTangibleAssets": 85504900000}, {"maxAge": 1, "endDate": "2019-09-30", "shortTermInvestments": 71706500000, "inventory": 45585900000, "otherCurrentAssets": 57083800000, "totalCurrentAssets": 174376200000, "longTermInvestments": 10641300000, "propertyPlantEquipment": 24505500000, "intangibleAssets": 7068300000, "otherAssets": 8782200000, "deferredLongTermAssetCharges": 4809100000, "totalAssets": 225373500000, "otherCurrentLiab": 120797700000, "otherLiab": 11864800000, "minorityInterest": 137800000, "totalCurrentLiabilities": 120797700000, "totalLiab": 132662500000, "commonStock": 2436600000, "treasuryStock": 90136600000, "otherStockholderEquity": 90136600000, "totalStockholderEquity": 92573200000, "netTangibleAssets": 85504900000}], "maxAge": 86400}, "earningsHistory": {"history": [{"maxAge": 1, "epsActual": 1.23, "epsEstimate": 1.66, "epsDifference": -0.43, "surprisePercent": -0.259, "quarter": "2017-12-31", "period": "-4q"}, {"maxAge": 1, "epsActual": 2.28, "epsEstimate": 1.8, "epsDifference": 0.48, "surprisePercent": 0.26700002, "quarter": "2018-03-31", "period": "-3q"}, {"maxAge": 1, "epsActual": 0.74, "epsEstimate": 0.6, "epsDifference": 0.14, "surprisePercent": 0.233, "quarter": "2018-06-30", "period": "-2q"}, {"maxAge": 1, "epsActual": 2.34, "epsEstimate": 1.2, "epsDifference": 1.14, "surprisePercent": 0.95, "quarter": "2018-09-30", "period": "-1q"}], "maxAge": 86400}, "indexTrend": {"maxAge": 1, "symbol": "SP5", "peRatio": 19.7411, "pegRatio": 1.34172, "estimates": [{"period": "0q", "growth": 0.549}, {"period": "+1q", "growth": 0.431}, {"period": "0y", "growth": 0.305}, {"period": "+1y", "growth": 0.109}, {"period": "+5y", "growth": 0.120865}, {"period": "-5y"}]}, "industryTrend": {"maxAge": 1, "symbol": null, "estimates": []}, "insiderTransactions": {"transactions": [{"maxAge": 1, "shares": 100770276, "filerUrl": "", "transactionText": "", "filerName": "President of India", "filerRelation": "Promoter", "moneyText": "", "startDate": "2020-02-03", "ownership": "D"}, {"maxAge": 1, "shares": 16150359, "filerUrl": "", "transactionText": "", "filerName": "President of India", "filerRelation": "Promoter", "moneyText": "", "startDate": "2019-10-10", "ownership": "D"}, {"maxAge": 1, "shares": 70431819, "filerUrl": "", "transactionText": "", "filerName": "President of India", "filerRelation": "Promoter", "moneyText": "", "startDate": "2019-07-22", "ownership": "D"}, {"maxAge": 1, "shares": 46892768, "filerUrl": "", "transactionText": "", "filerName": "President of India", "filerRelation": "Promoter", "moneyText": "", "startDate": "2019-03-25", "ownership": "D"}, {"maxAge": 1, "shares": 28841057, "filerUrl": "", "transactionText": "", "filerName": "President of India", "filerRelation": "Promoter", "moneyText": "", "startDate": "2019-02-14", "ownership": "D"}, {"maxAge": 1, "shares": 13979654, "filerUrl": "", "transactionText": "", "filerName": "President of India", "filerRelation": "Institution- Corporation", "moneyText": "", "startDate": "2018-12-04", "ownership": "D"}], "maxAge": 1}, "quoteType": {"exchange": "BSE", "quoteType": "EQUITY", "symbol": "BEL.BO", "underlyingSymbol": "BEL.BO", "shortName": "BHARAT ELECTRONICS LTD.", "longName": "Bharat Electronics Limited", "firstTradeDateEpochUtc": "2000-01-03 09:15:00", "timeZoneFullName": "Asia/Kolkata", "timeZoneShortName": "IST", "uuid": "f1e1be56-3608-3d59-8f17-3d54f75a19d0", "messageBoardId": null, "gmtOffSetMilliseconds": 19800000, "maxAge": 1}, "incomeStatementHistory": {"incomeStatementHistory": [{"maxAge": 1, "endDate": "2020-03-31", "totalRevenue": 129676700000, "costOfRevenue": 71688100000, "grossProfit": 57988600000, "researchDevelopment": {}, "sellingGeneralAdministrative": 20747400000, "nonRecurring": {}, "otherOperatingExpenses": 9499400000, "totalOperatingExpenses": 105653500000, "operatingIncome": 24023200000, "totalOtherIncomeExpenseNet": 1081700000, "ebit": 24023200000, "interestExpense": -29600000, "incomeBeforeTax": 25104900000, "incomeTaxExpense": 6857700000, "minorityInterest": 141700000, "netIncomeFromContinuingOps": 18247200000, "discontinuedOperations": {}, "extraordinaryItems": {}, "effectOfAccountingCharges": {}, "otherItems": {}, "netIncome": 18238500000, "netIncomeApplicableToCommonShares": 18238500000}, {"maxAge": 1, "endDate": "2019-03-31", "totalRevenue": 121641700000, "costOfRevenue": 60916100000, "grossProfit": 60725600000, "researchDevelopment": {}, "sellingGeneralAdministrative": 18951400000, "nonRecurring": {}, "otherOperatingExpenses": 12154300000, "totalOperatingExpenses": 95403100000, "operatingIncome": 26238600000, "totalOtherIncomeExpenseNet": 431200000, "ebit": 26238600000, "interestExpense": -122700000, "incomeBeforeTax": 26669800000, "incomeTaxExpense": 7803100000, "minorityInterest": 133000000, "netIncomeFromContinuingOps": 18866700000, "discontinuedOperations": {}, "extraordinaryItems": {}, "effectOfAccountingCharges": {}, "otherItems": {}, "netIncome": 18864000000, "netIncomeApplicableToCommonShares": 18864000000}, {"maxAge": 1, "endDate": "2018-03-31", "totalRevenue": 104008000000, "costOfRevenue": 56189900000, "grossProfit": 47818100000, "researchDevelopment": {}, "sellingGeneralAdministrative": 17875700000, "nonRecurring": {}, "otherOperatingExpenses": 9531300000, "totalOperatingExpenses": 86314100000, "operatingIncome": 17693900000, "totalOtherIncomeExpenseNet": 2114200000, "ebit": 17693900000, "interestExpense": -17000000, "incomeBeforeTax": 19808100000, "incomeTaxExpense": 5497800000, "minorityInterest": 130300000, "netIncomeFromContinuingOps": 14310300000, "discontinuedOperations": {}, "extraordinaryItems": {}, "effectOfAccountingCharges": {}, "otherItems": {}, "netIncome": 14317200000, "netIncomeApplicableToCommonShares": 14317200000}, {"maxAge": 1, "endDate": "2017-03-31", "totalRevenue": 86683400000, "costOfRevenue": 44143500000, "grossProfit": 42539900000, "researchDevelopment": {}, "sellingGeneralAdministrative": 15594400000, "nonRecurring": {}, "otherOperatingExpenses": 9065600000, "totalOperatingExpenses": 70919800000, "operatingIncome": 15763600000, "totalOtherIncomeExpenseNet": 4325500000, "ebit": 15763600000, "interestExpense": -120800000, "incomeBeforeTax": 20089100000, "incomeTaxExpense": 4855400000, "minorityInterest": 137200000, "netIncomeFromContinuingOps": 15233700000, "discontinuedOperations": {}, "extraordinaryItems": {}, "effectOfAccountingCharges": {}, "otherItems": {}, "netIncome": 15235800000, "netIncomeApplicableToCommonShares": 15235800000}], "maxAge": 86400}, "fundOwnership": {"maxAge": 1, "ownershipList": []}, "summaryDetail": {"maxAge": 1, "priceHint": 2, "previousClose": 129.85, "open": 129.4, "dayLow": 128.05, "dayHigh": 136.4, "regularMarketPreviousClose": 129.85, "regularMarketOpen": 129.4, "regularMarketDayLow": 128.05, "regularMarketDayHigh": 136.4, "trailingPE": 19.243685, "forwardPE": 18.61582, "volume": 974847, "regularMarketVolume": 974847, "averageVolume": 1185890, "averageVolume10days": 1163575, "averageDailyVolume10Day": 1163575, "bid": 131.8, "ask": 132.05, "bidSize": 0, "askSize": 0, "marketCap": 321321795584, "fiftyTwoWeekLow": 56.1, "fiftyTwoWeekHigh": 143.95, "fiftyDayAverage": 134.99286, "twoHundredDayAverage": 111.61679, "trailingAnnualDividendRate": 1.4, "trailingAnnualDividendYield": 0.010781671, "currency": "INR", "fromCurrency": null, "toCurrency": null, "lastMarket": null, "algorithm": null, "tradeable": false}, "sectorTrend": {"maxAge": 1, "symbol": null, "estimates": []}, "incomeStatementHistoryQuarterly": {"incomeStatementHistory": [{"maxAge": 1, "endDate": "2020-06-30", "totalRevenue": 16755900000, "costOfRevenue": 8235100000, "grossProfit": 8520800000, "researchDevelopment": {}, "sellingGeneralAdministrative": 5159300000, "nonRecurring": {}, "otherOperatingExpenses": 1900700000, "totalOperatingExpenses": 16235300000, "operatingIncome": 520600000, "totalOtherIncomeExpenseNet": 227200000, "ebit": 520600000, "interestExpense": -700000, "incomeBeforeTax": 747800000, "incomeTaxExpense": 209400000, "minorityInterest": {}, "netIncomeFromContinuingOps": 538400000, "discontinuedOperations": {}, "extraordinaryItems": {}, "effectOfAccountingCharges": {}, "otherItems": {}, "netIncome": 537900000, "netIncomeApplicableToCommonShares": 537900000}, {"maxAge": 1, "endDate": "2020-03-31", "totalRevenue": 58167700000, "costOfRevenue": 33748200000, "grossProfit": 24419500000, "researchDevelopment": {}, "sellingGeneralAdministrative": 5804000000, "nonRecurring": {}, "otherOperatingExpenses": 3478700000, "totalOperatingExpenses": 44036700000, "operatingIncome": 14131000000, "totalOtherIncomeExpenseNet": 150400000, "ebit": 14131000000, "interestExpense": -12900000, "incomeBeforeTax": 14281400000, "incomeTaxExpense": 3811700000, "minorityInterest": 141700000, "netIncomeFromContinuingOps": 10469700000, "discontinuedOperations": {}, "extraordinaryItems": {}, "effectOfAccountingCharges": {}, "otherItems": {}, "netIncome": 10467300000, "netIncomeApplicableToCommonShares": 10467300000}, {"maxAge": 1, "endDate": "2019-12-31", "totalRevenue": 22780800000, "costOfRevenue": 12745100000, "grossProfit": 10035700000, "researchDevelopment": {}, "sellingGeneralAdministrative": 4555000000, "nonRecurring": {}, "otherOperatingExpenses": 1913700000, "totalOperatingExpenses": 20130800000, "operatingIncome": 2650000000, "totalOtherIncomeExpenseNet": 435700000, "ebit": 2650000000, "interestExpense": -1200000, "incomeBeforeTax": 3085700000, "incomeTaxExpense": 857400000, "minorityInterest": 141700000, "netIncomeFromContinuingOps": 2228300000, "discontinuedOperations": {}, "extraordinaryItems": {}, "effectOfAccountingCharges": {}, "otherItems": {}, "netIncome": 2226800000, "netIncomeApplicableToCommonShares": 2226800000}, {"maxAge": 1, "endDate": "2019-09-30", "totalRevenue": 27483200000, "costOfRevenue": 14558600000, "grossProfit": 12924600000, "researchDevelopment": {}, "sellingGeneralAdministrative": 5109400000, "nonRecurring": {}, "otherOperatingExpenses": 2328000000, "totalOperatingExpenses": 22908200000, "operatingIncome": 4575000000, "totalOtherIncomeExpenseNet": 193800000, "ebit": 4575000000, "interestExpense": -12300000, "incomeBeforeTax": 4768800000, "incomeTaxExpense": 1326100000, "minorityInterest": 137800000, "netIncomeFromContinuingOps": 3442700000, "discontinuedOperations": {}, "extraordinaryItems": {}, "effectOfAccountingCharges": {}, "otherItems": {}, "netIncome": 3438500000, "netIncomeApplicableToCommonShares": 3438500000}], "maxAge": 86400}, "cashflowStatementHistoryQuarterly": {"cashflowStatements": [{"maxAge": 1, "endDate": "2020-06-30", "netIncome": 537900000, "changeToLiabilities": 0}, {"maxAge": 1, "endDate": "2020-03-31", "netIncome": 10467300000, "changeToLiabilities": 0}, {"maxAge": 1, "endDate": "2019-12-31", "netIncome": 2226800000, "changeToLiabilities": 0}, {"maxAge": 1, "endDate": "2019-09-30", "netIncome": 3438500000, "changeToLiabilities": 0}], "maxAge": 86400}, "insiderHolders": {"holders": [{"maxAge": 1, "name": "President of India", "relation": "Promoter", "url": "", "transactionDescription": "Sale", "latestTransDate": "2020-02-03", "positionDirect": 1245973978, "positionDirectDate": "2020-02-03"}], "maxAge": 1}, "earnings": {"maxAge": 86400, "earningsChart": {"quarterly": [{"date": "4Q2017", "actual": 1.23, "estimate": 1.66}, {"date": "1Q2018", "actual": 2.28, "estimate": 1.8}, {"date": "2Q2018", "actual": 0.74, "estimate": 0.6}, {"date": "3Q2018", "actual": 2.34, "estimate": 1.2}], "currentQuarterEstimateDate": "4Q", "currentQuarterEstimateYear": 2018, "earningsDate": ["2020-11-06 05:30:S"]}, "financialsChart": {"yearly": [{"date": 2017, "revenue": 86683400000, "earnings": 15235800000}, {"date": 2018, "revenue": 104008000000, "earnings": 14317200000}, {"date": 2019, "revenue": 121641700000, "earnings": 18864000000}, {"date": 2020, "revenue": 129676700000, "earnings": 18238500000}], "quarterly": [{"date": "3Q2019", "revenue": 27483200000, "earnings": 3438500000}, {"date": "4Q2019", "revenue": 22780800000, "earnings": 2226800000}, {"date": "1Q2020", "revenue": 58167700000, "earnings": 10467300000}, {"date": "2Q2020", "revenue": 16755900000, "earnings": 537900000}]}, "financialCurrency": "INR"}, "calendarEvents": {"maxAge": 1, "earnings": {"earningsDate": ["2020-11-06 05:30:S"], "revenueAverage": 29267000000, "revenueLow": 28897000000, "revenueHigh": 29637000000}}, "price": {"maxAge": 1, "regularMarketChangePercent": 0.015017304, "regularMarketChange": 1.949997, "regularMarketTime": "2021-04-30 15:45:24", "priceHint": 2, "regularMarketPrice": 131.8, "regularMarketDayHigh": 136.4, "regularMarketDayLow": 128.05, "regularMarketVolume": 974847, "averageDailyVolume10Day": 1163575, "averageDailyVolume3Month": 1185890, "regularMarketPreviousClose": 129.85, "regularMarketSource": "FREE_REALTIME", "regularMarketOpen": 129.4, "exchange": "BSE", "exchangeName": "BSE", "exchangeDataDelayedBy": 0, "marketState": "CLOSED", "quoteType": "EQUITY", "symbol": "BEL.BO", "underlyingSymbol": null, "shortName": "BHARAT ELECTRONICS LTD.", "longName": "Bharat Electronics Limited", "currency": "INR", "quoteSourceName": "Delayed Quote", "currencySymbol": "\u20b9", "fromCurrency": null, "toCurrency": null, "lastMarket": null, "marketCap": 321321795584}, "balanceSheetHistory": {"balanceSheetStatements": [{"maxAge": 1, "endDate": "2020-03-31", "cash": 16206300000, "shortTermInvestments": 556100000, "netReceivables": 67748600000, "inventory": 39583000000, "otherCurrentAssets": 62221700000, "totalCurrentAssets": 187380900000, "longTermInvestments": 11387100000, "propertyPlantEquipment": 28144800000, "intangibleAssets": 7033200000, "otherAssets": 9537100000, "deferredLongTermAssetCharges": 4987000000, "totalAssets": 243483100000, "accountsPayable": 25907300000, "shortLongTermDebt": 83300000, "otherCurrentLiab": 93438900000, "otherLiab": 13950600000, "deferredLongTermLiab": 3557200000, "minorityInterest": 141700000, "totalCurrentLiabilities": 128657200000, "totalLiab": 142626100000, "commonStock": 2436600000, "retainedEarnings": 99544500000, "treasuryStock": -1265800000, "otherStockholderEquity": -1265800000, "totalStockholderEquity": 100715300000, "netTangibleAssets": 93682100000}, {"maxAge": 1, "endDate": "2019-03-31", "cash": 7597000000, "shortTermInvestments": 1652200000, "netReceivables": 54320800000, "inventory": 44433500000, "otherCurrentAssets": 49312400000, "totalCurrentAssets": 158744400000, "longTermInvestments": 9922900000, "propertyPlantEquipment": 24616300000, "intangibleAssets": 6611800000, "otherAssets": 8310400000, "deferredLongTermAssetCharges": 4720100000, "totalAssets": 208205800000, "accountsPayable": 15861400000, "shortLongTermDebt": 333400000, "otherCurrentLiab": 79752100000, "otherLiab": 11470300000, "deferredLongTermLiab": 430300000, "minorityInterest": 133000000, "totalCurrentLiabilities": 104487500000, "totalLiab": 115957800000, "commonStock": 2436600000, "retainedEarnings": 90534000000, "treasuryStock": -855600000, "otherStockholderEquity": -855600000, "totalStockholderEquity": 92115000000, "netTangibleAssets": 85503200000}, {"maxAge": 1, "endDate": "2018-03-31", "cash": 8044300000, "shortTermInvestments": 496300000, "netReceivables": 51260300000, "inventory": 45793600000, "otherCurrentAssets": 36073300000, "totalCurrentAssets": 143045200000, "longTermInvestments": 9653800000, "propertyPlantEquipment": 21335900000, "intangibleAssets": 6437600000, "otherAssets": 9132600000, "deferredLongTermAssetCharges": 4300600000, "totalAssets": 189605100000, "accountsPayable": 13689900000, "shortLongTermDebt": 333300000, "otherCurrentLiab": 76424400000, "longTermDebt": 333300000, "otherLiab": 10022900000, "deferredLongTermLiab": 380300000, "minorityInterest": 130300000, "totalCurrentLiabilities": 98961800000, "totalLiab": 109318000000, "commonStock": 2436600000, "retainedEarnings": 78163100000, "treasuryStock": -442900000, "otherStockholderEquity": -442900000, "totalStockholderEquity": 80156800000, "netTangibleAssets": 73719200000}, {"maxAge": 1, "endDate": "2017-03-31", "cash": 26998100000, "shortTermInvestments": 10676200000, "netReceivables": 46894400000, "inventory": 48816700000, "otherCurrentAssets": 6895300000, "totalCurrentAssets": 140665000000, "longTermInvestments": 5497900000, "propertyPlantEquipment": 17554700000, "intangibleAssets": 4883200000, "otherAssets": 7362000000, "deferredLongTermAssetCharges": 5289500000, "totalAssets": 175962800000, "accountsPayable": 12973700000, "shortLongTermDebt": 333300000, "otherCurrentLiab": 65707600000, "longTermDebt": 166700000, "otherLiab": 10792900000, "minorityInterest": 137200000, "totalCurrentLiabilities": 87508300000, "totalLiab": 98467900000, "commonStock": 2233600000, "retainedEarnings": 75604100000, "treasuryStock": -480000000, "otherStockholderEquity": -480000000, "totalStockholderEquity": 77357700000, "netTangibleAssets": 72474500000}], "maxAge": 86400}, "earningsTrend": {"trend": [{"maxAge": 1, "period": "0q", "endDate": "2018-12-31", "growth": {}, "earningsEstimate": {"avg": 0.0, "low": 0.0, "high": 0.0, "yearAgoEps": 1.23, "numberOfAnalysts": 0, "growth": {}}, "revenueEstimate": {"avg": 29267000000, "low": 28897000000, "high": 29637000000, "numberOfAnalysts": 2, "yearAgoRevenue": 25128200000, "growth": 0.165}, "epsTrend": {"current": 0.0, "7daysAgo": 1.3, "30daysAgo": 1.3, "60daysAgo": 1.3, "90daysAgo": 1.3}, "epsRevisions": {"upLast7days": 0, "upLast30days": 0, "downLast30days": 0, "downLast90days": {}}}, {"maxAge": 1, "period": "+1q", "endDate": "2019-03-31", "growth": {}, "earningsEstimate": {"avg": 0.0, "low": 0.0, "high": 0.0, "yearAgoEps": 2.28, "numberOfAnalysts": 0, "growth": {}}, "revenueEstimate": {"avg": 35639000000, "low": 35639000000, "high": 35639000000, "numberOfAnalysts": 1, "yearAgoRevenue": 34279700000, "growth": 0.04}, "epsTrend": {"current": 0.0, "7daysAgo": 2.45, "30daysAgo": 2.45, "60daysAgo": 2.45, "90daysAgo": 2.45}, "epsRevisions": {"upLast7days": 0, "upLast30days": 0, "downLast30days": 0, "downLast90days": {}}}, {"maxAge": 1, "period": "0y", "endDate": "2019-03-31", "growth": {}, "earningsEstimate": {"avg": 0.0, "low": 0.0, "high": 0.0, "yearAgoEps": {}, "numberOfAnalysts": 0, "growth": {}}, "revenueEstimate": {"avg": 119666000000, "low": 115093000000, "high": 125847000000, "numberOfAnalysts": 18, "yearAgoRevenue": 100066000000, "growth": 0.19600001}, "epsTrend": {"current": 0.0, "7daysAgo": 6.2, "30daysAgo": 6.2, "60daysAgo": 6.2, "90daysAgo": 6.2}, "epsRevisions": {"upLast7days": 0, "upLast30days": 0, "downLast30days": 0, "downLast90days": {}}}, {"maxAge": 1, "period": "+1y", "endDate": "2020-03-31", "growth": {}, "earningsEstimate": {"avg": 0.0, "low": 0.0, "high": 0.0, "yearAgoEps": {}, "numberOfAnalysts": 0, "growth": {}}, "revenueEstimate": {"avg": 135294000000, "low": 117008000000, "high": 148500000000, "numberOfAnalysts": 19, "yearAgoRevenue": 119666000000, "growth": 0.131}, "epsTrend": {"current": 0.0, "7daysAgo": 7.08, "30daysAgo": 7.08, "60daysAgo": 7.08, "90daysAgo": 7.08}, "epsRevisions": {"upLast7days": 0, "upLast30days": 0, "downLast30days": 0, "downLast90days": {}}}, {"maxAge": 1, "period": "+5y", "endDate": null, "growth": 0.09, "earningsEstimate": {"avg": {}, "low": {}, "high": {}, "yearAgoEps": {}, "numberOfAnalysts": {}, "growth": {}}, "revenueEstimate": {"avg": {}, "low": {}, "high": {}, "numberOfAnalysts": {}, "yearAgoRevenue": {}, "growth": {}}, "epsTrend": {"current": {}, "7daysAgo": {}, "30daysAgo": {}, "60daysAgo": {}, "90daysAgo": {}}, "epsRevisions": {"upLast7days": {}, "upLast30days": {}, "downLast30days": {}, "downLast90days": {}}}, {"maxAge": 1, "period": "-5y", "endDate": null, "growth": {}, "earningsEstimate": {"avg": {}, "low": {}, "high": {}, "yearAgoEps": {}, "numberOfAnalysts": {}, "growth": {}}, "revenueEstimate": {"avg": {}, "low": {}, "high": {}, "numberOfAnalysts": {}, "yearAgoRevenue": {}, "growth": {}}, "epsTrend": {"current": {}, "7daysAgo": {}, "30daysAgo": {}, "60daysAgo": {}, "90daysAgo": {}}, "epsRevisions": {"upLast7days": {}, "upLast30days": {}, "downLast30days": {}, "downLast90days": {}}}], "maxAge": 1}, "financialData": {"maxAge": 86400, "currentPrice": 131.8, "targetHighPrice": 175.0, "targetLowPrice": 64.0, "targetMeanPrice": 115.45, "targetMedianPrice": 110.0, "recommendationKey": "none", "numberOfAnalystOpinions": 22, "grossProfits": 57988600000, "financialCurrency": "INR"}}}