{"BELLACASA.BO": {"cashflowStatementHistory": {"cashflowStatements": [{"maxAge": 1, "endDate": "2020-03-31", "netIncome": 91307000, "depreciation": 10519000, "changeToNetincome": 39085000, "changeToAccountReceivables": 87155000, "changeToLiabilities": -63482000, "changeToInventory": 1850000, "changeToOperatingActivities": -56804000, "totalCashFromOperatingActivities": 110095000, "capitalExpenditures": -19152000, "otherCashflowsFromInvestingActivities": 29474000, "totalCashflowsFromInvestingActivities": 10479000, "dividendsPaid": -27604000, "netBorrowings": -51674000, "otherCashflowsFromFinancingActivities": -45392000, "totalCashFromFinancingActivities": -124670000, "changeInCash": -4096000}, {"maxAge": 1, "endDate": "2019-03-31", "netIncome": 87759000, "depreciation": 9852000, "changeToNetincome": 41360000, "changeToAccountReceivables": -86620000, "changeToLiabilities": -119370000, "changeToInventory": 5785000, "changeToOperatingActivities": 50211000, "totalCashFromOperatingActivities": -11023000, "capitalExpenditures": -14545000, "otherCashflowsFromInvestingActivities": -7917000, "totalCashflowsFromInvestingActivities": -22462000, "dividendsPaid": -5188000, "netBorrowings": -15137000, "otherCashflowsFromFinancingActivities": 52174000, "totalCashFromFinancingActivities": 31849000, "changeInCash": -1636000}, {"maxAge": 1, "endDate": "2018-03-31", "netIncome": 56988000, "depreciation": 7703000, "changeToNetincome": 28748000, "changeToAccountReceivables": -149869000, "changeToLiabilities": 96632000, "changeToInventory": -170510000, "changeToOperatingActivities": -58036000, "totalCashFromOperatingActivities": -188093000, "capitalExpenditures": -56608000, "otherCashflowsFromInvestingActivities": -12112000, "totalCashflowsFromInvestingActivities": -68720000, "dividendsPaid": -5188000, "netBorrowings": 190174000, "otherCashflowsFromFinancingActivities": -34106000, "totalCashFromFinancingActivities": 255613000, "changeInCash": -1200000, "issuanceOfStock": 99545000}, {"maxAge": 1, "endDate": "2017-03-31", "netIncome": 32680205, "depreciation": 5660687, "changeToNetincome": 34707662, "changeToAccountReceivables": -102441005, "changeToLiabilities": 172507779, "changeToInventory": -141763371, "changeToOperatingActivities": 978470, "totalCashFromOperatingActivities": 2459263, "capitalExpenditures": -10752229, "otherCashflowsFromInvestingActivities": 142449, "totalCashflowsFromInvestingActivities": -10609780, "dividendsPaid": -5188000, "netBorrowings": 42826186, "otherCashflowsFromFinancingActivities": -30240104, "totalCashFromFinancingActivities": 12586082, "changeInCash": 4435566, "issuanceOfStock": 99545000}], "maxAge": 86400}, "institutionOwnership": {"ownershipList": [], "maxAge": 1}, "balanceSheetHistoryQuarterly": {"balanceSheetStatements": [{"maxAge": 1, "endDate": "2020-06-30", "totalStockholderEquity": 551391000, "netTangibleAssets": 550328000}, {"maxAge": 1, "endDate": "2020-03-31", "cash": 1577000, "netReceivables": 389738000, "inventory": 614310000, "otherCurrentAssets": 72854000, "totalCurrentAssets": 1080648000, "longTermInvestments": 15000, "propertyPlantEquipment": 138770000, "intangibleAssets": 1063000, "otherAssets": 3924000, "totalAssets": 1224420000, "accountsPayable": 205486000, "shortLongTermDebt": 4539000, "otherCurrentLiab": 9768000, "longTermDebt": 5628000, "otherLiab": 7365000, "totalCurrentLiabilities": 641454000, "totalLiab": 673029000, "commonStock": 114750000, "retainedEarnings": 254526000, "treasuryStock": 555000, "capitalSurplus": 181560000, "otherStockholderEquity": 555000, "totalStockholderEquity": 551391000, "netTangibleAssets": 550328000}, {"maxAge": 1, "endDate": "2019-12-31", "totalStockholderEquity": 534241000, "netTangibleAssets": 532987000}, {"maxAge": 1, "endDate": "2019-09-30", "cash": 9969000, "shortTermInvestments": 914000, "netReceivables": 595210000, "inventory": 601769000, "otherCurrentAssets": 14854000, "totalCurrentAssets": 1222716000, "longTermInvestments": 15000, "propertyPlantEquipment": 134951000, "intangibleAssets": 1254000, "otherAssets": 49587000, "totalAssets": 1408523000, "accountsPayable": 326927000, "otherCurrentLiab": 39732000, "longTermDebt": 7796000, "otherLiab": 9578000, "totalCurrentLiabilities": 838267000, "totalLiab": 874282000, "commonStock": 114750000, "treasuryStock": 419491000, "otherStockholderEquity": 419491000, "totalStockholderEquity": 534241000, "netTangibleAssets": 532987000}], "maxAge": 86400}, "indexTrend": {"maxAge": 1, "symbol": "SP5", "peRatio": 19.7411, "pegRatio": 1.34172, "estimates": [{"period": "0q", "growth": 0.549}, {"period": "+1q", "growth": 0.431}, {"period": "0y", "growth": 0.305}, {"period": "+1y", "growth": 0.109}, {"period": "+5y", "growth": 0.120859005}, {"period": "-5y"}]}, "insiderTransactions": {"transactions": [{"maxAge": 1, "shares": 13000, "filerUrl": "", "transactionText": "", "filerName": "Gupta (Harish Kumar)", "filerRelation": "Promoter", "moneyText": "", "startDate": "2020-09-22", "ownership": "D"}], "maxAge": 1}, "quoteType": {"exchange": "BSE", "quoteType": "EQUITY", "symbol": "BELLACASA.BO", "underlyingSymbol": "BELLACASA.BO", "shortName": "Bella Casa Fashion & Retail Li", "longName": "Bella Casa Fashion &amp; Retail Limited", "firstTradeDateEpochUtc": "2015-10-15 09:15:00", "timeZoneFullName": "Asia/Kolkata", "timeZoneShortName": "IST", "uuid": "242edda7-0fdc-3c87-8756-42f672ae5a85", "gmtOffSetMilliseconds": 19800000, "maxAge": 1}, "incomeStatementHistory": {"incomeStatementHistory": [{"maxAge": 1, "endDate": "2020-03-31", "totalRevenue": 1631423000, "costOfRevenue": 1364439000, "grossProfit": 266984000, "researchDevelopment": {}, "sellingGeneralAdministrative": 44325000, "nonRecurring": {}, "otherOperatingExpenses": 42705000, "totalOperatingExpenses": 1466076000, "operatingIncome": 165347000, "totalOtherIncomeExpenseNet": -44289000, "ebit": 165347000, "interestExpense": -47111000, "incomeBeforeTax": 121058000, "incomeTaxExpense": 29751000, "minorityInterest": {}, "netIncomeFromContinuingOps": 91307000, "discontinuedOperations": {}, "extraordinaryItems": {}, "effectOfAccountingCharges": {}, "otherItems": {}, "netIncome": 91307000, "netIncomeApplicableToCommonShares": 91307000}, {"maxAge": 1, "endDate": "2019-03-31", "totalRevenue": 1468473000, "costOfRevenue": 1197542000, "grossProfit": 270931000, "researchDevelopment": {}, "sellingGeneralAdministrative": 46499000, "nonRecurring": {}, "otherOperatingExpenses": 51013000, "totalOperatingExpenses": 1306567000, "operatingIncome": 161906000, "totalOtherIncomeExpenseNet": -38450000, "ebit": 161906000, "interestExpense": -41576000, "incomeBeforeTax": 123456000, "incomeTaxExpense": 35697000, "minorityInterest": {}, "netIncomeFromContinuingOps": 87759000, "discontinuedOperations": {}, "extraordinaryItems": {}, "effectOfAccountingCharges": {}, "otherItems": {}, "netIncome": 87759000, "netIncomeApplicableToCommonShares": 87759000}, {"maxAge": 1, "endDate": "2018-03-31", "totalRevenue": 1248153000, "costOfRevenue": 992939000, "grossProfit": 255214000, "researchDevelopment": {}, "sellingGeneralAdministrative": 43991000, "nonRecurring": {}, "otherOperatingExpenses": 86446000, "totalOperatingExpenses": 1131316000, "operatingIncome": 116837000, "totalOtherIncomeExpenseNet": -30792000, "ebit": 116837000, "interestExpense": -34106000, "incomeBeforeTax": 86045000, "incomeTaxExpense": 29057000, "minorityInterest": {}, "netIncomeFromContinuingOps": 56988000, "discontinuedOperations": {}, "extraordinaryItems": {}, "effectOfAccountingCharges": {}, "otherItems": {}, "netIncome": 56988000, "netIncomeApplicableToCommonShares": 56988000}, {"maxAge": 1, "endDate": "2017-03-31", "totalRevenue": 1150068990, "costOfRevenue": 887765758, "grossProfit": 262303232, "researchDevelopment": {}, "sellingGeneralAdministrative": 33462985, "nonRecurring": {}, "otherOperatingExpenses": 141315267, "totalOperatingExpenses": 1068333533, "operatingIncome": 81735457, "totalOtherIncomeExpenseNet": -31368958, "ebit": 81735457, "interestExpense": -30073855, "incomeBeforeTax": 50366499, "incomeTaxExpense": 17686294, "minorityInterest": {}, "netIncomeFromContinuingOps": 32680205, "discontinuedOperations": {}, "extraordinaryItems": {}, "effectOfAccountingCharges": {}, "otherItems": {}, "netIncome": 32680205, "netIncomeApplicableToCommonShares": 32680205}], "maxAge": 86400}, "fundOwnership": {"ownershipList": [], "maxAge": 1}, "summaryDetail": {"maxAge": 1, "priceHint": 2, "previousClose": 114.0, "open": 116.0, "dayLow": 111.05, "dayHigh": 117.8, "regularMarketPreviousClose": 114.0, "regularMarketOpen": 116.0, "regularMarketDayLow": 111.05, "regularMarketDayHigh": 117.8, "trailingPE": 27.740627, "volume": 341, "regularMarketVolume": 341, "averageVolume": 5028, "averageVolume10days": 2553, "averageDailyVolume10Day": 2553, "bid": 111.7, "ask": 116.15, "bidSize": 0, "askSize": 0, "marketCap": 1332821248, "fiftyTwoWeekLow": 60.0, "fiftyTwoWeekHigh": 137.6, "fiftyDayAverage": 115.65455, "twoHundredDayAverage": 80.5136, "trailingAnnualDividendRate": 1.2, "trailingAnnualDividendYield": 0.010526316, "currency": "INR", "fromCurrency": null, "lastMarket": null, "algorithm": null, "tradeable": false}, "incomeStatementHistoryQuarterly": {"incomeStatementHistory": [{"maxAge": 1, "endDate": "2020-06-30", "totalRevenue": 24075000, "costOfRevenue": 24161000, "grossProfit": -86000, "researchDevelopment": {}, "sellingGeneralAdministrative": 1629000, "nonRecurring": {}, "otherOperatingExpenses": 3318000, "totalOperatingExpenses": 31845000, "operatingIncome": -7770000, "totalOtherIncomeExpenseNet": -7660000, "ebit": -7770000, "interestExpense": -8929000, "incomeBeforeTax": -15430000, "incomeTaxExpense": 185000, "minorityInterest": {}, "netIncomeFromContinuingOps": -15615000, "discontinuedOperations": {}, "extraordinaryItems": {}, "effectOfAccountingCharges": {}, "otherItems": {}, "netIncome": -15615000, "netIncomeApplicableToCommonShares": -15615000}, {"maxAge": 1, "endDate": "2020-03-31", "totalRevenue": 354522000, "costOfRevenue": 306542000, "grossProfit": 47980000, "researchDevelopment": {}, "sellingGeneralAdministrative": 14182000, "nonRecurring": {}, "otherOperatingExpenses": 1517000, "totalOperatingExpenses": 328507000, "operatingIncome": 26015000, "totalOtherIncomeExpenseNet": -14503000, "ebit": 26015000, "interestExpense": -14550000, "incomeBeforeTax": 11512000, "incomeTaxExpense": 1813000, "minorityInterest": {}, "netIncomeFromContinuingOps": 9699000, "discontinuedOperations": {}, "extraordinaryItems": {}, "effectOfAccountingCharges": {}, "otherItems": {}, "netIncome": 9699000, "netIncomeApplicableToCommonShares": 9699000}, {"maxAge": 1, "endDate": "2019-12-31", "totalRevenue": 384870000, "costOfRevenue": 317016000, "grossProfit": 67854000, "researchDevelopment": {}, "sellingGeneralAdministrative": 10821000, "nonRecurring": {}, "otherOperatingExpenses": 12538000, "totalOperatingExpenses": 343395000, "operatingIncome": 41475000, "totalOtherIncomeExpenseNet": -8113000, "ebit": 41475000, "interestExpense": -9319000, "incomeBeforeTax": 33362000, "incomeTaxExpense": 9580000, "minorityInterest": {}, "netIncomeFromContinuingOps": 23782000, "discontinuedOperations": {}, "extraordinaryItems": {}, "effectOfAccountingCharges": {}, "otherItems": {}, "netIncome": 23782000, "netIncomeApplicableToCommonShares": 23782000}, {"maxAge": 1, "endDate": "2019-09-30", "totalRevenue": 504903000, "costOfRevenue": 422752000, "grossProfit": 82151000, "researchDevelopment": {}, "sellingGeneralAdministrative": 10196000, "nonRecurring": {}, "otherOperatingExpenses": 18342000, "totalOperatingExpenses": 454286000, "operatingIncome": 50617000, "totalOtherIncomeExpenseNet": -12067000, "ebit": 50617000, "interestExpense": -12866000, "incomeBeforeTax": 38550000, "incomeTaxExpense": 8345000, "minorityInterest": {}, "netIncomeFromContinuingOps": 30205000, "discontinuedOperations": {}, "extraordinaryItems": {}, "effectOfAccountingCharges": {}, "otherItems": {}, "netIncome": 30205000, "netIncomeApplicableToCommonShares": 30205000}], "maxAge": 86400}, "cashflowStatementHistoryQuarterly": {"cashflowStatements": [{"maxAge": 1, "endDate": "2020-06-30", "netIncome": -15615000, "changeToLiabilities": 0}, {"maxAge": 1, "endDate": "2020-03-31", "netIncome": 9699000, "changeToLiabilities": 0}, {"maxAge": 1, "endDate": "2019-12-31", "netIncome": 23782000, "changeToLiabilities": 0}, {"maxAge": 1, "endDate": "2019-09-30", "netIncome": 30205000, "changeToLiabilities": 0}], "maxAge": 86400}, "insiderHolders": {"holders": [{"maxAge": 1, "name": "Gupta (Harish Kumar)", "relation": "Promoter", "url": "", "transactionDescription": "Acquisition", "latestTransDate": "2020-09-22", "positionDirect": 1171414, "positionDirectDate": "2020-09-22"}], "maxAge": 1}, "calendarEvents": {"maxAge": 1, "earnings": {"earningsDate": []}}, "upgradeDowngradeHistory": {"history": [], "maxAge": 86400}, "price": {"maxAge": 1, "regularMarketChangePercent": 0.018859662, "regularMarketChange": 2.1500015, "regularMarketTime": "2021-04-30 15:29:39", "priceHint": 2, "regularMarketPrice": 116.15, "regularMarketDayHigh": 117.8, "regularMarketDayLow": 111.05, "regularMarketVolume": 341, "averageDailyVolume10Day": 2553, "averageDailyVolume3Month": 5028, "regularMarketPreviousClose": 114.0, "regularMarketSource": "FREE_REALTIME", "regularMarketOpen": 116.0, "exchange": "BSE", "exchangeName": "BSE", "exchangeDataDelayedBy": 0, "marketState": "CLOSED", "quoteType": "EQUITY", "symbol": "BELLACASA.BO", "underlyingSymbol": null, "shortName": "Bella Casa Fashion & Retail Li", "longName": "Bella Casa Fashion &amp; Retail Limited", "currency": "INR", "quoteSourceName": "Delayed Quote", "currencySymbol": "\u20b9", "fromCurrency": null, "lastMarket": null, "marketCap": 1332821248}, "balanceSheetHistory": {"balanceSheetStatements": [{"maxAge": 1, "endDate": "2020-03-31", "cash": 1577000, "netReceivables": 389738000, "inventory": 614310000, "otherCurrentAssets": 72854000, "totalCurrentAssets": 1080648000, "longTermInvestments": 15000, "propertyPlantEquipment": 138770000, "intangibleAssets": 1063000, "otherAssets": 3924000, "totalAssets": 1224420000, "accountsPayable": 205486000, "shortLongTermDebt": 4539000, "otherCurrentLiab": 9768000, "longTermDebt": 5628000, "otherLiab": 7365000, "totalCurrentLiabilities": 641454000, "totalLiab": 673029000, "commonStock": 114750000, "retainedEarnings": 254526000, "treasuryStock": 555000, "capitalSurplus": 181560000, "otherStockholderEquity": 555000, "totalStockholderEquity": 551391000, "netTangibleAssets": 550328000}, {"maxAge": 1, "endDate": "2019-03-31", "cash": 5673000, "netReceivables": 464159000, "inventory": 616160000, "otherCurrentAssets": 25163000, "totalCurrentAssets": 1111900000, "longTermInvestments": 15000, "propertyPlantEquipment": 113018000, "intangibleAssets": 1362000, "otherAssets": 29450000, "totalAssets": 1255745000, "accountsPayable": 259816000, "shortLongTermDebt": 4711000, "otherCurrentLiab": 20712000, "longTermDebt": 10036000, "otherLiab": 10600000, "totalCurrentLiabilities": 744861000, "totalLiab": 765497000, "commonStock": 114750000, "retainedEarnings": 193383000, "treasuryStock": 555000, "capitalSurplus": 181560000, "otherStockholderEquity": 555000, "totalStockholderEquity": 490248000, "netTangibleAssets": 488886000}, {"maxAge": 1, "endDate": "2018-03-31", "cash": 7309000, "netReceivables": 377247000, "inventory": 621945000, "otherCurrentAssets": 75182000, "totalCurrentAssets": 1082913000, "longTermInvestments": 15000, "propertyPlantEquipment": 108917000, "intangibleAssets": 771000, "otherAssets": 18357000, "totalAssets": 1210973000, "accountsPayable": 391899000, "shortLongTermDebt": 4846000, "otherCurrentLiab": 9106000, "longTermDebt": 14665000, "otherLiab": 10221000, "totalCurrentLiabilities": 874618000, "totalLiab": 899504000, "commonStock": 100050000, "retainedEarnings": 109343000, "treasuryStock": 32236000, "capitalSurplus": 69840000, "otherStockholderEquity": 32236000, "totalStockholderEquity": 311469000, "netTangibleAssets": 310698000}, {"maxAge": 1, "endDate": "2017-03-31", "cash": 8509537, "netReceivables": 238789661, "inventory": 451434876, "otherCurrentAssets": 5818779, "totalCurrentAssets": 705630890, "longTermInvestments": 15140, "propertyPlantEquipment": 60623270, "intangibleAssets": 409577, "otherAssets": 2281097, "totalAssets": 768959974, "accountsPayable": 290821350, "shortLongTermDebt": 4199894, "otherCurrentLiab": 18849027, "longTermDebt": 1340198, "otherLiab": 9456817, "totalCurrentLiabilities": 606205249, "totalLiab": 617002264, "commonStock": 92150000, "retainedEarnings": 49007458, "treasuryStock": 1000252, "capitalSurplus": 9800000, "otherStockholderEquity": 1000252, "totalStockholderEquity": 151957710, "netTangibleAssets": 151548133}], "maxAge": 86400}, "financialData": {"maxAge": 86400, "currentPrice": 116.15, "recommendationKey": "none", "grossProfits": 266984000, "financialCurrency": "INR"}}}