{"BEMHY.BO": {"cashflowStatementHistory": {"cashflowStatements": [{"maxAge": 1, "endDate": "2020-03-31", "netIncome": -1086000, "depreciation": 7880000, "changeToNetincome": 22227000, "changeToAccountReceivables": 18277000, "changeToLiabilities": -5421000, "changeToInventory": -61733000, "totalCashFromOperatingActivities": -19282000, "capitalExpenditures": -8656000, "otherCashflowsFromInvestingActivities": -2617000, "totalCashflowsFromInvestingActivities": -10455000, "netBorrowings": 59340000, "otherCashflowsFromFinancingActivities": -24645000, "totalCashFromFinancingActivities": 34695000, "changeInCash": 4958000}, {"maxAge": 1, "endDate": "2019-03-31", "netIncome": 10274000, "depreciation": 7851000, "changeToNetincome": 45079000, "changeToAccountReceivables": -30237000, "changeToLiabilities": 32978000, "changeToInventory": 14619000, "totalCashFromOperatingActivities": 81106000, "capitalExpenditures": -26365000, "otherCashflowsFromInvestingActivities": 13297000, "totalCashflowsFromInvestingActivities": -12943000, "netBorrowings": -42891000, "otherCashflowsFromFinancingActivities": -26548000, "totalCashFromFinancingActivities": -69439000, "changeInCash": -1276000}, {"maxAge": 1, "endDate": "2018-03-31", "netIncome": 8236622, "depreciation": 7294192, "changeToNetincome": 42302878, "changeToAccountReceivables": 19565212, "changeToLiabilities": -22657217, "changeToInventory": 2103352, "totalCashFromOperatingActivities": 56982799, "capitalExpenditures": -23107290, "otherCashflowsFromInvestingActivities": 1311847, "totalCashflowsFromInvestingActivities": -21662630, "netBorrowings": -8024960, "otherCashflowsFromFinancingActivities": -29044009, "totalCashFromFinancingActivities": -37068969, "changeInCash": -1748800}, {"maxAge": 1, "endDate": "2017-03-31", "netIncome": 24212469, "depreciation": 12854177, "changeToNetincome": 12336000, "changeToAccountReceivables": -51752015, "changeToLiabilities": 28373354, "changeToInventory": 23966493, "totalCashFromOperatingActivities": 50131419, "capitalExpenditures": -14531816, "otherCashflowsFromInvestingActivities": -3329328, "totalCashflowsFromInvestingActivities": -15818699, "netBorrowings": -4203191, "otherCashflowsFromFinancingActivities": -28137554, "totalCashFromFinancingActivities": -32340745, "changeInCash": 1971975}], "maxAge": 86400}, "institutionOwnership": {"maxAge": 1, "ownershipList": []}, "balanceSheetHistoryQuarterly": {"balanceSheetStatements": [{"maxAge": 1, "endDate": "2020-06-30", "totalStockholderEquity": 333899000, "netTangibleAssets": 329009000}, {"maxAge": 1, "endDate": "2020-03-31", "cash": 5624000, "netReceivables": 111731000, "inventory": 251672000, "otherCurrentAssets": 17622000, "totalCurrentAssets": 388779000, "longTermInvestments": 1550000, "propertyPlantEquipment": 439243000, "intangibleAssets": 4890000, "otherAssets": 19130000, "totalAssets": 853592000, "accountsPayable": 103169000, "shortLongTermDebt": 30171000, "otherCurrentLiab": 84342000, "longTermDebt": 60689000, "otherLiab": 76240000, "totalCurrentLiabilities": 382764000, "totalLiab": 519693000, "commonStock": 21867000, "retainedEarnings": -12581000, "treasuryStock": 279781000, "capitalSurplus": 44832000, "otherStockholderEquity": 279781000, "totalStockholderEquity": 333899000, "netTangibleAssets": 329009000}, {"maxAge": 1, "endDate": "2019-12-31"}, {"maxAge": 1, "endDate": "2019-09-30"}], "maxAge": 86400}, "indexTrend": {"maxAge": 1, "symbol": "SP5", "peRatio": 19.7411, "pegRatio": 1.34172, "estimates": [{"period": "0q", "growth": 0.549}, {"period": "+1q", "growth": 0.431}, {"period": "0y", "growth": 0.305}, {"period": "+1y", "growth": 0.109}, {"period": "+5y", "growth": 0.120859005}, {"period": "-5y"}]}, "insiderTransactions": {"transactions": [{"maxAge": 1, "shares": 35000, "filerUrl": "", "transactionText": "", "filerName": "Mohta (Anirudh)", "filerRelation": "Managing Director", "moneyText": "", "startDate": "2014-12-24", "ownership": "D"}, {"maxAge": 1, "shares": 15000, "filerUrl": "", "transactionText": "", "filerName": "Mohta (Urmila Devi)", "filerRelation": "Promoter", "moneyText": "", "startDate": "2014-12-24", "ownership": "D"}, {"maxAge": 1, "shares": 50000, "filerUrl": "", "transactionText": "", "filerName": "Sri Ramachandra Enterprises Pvt Ltd", "filerRelation": "Promoter", "moneyText": "", "startDate": "2014-12-24", "ownership": "D"}, {"maxAge": 1, "shares": 100000, "filerUrl": "", "transactionText": "", "filerName": "Sungrace Finvest Pvt Ltd", "filerRelation": "Institution- Corporation", "moneyText": "", "startDate": "2014-12-24", "ownership": "D"}, {"maxAge": 1, "shares": 85000, "filerUrl": "", "transactionText": "", "filerName": "UD Finnvest Pvt Ltd", "filerRelation": "Promoter", "moneyText": "", "startDate": "2014-05-05", "ownership": "D"}, {"maxAge": 1, "shares": 85000, "filerUrl": "", "transactionText": "", "filerName": "Mohta Capital Pvt Ltd", "filerRelation": "Promoter", "moneyText": "", "startDate": "2014-03-05", "ownership": "D"}, {"maxAge": 1, "shares": 85000, "filerUrl": "", "transactionText": "", "filerName": "Sri Ramachandra Enterprises Pvt Ltd", "filerRelation": "Promoter", "moneyText": "", "startDate": "2014-03-05", "ownership": "D"}], "maxAge": 1}, "quoteType": {"exchange": "BSE", "quoteType": "EQUITY", "symbol": "BEMHY.BO", "underlyingSymbol": "BEMHY.BO", "shortName": "BEMCO HYDRAULICS LTD.", "longName": "Bemco Hydraulics Limited", "firstTradeDateEpochUtc": "2006-10-10 09:15:00", "timeZoneFullName": "Asia/Kolkata", "timeZoneShortName": "IST", "uuid": "1431efb9-d8b7-366d-8946-dd4019aa2c6b", "messageBoardId": null, "gmtOffSetMilliseconds": 19800000, "maxAge": 1}, "incomeStatementHistory": {"incomeStatementHistory": [{"maxAge": 1, "endDate": "2020-03-31", "totalRevenue": 324371000, "costOfRevenue": 122491000, "grossProfit": 201880000, "researchDevelopment": {}, "sellingGeneralAdministrative": 96101000, "nonRecurring": {}, "otherOperatingExpenses": 67062000, "totalOperatingExpenses": 293731000, "operatingIncome": 30640000, "totalOtherIncomeExpenseNet": -24573000, "ebit": 30640000, "interestExpense": -19747000, "incomeBeforeTax": 6067000, "incomeTaxExpense": 7153000, "minorityInterest": {}, "netIncomeFromContinuingOps": -1086000, "discontinuedOperations": {}, "extraordinaryItems": {}, "effectOfAccountingCharges": {}, "otherItems": {}, "netIncome": -1086000, "netIncomeApplicableToCommonShares": -1086000}, {"maxAge": 1, "endDate": "2019-03-31", "totalRevenue": 482847000, "costOfRevenue": 254430000, "grossProfit": 228417000, "researchDevelopment": {}, "sellingGeneralAdministrative": 93774000, "nonRecurring": {}, "otherOperatingExpenses": 82366000, "totalOperatingExpenses": 438586000, "operatingIncome": 44261000, "totalOtherIncomeExpenseNet": -25062000, "ebit": 44261000, "interestExpense": -22669000, "incomeBeforeTax": 19199000, "incomeTaxExpense": 8925000, "minorityInterest": {}, "netIncomeFromContinuingOps": 10274000, "discontinuedOperations": {}, "extraordinaryItems": {}, "effectOfAccountingCharges": {}, "otherItems": {}, "netIncome": 10274000, "netIncomeApplicableToCommonShares": 10274000}, {"maxAge": 1, "endDate": "2018-03-31", "totalRevenue": 418265440, "costOfRevenue": 195955018, "grossProfit": 222310422, "researchDevelopment": {}, "sellingGeneralAdministrative": 91556658, "nonRecurring": {}, "otherOperatingExpenses": 76196046, "totalOperatingExpenses": 371139674, "operatingIncome": 47125766, "totalOtherIncomeExpenseNet": -34807408, "ebit": 47125766, "interestExpense": -24180004, "incomeBeforeTax": 12318358, "incomeTaxExpense": 4081736, "minorityInterest": {}, "netIncomeFromContinuingOps": 8236622, "discontinuedOperations": {}, "extraordinaryItems": {}, "effectOfAccountingCharges": {}, "otherItems": {}, "netIncome": 8236622, "netIncomeApplicableToCommonShares": 8236622}, {"maxAge": 1, "endDate": "2017-03-31", "totalRevenue": 418399227, "costOfRevenue": 186955385, "grossProfit": 231443842, "researchDevelopment": {}, "sellingGeneralAdministrative": 73189396, "nonRecurring": {}, "otherOperatingExpenses": 113533005, "totalOperatingExpenses": 386672904, "operatingIncome": 31726323, "totalOtherIncomeExpenseNet": 1143336, "ebit": 31726323, "interestExpense": -26411094, "incomeBeforeTax": 32869659, "incomeTaxExpense": 8657190, "minorityInterest": {}, "netIncomeFromContinuingOps": 24212469, "discontinuedOperations": {}, "extraordinaryItems": {}, "effectOfAccountingCharges": {}, "otherItems": {}, "netIncome": 24212469, "netIncomeApplicableToCommonShares": 24212469}], "maxAge": 86400}, "fundOwnership": {"maxAge": 1, "ownershipList": []}, "summaryDetail": {"maxAge": 1, "priceHint": 2, "previousClose": 248.15, "open": 260.55, "dayLow": 251.7, "dayHigh": 260.55, "regularMarketPreviousClose": 248.15, "regularMarketOpen": 260.55, "regularMarketDayLow": 251.7, "regularMarketDayHigh": 260.55, "volume": 626, "regularMarketVolume": 626, "averageVolume": 274, "averageVolume10days": 1345, "averageDailyVolume10Day": 1345, "bid": 260.55, "ask": 0.0, "bidSize": 0, "askSize": 0, "marketCap": 569744640, "fiftyTwoWeekLow": 55.25, "fiftyTwoWeekHigh": 260.55, "fiftyDayAverage": 141.55588, "twoHundredDayAverage": 89.45993, "currency": "INR", "fromCurrency": null, "toCurrency": null, "lastMarket": null, "algorithm": null, "tradeable": false}, "incomeStatementHistoryQuarterly": {"incomeStatementHistory": [{"maxAge": 1, "endDate": "2020-06-30", "totalRevenue": 47664000, "costOfRevenue": 29460000, "grossProfit": 18204000, "researchDevelopment": {}, "sellingGeneralAdministrative": 20855000, "nonRecurring": {}, "otherOperatingExpenses": 9114000, "totalOperatingExpenses": 61511000, "operatingIncome": -13847000, "totalOtherIncomeExpenseNet": -4028000, "ebit": -13847000, "interestExpense": -4886000, "incomeBeforeTax": -17875000, "incomeTaxExpense": -3849000, "minorityInterest": {}, "netIncomeFromContinuingOps": -14026000, "discontinuedOperations": {}, "extraordinaryItems": {}, "effectOfAccountingCharges": {}, "otherItems": {}, "netIncome": -14026000, "netIncomeApplicableToCommonShares": -14026000}, {"maxAge": 1, "endDate": "2020-03-31", "totalRevenue": 117229000, "costOfRevenue": 62149000, "grossProfit": 55080000, "researchDevelopment": {}, "sellingGeneralAdministrative": 29679000, "nonRecurring": {}, "otherOperatingExpenses": 14745000, "totalOperatingExpenses": 107232000, "operatingIncome": 9997000, "totalOtherIncomeExpenseNet": -9817000, "ebit": 9997000, "interestExpense": -253000, "incomeBeforeTax": 180000, "incomeTaxExpense": 3339000, "minorityInterest": {}, "netIncomeFromContinuingOps": -3159000, "discontinuedOperations": {}, "extraordinaryItems": {}, "effectOfAccountingCharges": {}, "otherItems": {}, "netIncome": -3159000, "netIncomeApplicableToCommonShares": -3159000}, {"maxAge": 1, "endDate": "2019-12-31", "totalRevenue": 89960000, "costOfRevenue": 35460000, "grossProfit": 54500000, "researchDevelopment": {}, "sellingGeneralAdministrative": 20140000, "nonRecurring": {}, "otherOperatingExpenses": 17590000, "totalOperatingExpenses": 75850000, "operatingIncome": 14110000, "totalOtherIncomeExpenseNet": -5620000, "ebit": 14110000, "interestExpense": -7030000, "incomeBeforeTax": 8490000, "incomeTaxExpense": 3600000, "minorityInterest": {}, "netIncomeFromContinuingOps": 4890000, "discontinuedOperations": {}, "extraordinaryItems": {}, "effectOfAccountingCharges": {}, "otherItems": {}, "netIncome": 4890000, "netIncomeApplicableToCommonShares": 4890000}, {"maxAge": 1, "endDate": "2019-09-30", "totalRevenue": 86680000, "costOfRevenue": 32920000, "grossProfit": 53760000, "researchDevelopment": {}, "sellingGeneralAdministrative": 23910000, "nonRecurring": {}, "otherOperatingExpenses": 17380000, "totalOperatingExpenses": 76650000, "operatingIncome": 10030000, "totalOtherIncomeExpenseNet": -5420000, "ebit": 10030000, "interestExpense": -6280000, "incomeBeforeTax": 4610000, "incomeTaxExpense": 1410000, "minorityInterest": {}, "netIncomeFromContinuingOps": 3200000, "discontinuedOperations": {}, "extraordinaryItems": {}, "effectOfAccountingCharges": {}, "otherItems": {}, "netIncome": 3200000, "netIncomeApplicableToCommonShares": 3200000}], "maxAge": 86400}, "cashflowStatementHistoryQuarterly": {"cashflowStatements": [{"maxAge": 1, "endDate": "2020-06-30", "netIncome": -14026000, "changeToLiabilities": 0}, {"maxAge": 1, "endDate": "2020-03-31", "netIncome": -3159000, "changeToLiabilities": 0}, {"maxAge": 1, "endDate": "2019-12-31", "netIncome": 4890000, "changeToLiabilities": 0}, {"maxAge": 1, "endDate": "2019-09-30", "netIncome": 3200000, "changeToLiabilities": 0}], "maxAge": 86400}, "insiderHolders": {"holders": [{"maxAge": 1, "name": "Mohta (Anirudh)", "relation": "Managing Director", "url": "", "transactionDescription": "Other", "latestTransDate": "2014-12-24", "positionDirect": 103260, "positionDirectDate": "2014-12-24"}, {"maxAge": 1, "name": "Mohta (Urmila Devi)", "relation": "Promoter", "url": "", "transactionDescription": "Other", "latestTransDate": "2014-12-24", "positionDirect": 208668, "positionDirectDate": "2014-12-24"}, {"maxAge": 1, "name": "Mohta Capital Pvt Ltd", "relation": "Promoter", "url": "", "transactionDescription": "Other", "latestTransDate": "2014-03-05", "positionDirect": 465606, "positionDirectDate": "2014-03-05"}, {"maxAge": 1, "name": "Sri Ramachandra Enterprises Pvt Ltd", "relation": "Promoter", "url": "", "transactionDescription": "Other", "latestTransDate": "2014-12-24", "positionDirect": 334697, "positionDirectDate": "2014-12-24"}, {"maxAge": 1, "name": "Sungrace Finvest Pvt Ltd", "relation": "Institution- Corporation", "url": "", "transactionDescription": "Other", "latestTransDate": "2014-12-24", "positionDirect": 185000, "positionDirectDate": "2014-12-24"}, {"maxAge": 1, "name": "UD Finnvest Pvt Ltd", "relation": "Promoter", "url": "", "transactionDescription": "Other", "latestTransDate": "2014-05-05", "positionDirect": 218400, "positionDirectDate": "2014-05-05"}], "maxAge": 1}, "calendarEvents": {"maxAge": 1, "earnings": {"earningsDate": ["2020-08-20 05:30:S"]}}, "price": {"maxAge": 1, "regularMarketChangePercent": 0.049969748, "regularMarketChange": 12.399994, "regularMarketTime": "2021-04-30 13:26:12", "priceHint": 2, "regularMarketPrice": 260.55, "regularMarketDayHigh": 260.55, "regularMarketDayLow": 251.7, "regularMarketVolume": 626, "averageDailyVolume10Day": 1345, "averageDailyVolume3Month": 274, "regularMarketPreviousClose": 248.15, "regularMarketSource": "FREE_REALTIME", "regularMarketOpen": 260.55, "exchange": "BSE", "exchangeName": "BSE", "exchangeDataDelayedBy": 0, "marketState": "CLOSED", "quoteType": "EQUITY", "symbol": "BEMHY.BO", "underlyingSymbol": null, "shortName": "BEMCO HYDRAULICS LTD.", "longName": "Bemco Hydraulics Limited", "currency": "INR", "quoteSourceName": "Delayed Quote", "currencySymbol": "\u20b9", "fromCurrency": null, "toCurrency": null, "lastMarket": null, "marketCap": 569744640}, "balanceSheetHistory": {"balanceSheetStatements": [{"maxAge": 1, "endDate": "2020-03-31", "cash": 5624000, "netReceivables": 111731000, "inventory": 251672000, "otherCurrentAssets": 17622000, "totalCurrentAssets": 388779000, "longTermInvestments": 1550000, "propertyPlantEquipment": 439243000, "intangibleAssets": 4890000, "otherAssets": 19130000, "totalAssets": 853592000, "accountsPayable": 103169000, "shortLongTermDebt": 30171000, "otherCurrentLiab": 84342000, "longTermDebt": 60689000, "otherLiab": 76240000, "totalCurrentLiabilities": 382764000, "totalLiab": 519693000, "commonStock": 21867000, "retainedEarnings": -12581000, "treasuryStock": 279781000, "capitalSurplus": 44832000, "otherStockholderEquity": 279781000, "totalStockholderEquity": 333899000, "netTangibleAssets": 329009000}, {"maxAge": 1, "endDate": "2019-03-31", "cash": 621000, "netReceivables": 140140000, "inventory": 187086000, "otherCurrentAssets": 12697000, "totalCurrentAssets": 343032000, "longTermInvestments": 2152000, "propertyPlantEquipment": 443137000, "intangibleAssets": 6017000, "otherAssets": 17848000, "totalAssets": 812186000, "accountsPayable": 127636000, "shortLongTermDebt": 30050000, "otherCurrentLiab": 73456000, "longTermDebt": 63532000, "otherLiab": 72873000, "totalCurrentLiabilities": 339088000, "totalLiab": 475493000, "commonStock": 21867000, "retainedEarnings": -9850000, "treasuryStock": 279844000, "capitalSurplus": 44832000, "otherStockholderEquity": 279844000, "totalStockholderEquity": 336693000, "netTangibleAssets": 330676000}, {"maxAge": 1, "endDate": "2018-03-31", "cash": 1942107, "netReceivables": 107590049, "inventory": 201762147, "otherCurrentAssets": 32435737, "totalCurrentAssets": 347139047, "longTermInvestments": 2261473, "propertyPlantEquipment": 438337850, "intangibleAssets": 7228142, "otherAssets": 6735746, "totalAssets": 801702258, "accountsPayable": 112385312, "shortLongTermDebt": 27089295, "otherCurrentLiab": 56023649, "longTermDebt": 66074360, "otherLiab": 66398231, "totalCurrentLiabilities": 342273136, "totalLiab": 474745727, "commonStock": 21867000, "retainedEarnings": -21294270, "treasuryStock": 281552101, "capitalSurplus": 44831700, "otherStockholderEquity": 281552101, "totalStockholderEquity": 326956531, "netTangibleAssets": 319728389}, {"maxAge": 1, "endDate": "2017-03-31", "cash": 3690908, "netReceivables": 128023150, "inventory": 214054821, "otherCurrentAssets": 16685184, "totalCurrentAssets": 365587429, "longTermInvestments": 2054411, "propertyPlantEquipment": 425512190, "intangibleAssets": 5318754, "otherAssets": 16346547, "totalAssets": 814819331, "accountsPayable": 107509765, "shortLongTermDebt": 22094031, "otherCurrentLiab": 78197208, "longTermDebt": 65908566, "otherLiab": 69338430, "totalCurrentLiabilities": 362835956, "totalLiab": 498082952, "commonStock": 21867000, "retainedEarnings": -30326459, "treasuryStock": 280364138, "capitalSurplus": 44831700, "otherStockholderEquity": 280364138, "totalStockholderEquity": 316736379, "netTangibleAssets": 311417625}], "maxAge": 86400}, "financialData": {"maxAge": 86400, "currentPrice": 260.55, "recommendationKey": "none", "grossProfits": 201880000, "financialCurrency": "INR"}}}