{"BEML.BO": {"recommendationTrend": {"trend": [{"period": "0m", "strongBuy": 0, "buy": 0, "hold": 0, "sell": 0, "strongSell": 0}, {"period": "-1m", "strongBuy": 0, "buy": 0, "hold": 0, "sell": 0, "strongSell": 0}, {"period": "-2m", "strongBuy": 0, "buy": 0, "hold": 0, "sell": 0, "strongSell": 0}, {"period": "-3m", "strongBuy": 0, "buy": 0, "hold": 0, "sell": 0, "strongSell": 0}], "maxAge": 86400}, "cashflowStatementHistory": {"cashflowStatements": [{"maxAge": 1, "endDate": "2020-03-31", "netIncome": 638452000, "depreciation": 680145000, "changeToNetincome": -913850000, "changeToAccountReceivables": 2695371000, "changeToLiabilities": -1015819000, "changeToInventory": -3069363000, "changeToOperatingActivities": 1995528000, "totalCashFromOperatingActivities": 1058389000, "capitalExpenditures": -521495000, "otherCashflowsFromInvestingActivities": 8449000, "totalCashflowsFromInvestingActivities": -512823000, "dividendsPaid": -208224000, "netBorrowings": -14606000, "otherCashflowsFromFinancingActivities": 252119000, "totalCashFromFinancingActivities": 29289000, "changeInCash": 574856000}, {"maxAge": 1, "endDate": "2019-03-31", "netIncome": 631811000, "depreciation": 707262000, "changeToNetincome": 509657000, "changeToAccountReceivables": -4115898000, "changeToLiabilities": 2264803000, "changeToInventory": 822601000, "changeToOperatingActivities": 1743682000, "totalCashFromOperatingActivities": 2568191000, "capitalExpenditures": -606084000, "otherCashflowsFromInvestingActivities": 19069000, "totalCashflowsFromInvestingActivities": -624314000, "dividendsPaid": -628976000, "netBorrowings": -60971000, "otherCashflowsFromFinancingActivities": -601992000, "totalCashFromFinancingActivities": -1291939000, "changeInCash": 651938000}, {"maxAge": 1, "endDate": "2018-03-31", "netIncome": 1296686000, "depreciation": 653917000, "changeToNetincome": 1545243000, "changeToAccountReceivables": -2024571000, "changeToLiabilities": 374824000, "changeToInventory": 1575454000, "changeToOperatingActivities": -2131338000, "totalCashFromOperatingActivities": 1297360000, "capitalExpenditures": -583133000, "otherCashflowsFromInvestingActivities": 33677000, "totalCashflowsFromInvestingActivities": -618752000, "dividendsPaid": -400979000, "netBorrowings": -123156000, "otherCashflowsFromFinancingActivities": -482526000, "totalCashFromFinancingActivities": -1006661000, "changeInCash": -328053000}, {"maxAge": 1, "endDate": "2017-03-31", "netIncome": 847617000, "depreciation": 628003000, "changeToNetincome": 1507669000, "changeToAccountReceivables": -2748393000, "changeToLiabilities": 860280000, "changeToInventory": -2880991000, "changeToOperatingActivities": 3867535000, "totalCashFromOperatingActivities": 2086321000, "capitalExpenditures": -642899000, "otherCashflowsFromInvestingActivities": 49809000, "totalCashflowsFromInvestingActivities": -594426000, "dividendsPaid": -200489000, "netBorrowings": -910618000, "otherCashflowsFromFinancingActivities": -491690000, "totalCashFromFinancingActivities": -1602797000, "changeInCash": -110902000}], "maxAge": 86400}, "institutionOwnership": {"maxAge": 1, "ownershipList": []}, "balanceSheetHistoryQuarterly": {"balanceSheetStatements": [{"maxAge": 1, "endDate": "2020-06-30", "totalStockholderEquity": 22527700000, "netTangibleAssets": 22099600000}, {"maxAge": 1, "endDate": "2020-03-31", "cash": 273432000, "netReceivables": 19297425000, "inventory": 20077218000, "otherCurrentAssets": 1501692000, "totalCurrentAssets": 41626262000, "longTermInvestments": 4000, "propertyPlantEquipment": 5935010000, "intangibleAssets": 428120000, "otherAssets": 2728162000, "deferredLongTermAssetCharges": 2083968000, "totalAssets": 50717558000, "accountsPayable": 6647445000, "shortLongTermDebt": 1014948000, "otherCurrentLiab": 3305070000, "longTermDebt": 2014948000, "otherLiab": 11703314000, "minorityInterest": 375000, "totalCurrentLiabilities": 14471192000, "totalLiab": 28189454000, "commonStock": 416445000, "retainedEarnings": 16729464000, "treasuryStock": -738589000, "capitalSurplus": 6120409000, "otherStockholderEquity": -738589000, "totalStockholderEquity": 22527729000, "netTangibleAssets": 22099609000}, {"maxAge": 1, "endDate": "2019-12-31", "totalStockholderEquity": 20474500000, "netTangibleAssets": 20044500000}, {"maxAge": 1, "endDate": "2019-09-30", "cash": 396800000, "shortTermInvestments": 64000000, "netReceivables": 16952000000, "inventory": 18502600000, "otherCurrentAssets": 2337100000, "totalCurrentAssets": 38252500000, "propertyPlantEquipment": 6060600000, "intangibleAssets": 430000000, "otherAssets": 1799100000, "deferredLongTermAssetCharges": 1178800000, "totalAssets": 46542200000, "accountsPayable": 6818400000, "otherCurrentLiab": 10488500000, "longTermDebt": 3022300000, "otherLiab": 5061300000, "minorityInterest": 1200000, "totalCurrentLiabilities": 17982900000, "totalLiab": 26066500000, "commonStock": 417700000, "treasuryStock": 20056800000, "otherStockholderEquity": 20056800000, "totalStockholderEquity": 20474500000, "netTangibleAssets": 20044500000}], "maxAge": 86400}, "earningsHistory": {"history": [{"maxAge": 1, "epsActual": {}, "epsEstimate": {}, "epsDifference": {}, "surprisePercent": {}, "quarter": {}, "period": "-4q"}, {"maxAge": 1, "epsActual": {}, "epsEstimate": {}, "epsDifference": {}, "surprisePercent": {}, "quarter": {}, "period": "-3q"}, {"maxAge": 1, "epsActual": {}, "epsEstimate": {}, "epsDifference": {}, "surprisePercent": {}, "quarter": {}, "period": "-2q"}, {"maxAge": 1, "epsActual": {}, "epsEstimate": {}, "epsDifference": {}, "surprisePercent": {}, "quarter": {}, "period": "-1q"}], "maxAge": 86400}, "indexTrend": {"maxAge": 1, "symbol": "SP5", "peRatio": 19.7411, "pegRatio": 1.34172, "estimates": [{"period": "0q", "growth": 0.549}, {"period": "+1q", "growth": 0.431}, {"period": "0y", "growth": 0.305}, {"period": "+1y", "growth": 0.109}, {"period": "+5y", "growth": 0.120865}, {"period": "-5y"}]}, "industryTrend": {"maxAge": 1, "symbol": null, "estimates": []}, "insiderTransactions": {"transactions": [{"maxAge": 1, "shares": 1007880, "filerUrl": "", "transactionText": "", "filerName": "Land Mutual Fund Trustee Ltd- L & T Infrastructure Fund", "filerRelation": "Promoter", "moneyText": "", "startDate": "2020-04-15", "ownership": "D"}], "maxAge": 1}, "quoteType": {"exchange": "BSE", "quoteType": "EQUITY", "symbol": "BEML.BO", "underlyingSymbol": "BEML.BO", "shortName": "BEML LTD.", "longName": "BEML Limited", "firstTradeDateEpochUtc": "2000-01-03 09:15:00", "timeZoneFullName": "Asia/Kolkata", "timeZoneShortName": "IST", "uuid": "e90cd77a-cca1-3624-b98a-c981e803cf38", "messageBoardId": null, "gmtOffSetMilliseconds": 19800000, "maxAge": 1}, "incomeStatementHistory": {"incomeStatementHistory": [{"maxAge": 1, "endDate": "2020-03-31", "totalRevenue": 30262628000, "costOfRevenue": 16505517000, "grossProfit": 13757111000, "researchDevelopment": {}, "sellingGeneralAdministrative": 8657254000, "nonRecurring": {}, "otherOperatingExpenses": 4063271000, "totalOperatingExpenses": 29949839000, "operatingIncome": 312789000, "totalOtherIncomeExpenseNet": -119141000, "ebit": 312789000, "interestExpense": -383148000, "incomeBeforeTax": 193648000, "incomeTaxExpense": -443199000, "minorityInterest": 375000, "netIncomeFromContinuingOps": 636847000, "discontinuedOperations": {}, "extraordinaryItems": {}, "effectOfAccountingCharges": {}, "otherItems": {}, "netIncome": 638452000, "netIncomeApplicableToCommonShares": 638452000}, {"maxAge": 1, "endDate": "2019-03-31", "totalRevenue": 34750703000, "costOfRevenue": 20384866000, "grossProfit": 14365837000, "researchDevelopment": {}, "sellingGeneralAdministrative": 8247895000, "nonRecurring": {}, "otherOperatingExpenses": 3695920000, "totalOperatingExpenses": 33035943000, "operatingIncome": 1714760000, "totalOtherIncomeExpenseNet": -410284000, "ebit": 1714760000, "interestExpense": -594528000, "incomeBeforeTax": 1304476000, "incomeTaxExpense": 672859000, "minorityInterest": 1980000, "netIncomeFromContinuingOps": 631617000, "discontinuedOperations": {}, "extraordinaryItems": {}, "effectOfAccountingCharges": {}, "otherItems": {}, "netIncome": 631811000, "netIncomeApplicableToCommonShares": 631811000}, {"maxAge": 1, "endDate": "2018-03-31", "totalRevenue": 32394855000, "costOfRevenue": 17364471000, "grossProfit": 15030384000, "researchDevelopment": {}, "sellingGeneralAdministrative": 8307111000, "nonRecurring": {}, "otherOperatingExpenses": 4151850000, "totalOperatingExpenses": 30489340000, "operatingIncome": 1905515000, "totalOtherIncomeExpenseNet": -264902000, "ebit": 1905515000, "interestExpense": -480133000, "incomeBeforeTax": 1640613000, "incomeTaxExpense": 343845000, "minorityInterest": 2174000, "netIncomeFromContinuingOps": 1296768000, "discontinuedOperations": {}, "extraordinaryItems": {}, "effectOfAccountingCharges": {}, "otherItems": {}, "netIncome": 1296686000, "netIncomeApplicableToCommonShares": 1296686000}, {"maxAge": 1, "endDate": "2017-03-31", "totalRevenue": 24948602000, "costOfRevenue": 9333138000, "grossProfit": 15615464000, "researchDevelopment": {}, "sellingGeneralAdministrative": 8013944000, "nonRecurring": {}, "otherOperatingExpenses": 5911772000, "totalOperatingExpenses": 23888380000, "operatingIncome": 1060222000, "totalOtherIncomeExpenseNet": -77409000, "ebit": 1060222000, "interestExpense": -474362000, "incomeBeforeTax": 982813000, "incomeTaxExpense": 135008000, "minorityInterest": 2092000, "netIncomeFromContinuingOps": 847805000, "discontinuedOperations": {}, "extraordinaryItems": {}, "effectOfAccountingCharges": {}, "otherItems": {}, "netIncome": 847617000, "netIncomeApplicableToCommonShares": 847617000}], "maxAge": 86400}, "fundOwnership": {"maxAge": 1, "ownershipList": [{"maxAge": 1, "reportDate": "2020-07-31", "organization": "DFA Emerging Markets Core Equity Portfolio", "pctHeld": 0.0027, "position": 111713, "value": 71541005}, {"maxAge": 1, "reportDate": "2020-07-31", "organization": "DFA Investment Dimensions-DFA Emerging Mkts Value", "pctHeld": 0.0023, "position": 94733, "value": 60667013}, {"maxAge": 1, "reportDate": "2020-07-31", "organization": "DFA Emerging Markets Small Cap Series", "pctHeld": 0.0017, "position": 69290, "value": 44373316}, {"maxAge": 1, "reportDate": "2020-09-30", "organization": "SPDR (R) Idx Shares-SPDR (R) S&P (R) Emerging Asia Pacific ETF", "pctHeld": 0.0002, "position": 8287, "value": 5059213}, {"maxAge": 1, "reportDate": "2020-07-31", "organization": "DFA Investment Dimensions-Emerging Markets Social Core Equity", "pctHeld": 0.0001, "position": 5626, "value": 3602890}, {"maxAge": 1, "reportDate": "2020-07-31", "organization": "DFA T.A. World Ex U.S. Core Equity Portfolio", "pctHeld": 0.0001, "position": 5064, "value": 3242985}, {"maxAge": 1, "reportDate": "2020-07-31", "organization": "DFA Investment Dimensions-World Ex U.S. Core Equity Port", "pctHeld": 0.0001, "position": 2678, "value": 1714991}]}, "summaryDetail": {"maxAge": 1, "priceHint": 2, "previousClose": 1165.25, "open": 1157.0, "dayLow": 1149.8, "dayHigh": 1207.3, "regularMarketPreviousClose": 1165.25, "regularMarketOpen": 1157.0, "regularMarketDayLow": 1149.8, "regularMarketDayHigh": 1207.3, "trailingPE": 174.13406, "volume": 44491, "regularMarketVolume": 44491, "averageVolume": 49818, "averageVolume10days": 47362, "averageDailyVolume10Day": 47362, "bid": 1157.05, "ask": 1166.35, "bidSize": 0, "askSize": 0, "marketCap": 48572059648, "fiftyTwoWeekLow": 369.6, "fiftyTwoWeekHigh": 1207.3, "fiftyDayAverage": 955.1557, "twoHundredDayAverage": 758.0606, "trailingAnnualDividendRate": 6.0, "trailingAnnualDividendYield": 0.0051491098, "currency": "INR", "fromCurrency": null, "toCurrency": null, "lastMarket": null, "algorithm": null, "tradeable": false}, "sectorTrend": {"maxAge": 1, "symbol": null, "estimates": []}, "incomeStatementHistoryQuarterly": {"incomeStatementHistory": [{"maxAge": 1, "endDate": "2020-06-30", "totalRevenue": 3904500000, "costOfRevenue": 2094300000, "grossProfit": 1810200000, "researchDevelopment": {}, "sellingGeneralAdministrative": 2193200000, "nonRecurring": {}, "otherOperatingExpenses": 798800000, "totalOperatingExpenses": 5267800000, "operatingIncome": -1363300000, "totalOtherIncomeExpenseNet": 23300000, "ebit": -1363300000, "interestExpense": -100000000, "incomeBeforeTax": -1340000000, "incomeTaxExpense": 0, "minorityInterest": {}, "netIncomeFromContinuingOps": -1340000000, "discontinuedOperations": {}, "extraordinaryItems": {}, "effectOfAccountingCharges": {}, "otherItems": {}, "netIncome": -1340000000, "netIncomeApplicableToCommonShares": -1340000000}, {"maxAge": 1, "endDate": "2020-03-31", "totalRevenue": 10662828000, "costOfRevenue": 5855217000, "grossProfit": 4807611000, "researchDevelopment": {}, "sellingGeneralAdministrative": 2479454000, "nonRecurring": {}, "otherOperatingExpenses": 705171000, "totalOperatingExpenses": 9218339000, "operatingIncome": 1444489000, "totalOtherIncomeExpenseNet": -39141000, "ebit": 1444489000, "interestExpense": -73848000, "incomeBeforeTax": 1405348000, "incomeTaxExpense": -443199000, "minorityInterest": 375000, "netIncomeFromContinuingOps": 1848547000, "discontinuedOperations": {}, "extraordinaryItems": {}, "effectOfAccountingCharges": {}, "otherItems": {}, "netIncome": 1850152000, "netIncomeApplicableToCommonShares": 1850152000}, {"maxAge": 1, "endDate": "2019-12-31", "totalRevenue": 6928500000, "costOfRevenue": 3478500000, "grossProfit": 3450000000, "researchDevelopment": {}, "sellingGeneralAdministrative": 2086000000, "nonRecurring": {}, "otherOperatingExpenses": 1105200000, "totalOperatingExpenses": 6851300000, "operatingIncome": 77200000, "totalOtherIncomeExpenseNet": -34800000, "ebit": 77200000, "interestExpense": -97800000, "incomeBeforeTax": 42400000, "incomeTaxExpense": 0, "minorityInterest": 375000, "netIncomeFromContinuingOps": 42400000, "discontinuedOperations": {}, "extraordinaryItems": {}, "effectOfAccountingCharges": {}, "otherItems": {}, "netIncome": 42400000, "netIncomeApplicableToCommonShares": 42400000}, {"maxAge": 1, "endDate": "2019-09-30", "totalRevenue": 6871100000, "costOfRevenue": 3633200000, "grossProfit": 3237900000, "researchDevelopment": {}, "sellingGeneralAdministrative": 2060900000, "nonRecurring": {}, "otherOperatingExpenses": 1249600000, "totalOperatingExpenses": 7124700000, "operatingIncome": -253600000, "totalOtherIncomeExpenseNet": -18400000, "ebit": -253600000, "interestExpense": -94300000, "incomeBeforeTax": -272000000, "incomeTaxExpense": 0, "minorityInterest": 1200000, "netIncomeFromContinuingOps": -272000000, "discontinuedOperations": {}, "extraordinaryItems": {}, "effectOfAccountingCharges": {}, "otherItems": {}, "netIncome": -272000000, "netIncomeApplicableToCommonShares": -272000000}], "maxAge": 86400}, "cashflowStatementHistoryQuarterly": {"cashflowStatements": [{"maxAge": 1, "endDate": "2020-06-30", "netIncome": -1340000000, "changeToLiabilities": 0}, {"maxAge": 1, "endDate": "2020-03-31", "netIncome": 1850152000, "changeToLiabilities": 0}, {"maxAge": 1, "endDate": "2019-12-31", "netIncome": 42400000, "changeToLiabilities": 0}, {"maxAge": 1, "endDate": "2019-09-30", "netIncome": -272000000, "changeToLiabilities": 0}], "maxAge": 86400}, "insiderHolders": {"holders": [{"maxAge": 1, "name": "Land Mutual Fund Trustee Ltd- L & T Infrastructure Fund", "relation": "Promoter", "url": "", "transactionDescription": "Sale", "latestTransDate": "2020-04-15", "positionDirect": 1120209, "positionDirectDate": "2020-04-15"}], "maxAge": 1}, "earnings": {"maxAge": 86400, "earningsChart": {"quarterly": [], "earningsDate": ["2020-08-07 05:30:S"]}, "financialsChart": {"yearly": [{"date": 2017, "revenue": 24948602000, "earnings": 847617000}, {"date": 2018, "revenue": 32394855000, "earnings": 1296686000}, {"date": 2019, "revenue": 34750703000, "earnings": 631811000}, {"date": 2020, "revenue": 30262628000, "earnings": 638452000}], "quarterly": [{"date": "3Q2019", "revenue": 6871100000, "earnings": -272000000}, {"date": "4Q2019", "revenue": 6928500000, "earnings": 42400000}, {"date": "1Q2020", "revenue": 10662828000, "earnings": 1850152000}, {"date": "2Q2020", "revenue": 3904500000, "earnings": -1340000000}]}, "financialCurrency": "INR"}, "calendarEvents": {"maxAge": 1, "earnings": {"earningsDate": ["2020-08-07 05:30:S"]}}, "price": {"maxAge": 1, "regularMarketChangePercent": 0.0009439825, "regularMarketChange": 1.0999756, "regularMarketTime": "2021-04-30 15:40:03", "priceHint": 2, "regularMarketPrice": 1166.35, "regularMarketDayHigh": 1207.3, "regularMarketDayLow": 1149.8, "regularMarketVolume": 44491, "averageDailyVolume10Day": 47362, "averageDailyVolume3Month": 49818, "regularMarketPreviousClose": 1165.25, "regularMarketSource": "FREE_REALTIME", "regularMarketOpen": 1157.0, "exchange": "BSE", "exchangeName": "BSE", "exchangeDataDelayedBy": 0, "marketState": "CLOSED", "quoteType": "EQUITY", "symbol": "BEML.BO", "underlyingSymbol": null, "shortName": "BEML LTD.", "longName": "BEML Limited", "currency": "INR", "quoteSourceName": "Delayed Quote", "currencySymbol": "\u20b9", "fromCurrency": null, "toCurrency": null, "lastMarket": null, "marketCap": 48572059648}, "balanceSheetHistory": {"balanceSheetStatements": [{"maxAge": 1, "endDate": "2020-03-31", "cash": 273432000, "netReceivables": 19297425000, "inventory": 20077218000, "otherCurrentAssets": 1501692000, "totalCurrentAssets": 41626262000, "longTermInvestments": 4000, "propertyPlantEquipment": 5935010000, "intangibleAssets": 428120000, "otherAssets": 2728162000, "deferredLongTermAssetCharges": 2083968000, "totalAssets": 50717558000, "accountsPayable": 6647445000, "shortLongTermDebt": 1014948000, "otherCurrentLiab": 3305070000, "longTermDebt": 2014948000, "otherLiab": 11703314000, "minorityInterest": 375000, "totalCurrentLiabilities": 14471192000, "totalLiab": 28189454000, "commonStock": 416445000, "retainedEarnings": 16729464000, "treasuryStock": -738589000, "capitalSurplus": 6120409000, "otherStockholderEquity": -738589000, "totalStockholderEquity": 22527729000, "netTangibleAssets": 22099609000}, {"maxAge": 1, "endDate": "2019-03-31", "cash": 223707000, "netReceivables": 21997425000, "inventory": 17095142000, "otherCurrentAssets": 1971814000, "totalCurrentAssets": 41748284000, "longTermInvestments": 4000, "propertyPlantEquipment": 6095186000, "intangibleAssets": 468136000, "otherAssets": 1812290000, "deferredLongTermAssetCharges": 1178823000, "totalAssets": 50123900000, "accountsPayable": 7669748000, "shortLongTermDebt": 14834000, "otherCurrentLiab": 7099886000, "longTermDebt": 3029668000, "otherLiab": 5095946000, "minorityInterest": 1980000, "totalCurrentLiabilities": 20122598000, "totalLiab": 28248212000, "commonStock": 416445000, "retainedEarnings": 15640013000, "treasuryStock": -303159000, "capitalSurplus": 6120409000, "otherStockholderEquity": -303159000, "totalStockholderEquity": 21873708000, "netTangibleAssets": 21405572000}, {"maxAge": 1, "endDate": "2018-03-31", "cash": 20851000, "netReceivables": 18019381000, "inventory": 18072096000, "otherCurrentAssets": 1341519000, "totalCurrentAssets": 37977058000, "longTermInvestments": 4000, "propertyPlantEquipment": 6106519000, "intangibleAssets": 520139000, "otherAssets": 2247367000, "deferredLongTermAssetCharges": 1384879000, "totalAssets": 46851087000, "accountsPayable": 5400538000, "shortLongTermDebt": 60620000, "otherCurrentLiab": 5176921000, "longTermDebt": 3044853000, "otherLiab": 5001174000, "minorityInterest": 2174000, "totalCurrentLiabilities": 16791795000, "totalLiab": 24837822000, "commonStock": 416445000, "retainedEarnings": 15644045000, "treasuryStock": -169808000, "capitalSurplus": 6120409000, "otherStockholderEquity": -169808000, "totalStockholderEquity": 22011091000, "netTangibleAssets": 21490952000}, {"maxAge": 1, "endDate": "2017-03-31", "cash": 145393000, "netReceivables": 15785677000, "inventory": 19794205000, "otherCurrentAssets": 1918721000, "totalCurrentAssets": 38188354000, "longTermInvestments": 4000, "propertyPlantEquipment": 6103679000, "intangibleAssets": 524226000, "otherAssets": 2239556000, "deferredLongTermAssetCharges": 1113382000, "totalAssets": 47055819000, "accountsPayable": 5011591000, "shortLongTermDebt": 123399000, "otherCurrentLiab": 7460824000, "longTermDebt": 3105230000, "otherLiab": 5172734000, "minorityInterest": 2092000, "totalCurrentLiabilities": 16951994000, "totalLiab": 25229958000, "commonStock": 416445000, "retainedEarnings": 14748337000, "treasuryStock": 538578000, "capitalSurplus": 6120409000, "otherStockholderEquity": 538578000, "totalStockholderEquity": 21823769000, "netTangibleAssets": 21299543000}], "maxAge": 86400}, "earningsTrend": {"trend": [{"maxAge": 1, "period": "0q", "endDate": null, "growth": {}, "earningsEstimate": {"avg": 0.0, "low": 0.0, "high": 0.0, "yearAgoEps": {}, "numberOfAnalysts": 0, "growth": {}}, "revenueEstimate": {"avg": 0, "low": 0, "high": 0, "numberOfAnalysts": 0, "yearAgoRevenue": {}, "growth": {}}, "epsTrend": {"current": 0.0, "7daysAgo": 0.0, "30daysAgo": 0.0, "60daysAgo": 0.0, "90daysAgo": 0.0}, "epsRevisions": {"upLast7days": 0, "upLast30days": 0, "downLast30days": 0, "downLast90days": {}}}, {"maxAge": 1, "period": "+1q", "endDate": null, "growth": {}, "earningsEstimate": {"avg": 0.0, "low": 0.0, "high": 0.0, "yearAgoEps": {}, "numberOfAnalysts": 0, "growth": {}}, "revenueEstimate": {"avg": 0, "low": 0, "high": 0, "numberOfAnalysts": 0, "yearAgoRevenue": {}, "growth": {}}, "epsTrend": {"current": 0.0, "7daysAgo": 0.0, "30daysAgo": 0.0, "60daysAgo": 0.0, "90daysAgo": 0.0}, "epsRevisions": {"upLast7days": 0, "upLast30days": 0, "downLast30days": 0, "downLast90days": {}}}, {"maxAge": 1, "period": "0y", "endDate": null, "growth": {}, "earningsEstimate": {"avg": 0.0, "low": 0.0, "high": 0.0, "yearAgoEps": {}, "numberOfAnalysts": 0, "growth": {}}, "revenueEstimate": {"avg": 0, "low": 0, "high": 0, "numberOfAnalysts": 0, "yearAgoRevenue": {}, "growth": {}}, "epsTrend": {"current": 0.0, "7daysAgo": 0.0, "30daysAgo": 0.0, "60daysAgo": 0.0, "90daysAgo": 0.0}, "epsRevisions": {"upLast7days": 0, "upLast30days": 0, "downLast30days": 0, "downLast90days": {}}}, {"maxAge": 1, "period": "+1y", "endDate": null, "growth": {}, "earningsEstimate": {"avg": 0.0, "low": 0.0, "high": 0.0, "yearAgoEps": {}, "numberOfAnalysts": 0, "growth": {}}, "revenueEstimate": {"avg": 0, "low": 0, "high": 0, "numberOfAnalysts": 0, "yearAgoRevenue": {}, "growth": {}}, "epsTrend": {"current": 0.0, "7daysAgo": 0.0, "30daysAgo": 0.0, "60daysAgo": 0.0, "90daysAgo": 0.0}, "epsRevisions": {"upLast7days": 0, "upLast30days": 0, "downLast30days": 0, "downLast90days": {}}}, {"maxAge": 1, "period": "+5y", "endDate": null, "growth": {}, "earningsEstimate": {"avg": {}, "low": {}, "high": {}, "yearAgoEps": {}, "numberOfAnalysts": {}, "growth": {}}, "revenueEstimate": {"avg": {}, "low": {}, "high": {}, "numberOfAnalysts": {}, "yearAgoRevenue": {}, "growth": {}}, "epsTrend": {"current": {}, "7daysAgo": {}, "30daysAgo": {}, "60daysAgo": {}, "90daysAgo": {}}, "epsRevisions": {"upLast7days": {}, "upLast30days": {}, "downLast30days": {}, "downLast90days": {}}}, {"maxAge": 1, "period": "-5y", "endDate": null, "growth": {}, "earningsEstimate": {"avg": {}, "low": {}, "high": {}, "yearAgoEps": {}, "numberOfAnalysts": {}, "growth": {}}, "revenueEstimate": {"avg": {}, "low": {}, "high": {}, "numberOfAnalysts": {}, "yearAgoRevenue": {}, "growth": {}}, "epsTrend": {"current": {}, "7daysAgo": {}, "30daysAgo": {}, "60daysAgo": {}, "90daysAgo": {}}, "epsRevisions": {"upLast7days": {}, "upLast30days": {}, "downLast30days": {}, "downLast90days": {}}}], "maxAge": 1}, "financialData": {"maxAge": 86400, "currentPrice": 1166.35, "targetHighPrice": 1600.0, "targetLowPrice": 1010.0, "targetMeanPrice": 1305.0, "targetMedianPrice": 1305.0, "recommendationKey": "none", "numberOfAnalystOpinions": 2, "grossProfits": 13757111000, "financialCurrency": "INR"}}}