{"BENARAS.BO": {"recommendationTrend": {"trend": [{"period": "0m", "strongBuy": 0, "buy": 0, "hold": 0, "sell": 0, "strongSell": 0}, {"period": "-1m", "strongBuy": 0, "buy": 0, "hold": 0, "sell": 0, "strongSell": 0}, {"period": "-2m", "strongBuy": 0, "buy": 0, "hold": 0, "sell": 0, "strongSell": 0}, {"period": "-3m", "strongBuy": 0, "buy": 0, "hold": 0, "sell": 0, "strongSell": 0}], "maxAge": 86400}, "cashflowStatementHistory": {"cashflowStatements": [{"maxAge": 1, "endDate": "2020-03-31", "netIncome": 106120000, "depreciation": 61565000, "changeToNetincome": 11983000, "changeToAccountReceivables": -1328000, "changeToLiabilities": -12591000, "changeToInventory": 2287000, "changeToOperatingActivities": -2654000, "totalCashFromOperatingActivities": 167626000, "capitalExpenditures": -151770000, "investments": 12702000, "otherCashflowsFromInvestingActivities": 1764000, "totalCashflowsFromInvestingActivities": -132297000, "dividendsPaid": -19500000, "netBorrowings": 2280000, "otherCashflowsFromFinancingActivities": -11139000, "totalCashFromFinancingActivities": -28359000, "changeInCash": 6970000}, {"maxAge": 1, "endDate": "2019-03-31", "netIncome": 87229000, "depreciation": 50135000, "changeToNetincome": 10715000, "changeToAccountReceivables": -3122000, "changeToLiabilities": 8377000, "changeToInventory": -346000, "changeToOperatingActivities": 2193000, "totalCashFromOperatingActivities": 157334000, "capitalExpenditures": -167556000, "investments": -1997000, "otherCashflowsFromInvestingActivities": 2479000, "totalCashflowsFromInvestingActivities": -163437000, "dividendsPaid": -19500000, "netBorrowings": 2280000, "otherCashflowsFromFinancingActivities": -11346000, "totalCashFromFinancingActivities": -30846000, "changeInCash": -36949000}, {"maxAge": 1, "endDate": "2018-03-31", "netIncome": 64829000, "depreciation": 27465000, "changeToNetincome": -6493000, "changeToAccountReceivables": 417000, "changeToLiabilities": 11167000, "changeToInventory": -977000, "changeToOperatingActivities": -11732000, "totalCashFromOperatingActivities": 87052000, "capitalExpenditures": -283438000, "investments": 89839000, "otherCashflowsFromInvestingActivities": 108057000, "totalCashflowsFromInvestingActivities": -81912000, "dividendsPaid": -19500000, "netBorrowings": 50000000, "otherCashflowsFromFinancingActivities": -5080000, "totalCashFromFinancingActivities": 25420000, "changeInCash": 30560000}, {"maxAge": 1, "endDate": "2017-03-31", "netIncome": 68169000, "depreciation": 25822000, "changeToNetincome": 17595000, "changeToAccountReceivables": -5506000, "changeToLiabilities": 10464000, "changeToInventory": 216000, "changeToOperatingActivities": -10260000, "totalCashFromOperatingActivities": 108459000, "capitalExpenditures": -31951000, "investments": -52907000, "otherCashflowsFromInvestingActivities": -35276000, "totalCashflowsFromInvestingActivities": -119732000, "dividendsPaid": -26000000, "netBorrowings": 50000000, "otherCashflowsFromFinancingActivities": -5293000, "totalCashFromFinancingActivities": -31293000, "changeInCash": -42567000}], "maxAge": 86400}, "institutionOwnership": {"maxAge": 1, "ownershipList": []}, "balanceSheetHistoryQuarterly": {"balanceSheetStatements": [{"maxAge": 1, "endDate": "2020-06-30", "totalStockholderEquity": 783128000, "netTangibleAssets": 775984000}, {"maxAge": 1, "endDate": "2020-03-31", "cash": 18172000, "netReceivables": 67352000, "inventory": 10536000, "otherCurrentAssets": 8398000, "totalCurrentAssets": 109066000, "propertyPlantEquipment": 899771000, "intangibleAssets": 7144000, "otherAssets": 31978000, "totalAssets": 1047959000, "accountsPayable": 42148000, "otherCurrentLiab": 39356000, "otherLiab": 60133000, "totalCurrentLiabilities": 169772000, "totalLiab": 264831000, "commonStock": 13000000, "retainedEarnings": 770042000, "treasuryStock": 86000, "otherStockholderEquity": 86000, "totalStockholderEquity": 783128000, "netTangibleAssets": 775984000}, {"maxAge": 1, "endDate": "2019-12-31", "totalStockholderEquity": 688541000, "netTangibleAssets": 680414000}, {"maxAge": 1, "endDate": "2019-09-30", "cash": 11838000, "shortTermInvestments": 7293000, "netReceivables": 23495000, "inventory": 10753000, "otherCurrentAssets": 8696000, "totalCurrentAssets": 62075000, "propertyPlantEquipment": 878988000, "intangibleAssets": 8127000, "otherAssets": 49334000, "totalAssets": 998524000, "accountsPayable": 42104000, "otherCurrentLiab": 74284000, "otherLiab": 58224000, "totalCurrentLiabilities": 217251000, "totalLiab": 309983000, "commonStock": 13000000, "treasuryStock": 675541000, "otherStockholderEquity": 675541000, "totalStockholderEquity": 688541000, "netTangibleAssets": 680414000}], "maxAge": 86400}, "earningsHistory": {"history": [{"maxAge": 1, "epsActual": {}, "epsEstimate": {}, "epsDifference": {}, "surprisePercent": {}, "quarter": {}, "period": "-4q"}, {"maxAge": 1, "epsActual": {}, "epsEstimate": {}, "epsDifference": {}, "surprisePercent": {}, "quarter": {}, "period": "-3q"}, {"maxAge": 1, "epsActual": {}, "epsEstimate": {}, "epsDifference": {}, "surprisePercent": {}, "quarter": {}, "period": "-2q"}, {"maxAge": 1, "epsActual": {}, "epsEstimate": {}, "epsDifference": {}, "surprisePercent": {}, "quarter": {}, "period": "-1q"}], "maxAge": 86400}, "indexTrend": {"maxAge": 1, "symbol": "SP5", "peRatio": 19.7411, "pegRatio": 1.34172, "estimates": [{"period": "0q", "growth": 0.549}, {"period": "+1q", "growth": 0.431}, {"period": "0y", "growth": 0.305}, {"period": "+1y", "growth": 0.109}, {"period": "+5y", "growth": 0.120859005}, {"period": "-5y"}]}, "industryTrend": {"maxAge": 1, "symbol": null, "estimates": []}, "insiderTransactions": {"transactions": [{"maxAge": 1, "shares": 2080, "filerUrl": "", "transactionText": "", "filerName": "Shriraman", "filerRelation": "Director (Independent)", "moneyText": "", "startDate": "2017-05-17", "ownership": "D"}], "maxAge": 1}, "quoteType": {"exchange": "BSE", "quoteType": "EQUITY", "symbol": "BENARAS.BO", "underlyingSymbol": "BENARAS.BO", "shortName": "BENARES HOTELS LTD.", "longName": "Benares Hotels Limited", "firstTradeDateEpochUtc": "2002-01-02 09:15:00", "timeZoneFullName": "Asia/Kolkata", "timeZoneShortName": "IST", "uuid": "a584b1a3-3a73-3b5b-b490-0f4258d57e3d", "messageBoardId": null, "gmtOffSetMilliseconds": 19800000, "maxAge": 1}, "incomeStatementHistory": {"incomeStatementHistory": [{"maxAge": 1, "endDate": "2020-03-31", "totalRevenue": 636356000, "costOfRevenue": 189962000, "grossProfit": 446394000, "researchDevelopment": {}, "sellingGeneralAdministrative": 238867000, "nonRecurring": {}, "otherOperatingExpenses": {}, "totalOperatingExpenses": 492639000, "operatingIncome": 143717000, "totalOtherIncomeExpenseNet": -8750000, "ebit": 143717000, "interestExpense": -10764000, "incomeBeforeTax": 134967000, "incomeTaxExpense": 28847000, "minorityInterest": {}, "netIncomeFromContinuingOps": 106120000, "discontinuedOperations": {}, "extraordinaryItems": {}, "effectOfAccountingCharges": {}, "otherItems": {}, "netIncome": 106120000, "netIncomeApplicableToCommonShares": 106120000}, {"maxAge": 1, "endDate": "2019-03-31", "totalRevenue": 596765000, "costOfRevenue": 183667000, "grossProfit": 413098000, "researchDevelopment": {}, "sellingGeneralAdministrative": 238573000, "nonRecurring": {}, "otherOperatingExpenses": 164091000, "totalOperatingExpenses": 474528000, "operatingIncome": 122237000, "totalOtherIncomeExpenseNet": -465000, "ebit": 122237000, "interestExpense": -7580000, "incomeBeforeTax": 121772000, "incomeTaxExpense": 34543000, "minorityInterest": {}, "netIncomeFromContinuingOps": 87229000, "discontinuedOperations": {}, "extraordinaryItems": {}, "effectOfAccountingCharges": {}, "otherItems": {}, "netIncome": 87229000, "netIncomeApplicableToCommonShares": 87229000}, {"maxAge": 1, "endDate": "2018-03-31", "totalRevenue": 474265000, "costOfRevenue": 159783000, "grossProfit": 314482000, "researchDevelopment": {}, "sellingGeneralAdministrative": 201521000, "nonRecurring": {}, "otherOperatingExpenses": 164091000, "totalOperatingExpenses": 391145000, "operatingIncome": 83120000, "totalOtherIncomeExpenseNet": -4635000, "ebit": 83120000, "interestExpense": -1232000, "incomeBeforeTax": 78485000, "incomeTaxExpense": 13656000, "minorityInterest": {}, "netIncomeFromContinuingOps": 64829000, "discontinuedOperations": {}, "extraordinaryItems": {}, "effectOfAccountingCharges": {}, "otherItems": {}, "netIncome": 64829000, "netIncomeApplicableToCommonShares": 64829000}, {"maxAge": 1, "endDate": "2017-03-31", "totalRevenue": 495692000, "costOfRevenue": 157558000, "grossProfit": 338134000, "researchDevelopment": {}, "sellingGeneralAdministrative": 199985000, "nonRecurring": {}, "otherOperatingExpenses": 164091000, "totalOperatingExpenses": 385324000, "operatingIncome": 110368000, "totalOtherIncomeExpenseNet": -3034000, "ebit": 110368000, "interestExpense": -1232000, "incomeBeforeTax": 107334000, "incomeTaxExpense": 39165000, "minorityInterest": {}, "netIncomeFromContinuingOps": 68169000, "discontinuedOperations": {}, "extraordinaryItems": {}, "effectOfAccountingCharges": {}, "otherItems": {}, "netIncome": 68169000, "netIncomeApplicableToCommonShares": 68169000}], "maxAge": 86400}, "fundOwnership": {"maxAge": 1, "ownershipList": []}, "summaryDetail": {"maxAge": 1, "priceHint": 2, "previousClose": 1264.95, "open": 1269.85, "dayLow": 1215.05, "dayHigh": 1270.0, "regularMarketPreviousClose": 1264.95, "regularMarketOpen": 1269.85, "regularMarketDayLow": 1215.05, "regularMarketDayHigh": 1270.0, "trailingPE": 24.4187, "volume": 18, "regularMarketVolume": 18, "averageVolume": 145, "averageVolume10days": 120, "averageDailyVolume10Day": 120, "bid": 1220.25, "ask": 1272.85, "bidSize": 0, "askSize": 0, "marketCap": 1579565056, "fiftyTwoWeekLow": 1131.35, "fiftyTwoWeekHigh": 1699.0, "fiftyDayAverage": 1283.6385, "twoHundredDayAverage": 1249.8168, "trailingAnnualDividendRate": 7.5, "trailingAnnualDividendYield": 0.005929088, "currency": "INR", "fromCurrency": null, "toCurrency": null, "lastMarket": null, "algorithm": null, "tradeable": false}, "sectorTrend": {"maxAge": 1, "symbol": null, "estimates": []}, "incomeStatementHistoryQuarterly": {"incomeStatementHistory": [{"maxAge": 1, "endDate": "2020-06-30", "totalRevenue": 5639000, "costOfRevenue": 28662000, "grossProfit": -23023000, "researchDevelopment": {}, "sellingGeneralAdministrative": 178000, "nonRecurring": {}, "otherOperatingExpenses": 12878000, "totalOperatingExpenses": 58595000, "operatingIncome": -52956000, "totalOtherIncomeExpenseNet": 2666000, "ebit": -52956000, "interestExpense": -2108000, "incomeBeforeTax": -50290000, "incomeTaxExpense": -12648000, "minorityInterest": {}, "netIncomeFromContinuingOps": -37642000, "discontinuedOperations": {}, "extraordinaryItems": {}, "effectOfAccountingCharges": {}, "otherItems": {}, "netIncome": -37642000, "netIncomeApplicableToCommonShares": -37642000}, {"maxAge": 1, "endDate": "2020-03-31", "totalRevenue": 193746000, "costOfRevenue": 23839000, "grossProfit": 169907000, "researchDevelopment": {}, "sellingGeneralAdministrative": 208773000, "nonRecurring": {}, "otherOperatingExpenses": -117240000, "totalOperatingExpenses": 133825000, "operatingIncome": 59921000, "totalOtherIncomeExpenseNet": -1470000, "ebit": 59921000, "interestExpense": -2704000, "incomeBeforeTax": 58451000, "incomeTaxExpense": 14983000, "minorityInterest": {}, "netIncomeFromContinuingOps": 43468000, "discontinuedOperations": {}, "extraordinaryItems": {}, "effectOfAccountingCharges": {}, "otherItems": {}, "netIncome": 43468000, "netIncomeApplicableToCommonShares": 43468000}, {"maxAge": 1, "endDate": "2019-12-31", "totalRevenue": 212640000, "costOfRevenue": 58289000, "grossProfit": 154351000, "researchDevelopment": {}, "sellingGeneralAdministrative": 17081000, "nonRecurring": {}, "otherOperatingExpenses": 47916000, "totalOperatingExpenses": 139381000, "operatingIncome": 73259000, "totalOtherIncomeExpenseNet": -3002000, "ebit": 73259000, "interestExpense": -3142000, "incomeBeforeTax": 70257000, "incomeTaxExpense": 17890000, "minorityInterest": {}, "netIncomeFromContinuingOps": 52367000, "discontinuedOperations": {}, "extraordinaryItems": {}, "effectOfAccountingCharges": {}, "otherItems": {}, "netIncome": 52367000, "netIncomeApplicableToCommonShares": 52367000}, {"maxAge": 1, "endDate": "2019-09-30", "totalRevenue": 112158000, "costOfRevenue": 53484000, "grossProfit": 58674000, "researchDevelopment": {}, "sellingGeneralAdministrative": 6253000, "nonRecurring": {}, "otherOperatingExpenses": 33989000, "totalOperatingExpenses": 108692000, "operatingIncome": 3466000, "totalOtherIncomeExpenseNet": -2624000, "ebit": 3466000, "interestExpense": -2709000, "incomeBeforeTax": 842000, "incomeTaxExpense": -5663000, "minorityInterest": {}, "netIncomeFromContinuingOps": 6505000, "discontinuedOperations": {}, "extraordinaryItems": {}, "effectOfAccountingCharges": {}, "otherItems": {}, "netIncome": 6505000, "netIncomeApplicableToCommonShares": 6505000}], "maxAge": 86400}, "cashflowStatementHistoryQuarterly": {"cashflowStatements": [{"maxAge": 1, "endDate": "2020-06-30", "netIncome": -37642000, "changeToLiabilities": 0}, {"maxAge": 1, "endDate": "2020-03-31", "netIncome": 43468000, "changeToLiabilities": 0}, {"maxAge": 1, "endDate": "2019-12-31", "netIncome": 52367000, "changeToLiabilities": 0}, {"maxAge": 1, "endDate": "2019-09-30", "netIncome": 6505000, "changeToLiabilities": 0}], "maxAge": 86400}, "insiderHolders": {"holders": [{"maxAge": 1, "name": "Shriraman", "relation": "Director (Independent)", "url": "", "transactionDescription": "Other", "latestTransDate": "2017-05-17", "positionDirect": 2420, "positionDirectDate": "2017-05-17"}], "maxAge": 1}, "earnings": {"maxAge": 86400, "earningsChart": {"quarterly": [], "earningsDate": ["2020-07-29 05:30:S"]}, "financialsChart": {"yearly": [{"date": 2017, "revenue": 495692000, "earnings": 68169000}, {"date": 2018, "revenue": 474265000, "earnings": 64829000}, {"date": 2019, "revenue": 596765000, "earnings": 87229000}, {"date": 2020, "revenue": 636356000, "earnings": 106120000}], "quarterly": [{"date": "3Q2019", "revenue": 112158000, "earnings": 6505000}, {"date": "4Q2019", "revenue": 212640000, "earnings": 52367000}, {"date": "1Q2020", "revenue": 193746000, "earnings": 43468000}, {"date": "2Q2020", "revenue": 5639000, "earnings": -37642000}]}, "financialCurrency": "INR"}, "calendarEvents": {"maxAge": 1, "earnings": {"earningsDate": ["2020-07-29 05:30:S"]}}, "price": {"maxAge": 1, "regularMarketChangePercent": -0.039448123, "regularMarketChange": -49.899902, "regularMarketTime": "2021-04-30 14:08:50", "priceHint": 2, "regularMarketPrice": 1215.05, "regularMarketDayHigh": 1270.0, "regularMarketDayLow": 1215.05, "regularMarketVolume": 18, "averageDailyVolume10Day": 120, "averageDailyVolume3Month": 145, "regularMarketPreviousClose": 1264.95, "regularMarketSource": "FREE_REALTIME", "regularMarketOpen": 1269.85, "exchange": "BSE", "exchangeName": "BSE", "exchangeDataDelayedBy": 0, "marketState": "CLOSED", "quoteType": "EQUITY", "symbol": "BENARAS.BO", "underlyingSymbol": null, "shortName": "BENARES HOTELS LTD.", "longName": "Benares Hotels Limited", "currency": "INR", "quoteSourceName": "Delayed Quote", "currencySymbol": "\u20b9", "fromCurrency": null, "toCurrency": null, "lastMarket": null, "marketCap": 1579565056}, "balanceSheetHistory": {"balanceSheetStatements": [{"maxAge": 1, "endDate": "2020-03-31", "cash": 18172000, "netReceivables": 67352000, "inventory": 10536000, "otherCurrentAssets": 8398000, "totalCurrentAssets": 109066000, "propertyPlantEquipment": 899771000, "intangibleAssets": 7144000, "otherAssets": 31978000, "totalAssets": 1047959000, "accountsPayable": 42148000, "otherCurrentLiab": 39356000, "otherLiab": 60133000, "totalCurrentLiabilities": 169772000, "totalLiab": 264831000, "commonStock": 13000000, "retainedEarnings": 770042000, "treasuryStock": 86000, "otherStockholderEquity": 86000, "totalStockholderEquity": 783128000, "netTangibleAssets": 775984000}, {"maxAge": 1, "endDate": "2019-03-31", "cash": 11202000, "shortTermInvestments": 12311000, "netReceivables": 53628000, "inventory": 12823000, "otherCurrentAssets": 9418000, "totalCurrentAssets": 103430000, "propertyPlantEquipment": 820291000, "intangibleAssets": 7394000, "otherAssets": 34867000, "totalAssets": 965982000, "accountsPayable": 51367000, "otherCurrentLiab": 48619000, "otherLiab": 68446000, "totalCurrentLiabilities": 180512000, "totalLiab": 248958000, "commonStock": 13000000, "retainedEarnings": 703938000, "treasuryStock": 86000, "otherStockholderEquity": 86000, "totalStockholderEquity": 717024000, "netTangibleAssets": 709630000}, {"maxAge": 1, "endDate": "2018-03-31", "cash": 48151000, "shortTermInvestments": 7937000, "netReceivables": 55982000, "inventory": 12477000, "otherCurrentAssets": 12355000, "totalCurrentAssets": 141046000, "propertyPlantEquipment": 676766000, "intangibleAssets": 9494000, "otherAssets": 62185000, "totalAssets": 889491000, "accountsPayable": 36573000, "otherCurrentLiab": 51003000, "otherLiab": 60596000, "totalCurrentLiabilities": 175803000, "totalLiab": 236399000, "commonStock": 13000000, "retainedEarnings": 640006000, "treasuryStock": 86000, "otherStockholderEquity": 86000, "totalStockholderEquity": 653092000, "netTangibleAssets": 643598000}, {"maxAge": 1, "endDate": "2017-03-31", "cash": 17591000, "shortTermInvestments": 101097000, "netReceivables": 152687000, "inventory": 11500000, "otherCurrentAssets": 9471000, "totalCurrentAssets": 297702000, "propertyPlantEquipment": 434080000, "intangibleAssets": 11648000, "otherAssets": 44119000, "totalAssets": 787549000, "accountsPayable": 19782000, "otherCurrentLiab": 31824000, "otherLiab": 76307000, "totalCurrentLiabilities": 99617000, "totalLiab": 175924000, "commonStock": 13000000, "retainedEarnings": 598539000, "treasuryStock": 86000, "otherStockholderEquity": 86000, "totalStockholderEquity": 611625000, "netTangibleAssets": 599977000}], "maxAge": 86400}, "earningsTrend": {"trend": [{"maxAge": 1, "period": "0q", "endDate": null, "growth": {}, "earningsEstimate": {"avg": 0.0, "low": 0.0, "high": 0.0, "yearAgoEps": {}, "numberOfAnalysts": 0, "growth": {}}, "revenueEstimate": {"avg": 0, "low": 0, "high": 0, "numberOfAnalysts": 0, "yearAgoRevenue": {}, "growth": {}}, "epsTrend": {"current": 0.0, "7daysAgo": 0.0, "30daysAgo": 0.0, "60daysAgo": 0.0, "90daysAgo": 0.0}, "epsRevisions": {"upLast7days": 0, "upLast30days": 0, "downLast30days": 0, "downLast90days": {}}}, {"maxAge": 1, "period": "+1q", "endDate": null, "growth": {}, "earningsEstimate": {"avg": 0.0, "low": 0.0, "high": 0.0, "yearAgoEps": {}, "numberOfAnalysts": 0, "growth": {}}, "revenueEstimate": {"avg": 0, "low": 0, "high": 0, "numberOfAnalysts": 0, "yearAgoRevenue": {}, "growth": {}}, "epsTrend": {"current": 0.0, "7daysAgo": 0.0, "30daysAgo": 0.0, "60daysAgo": 0.0, "90daysAgo": 0.0}, "epsRevisions": {"upLast7days": 0, "upLast30days": 0, "downLast30days": 0, "downLast90days": {}}}, {"maxAge": 1, "period": "0y", "endDate": null, "growth": {}, "earningsEstimate": {"avg": 0.0, "low": 0.0, "high": 0.0, "yearAgoEps": {}, "numberOfAnalysts": 0, "growth": {}}, "revenueEstimate": {"avg": 0, "low": 0, "high": 0, "numberOfAnalysts": 0, "yearAgoRevenue": {}, "growth": {}}, "epsTrend": {"current": 0.0, "7daysAgo": 0.0, "30daysAgo": 0.0, "60daysAgo": 0.0, "90daysAgo": 0.0}, "epsRevisions": {"upLast7days": 0, "upLast30days": 0, "downLast30days": 0, "downLast90days": {}}}, {"maxAge": 1, "period": "+1y", "endDate": null, "growth": {}, "earningsEstimate": {"avg": 0.0, "low": 0.0, "high": 0.0, "yearAgoEps": {}, "numberOfAnalysts": 0, "growth": {}}, "revenueEstimate": {"avg": 0, "low": 0, "high": 0, "numberOfAnalysts": 0, "yearAgoRevenue": {}, "growth": {}}, "epsTrend": {"current": 0.0, "7daysAgo": 0.0, "30daysAgo": 0.0, "60daysAgo": 0.0, "90daysAgo": 0.0}, "epsRevisions": {"upLast7days": 0, "upLast30days": 0, "downLast30days": 0, "downLast90days": {}}}, {"maxAge": 1, "period": "+5y", "endDate": null, "growth": {}, "earningsEstimate": {"avg": {}, "low": {}, "high": {}, "yearAgoEps": {}, "numberOfAnalysts": {}, "growth": {}}, "revenueEstimate": {"avg": {}, "low": {}, "high": {}, "numberOfAnalysts": {}, "yearAgoRevenue": {}, "growth": {}}, "epsTrend": {"current": {}, "7daysAgo": {}, "30daysAgo": {}, "60daysAgo": {}, "90daysAgo": {}}, "epsRevisions": {"upLast7days": {}, "upLast30days": {}, "downLast30days": {}, "downLast90days": {}}}, {"maxAge": 1, "period": "-5y", "endDate": null, "growth": {}, "earningsEstimate": {"avg": {}, "low": {}, "high": {}, "yearAgoEps": {}, "numberOfAnalysts": {}, "growth": {}}, "revenueEstimate": {"avg": {}, "low": {}, "high": {}, "numberOfAnalysts": {}, "yearAgoRevenue": {}, "growth": {}}, "epsTrend": {"current": {}, "7daysAgo": {}, "30daysAgo": {}, "60daysAgo": {}, "90daysAgo": {}}, "epsRevisions": {"upLast7days": {}, "upLast30days": {}, "downLast30days": {}, "downLast90days": {}}}], "maxAge": 1}, "financialData": {"maxAge": 86400, "currentPrice": 1215.05, "targetHighPrice": 1606.0, "targetLowPrice": 1606.0, "targetMeanPrice": 1606.0, "targetMedianPrice": 1606.0, "recommendationKey": "none", "numberOfAnalystOpinions": 1, "grossProfits": 446394000, "financialCurrency": "INR"}}}