{"BENGALASM.BO": {"cashflowStatementHistory": {"cashflowStatements": [{"maxAge": 1, "endDate": "2020-03-31", "netIncome": 4551503000, "depreciation": 4199140000, "changeToNetincome": 2789953000, "changeToAccountReceivables": 2298842000, "changeToLiabilities": 1283259000, "changeToInventory": 669813000, "changeToOperatingActivities": -820349000, "totalCashFromOperatingActivities": 15002315000, "capitalExpenditures": -3533519000, "investments": 238123000, "otherCashflowsFromInvestingActivities": 177232000, "totalCashflowsFromInvestingActivities": -3470467000, "dividendsPaid": -573670000, "netBorrowings": -5606237000, "otherCashflowsFromFinancingActivities": -5766421000, "totalCashFromFinancingActivities": -11835785000, "changeInCash": -425318000, "issuanceOfStock": 110543000}, {"maxAge": 1, "endDate": "2019-03-31", "netIncome": 3606123000, "depreciation": 3643523000, "changeToNetincome": 4860452000, "changeToAccountReceivables": -1481238000, "changeToLiabilities": 1207368000, "changeToInventory": -2500145000, "changeToOperatingActivities": 567185000, "totalCashFromOperatingActivities": 9932957000, "capitalExpenditures": -6338668000, "investments": -504685000, "otherCashflowsFromInvestingActivities": 76468000, "totalCashflowsFromInvestingActivities": -3673317000, "dividendsPaid": -468137000, "netBorrowings": 334641000, "otherCashflowsFromFinancingActivities": -5540040000, "totalCashFromFinancingActivities": -5673536000, "changeInCash": 579681000, "issuanceOfStock": 110543000}, {"maxAge": 1, "endDate": "2018-03-31", "netIncome": 2008615000, "depreciation": 419614000, "changeToNetincome": -1315498000, "changeToAccountReceivables": -208374000, "changeToLiabilities": 259986000, "changeToInventory": -65653000, "changeToOperatingActivities": -83147000, "totalCashFromOperatingActivities": 1015543000, "capitalExpenditures": -523097000, "investments": -1542756000, "otherCashflowsFromInvestingActivities": 409976000, "totalCashflowsFromInvestingActivities": -1626203000, "dividendsPaid": -133501000, "netBorrowings": 160906000, "otherCashflowsFromFinancingActivities": 615535000, "totalCashFromFinancingActivities": 642940000, "changeInCash": 32281000, "issuanceOfStock": 110543000}, {"maxAge": 1, "endDate": "2017-03-31", "netIncome": 3275438000, "depreciation": 400112000, "changeToNetincome": -2443340000, "changeToAccountReceivables": 55084000, "changeToLiabilities": 50663000, "changeToInventory": -93009000, "changeToOperatingActivities": -119377000, "totalCashFromOperatingActivities": 1125571000, "capitalExpenditures": -435893000, "investments": 632221000, "otherCashflowsFromInvestingActivities": 342616000, "totalCashflowsFromInvestingActivities": 544972000, "dividendsPaid": -32048000, "netBorrowings": -1243694000, "otherCashflowsFromFinancingActivities": -443760000, "totalCashFromFinancingActivities": -1719502000, "changeInCash": -48959000, "issuanceOfStock": 110543000}], "maxAge": 86400}, "institutionOwnership": {"maxAge": 1, "ownershipList": []}, "balanceSheetHistoryQuarterly": {"balanceSheetStatements": [{"maxAge": 1, "endDate": "2020-06-30", "totalStockholderEquity": 33740999000, "netTangibleAssets": 31515952000}, {"maxAge": 1, "endDate": "2020-03-31", "cash": 1169825000, "shortTermInvestments": 431374000, "netReceivables": 22752706000, "inventory": 19154407000, "otherCurrentAssets": 2991180000, "totalCurrentAssets": 47341984000, "longTermInvestments": 20311704000, "propertyPlantEquipment": 68520329000, "intangibleAssets": 2225047000, "otherAssets": 5620372000, "deferredLongTermAssetCharges": 1019845000, "totalAssets": 144019436000, "accountsPayable": 18529420000, "shortLongTermDebt": 15438872000, "otherCurrentLiab": 1148878000, "longTermDebt": 27120145000, "otherLiab": 14997187000, "minorityInterest": 13105440000, "totalCurrentLiabilities": 53637802000, "totalLiab": 97172997000, "commonStock": 112963000, "retainedEarnings": 27130610000, "treasuryStock": 4611266000, "capitalSurplus": 1886160000, "otherStockholderEquity": 4611266000, "totalStockholderEquity": 33740999000, "netTangibleAssets": 31515952000}, {"maxAge": 1, "endDate": "2019-12-31", "totalStockholderEquity": 32625552000, "netTangibleAssets": 29990196000}, {"maxAge": 1, "endDate": "2019-09-30", "cash": 2048196000, "netReceivables": 23709603000, "inventory": 17300894000, "totalCurrentAssets": 43058693000, "longTermInvestments": 21993800000, "propertyPlantEquipment": 67590657000, "intangibleAssets": 2635356000, "otherAssets": 7330374000, "deferredLongTermAssetCharges": 704593000, "totalAssets": 142608880000, "accountsPayable": 16005223000, "otherCurrentLiab": 3218385000, "longTermDebt": 55420924000, "otherLiab": 21907518000, "minorityInterest": 13431278000, "totalCurrentLiabilities": 19223608000, "totalLiab": 96552050000, "commonStock": 112963000, "treasuryStock": 32512589000, "otherStockholderEquity": 32512589000, "totalStockholderEquity": 32625552000, "netTangibleAssets": 29990196000}], "maxAge": 86400}, "indexTrend": {"maxAge": 1, "symbol": "SP5", "peRatio": 19.7411, "pegRatio": 1.34172, "estimates": [{"period": "0q", "growth": 0.549}, {"period": "+1q", "growth": 0.431}, {"period": "0y", "growth": 0.305}, {"period": "+1y", "growth": 0.109}, {"period": "+5y", "growth": 0.120859005}, {"period": "-5y"}]}, "insiderTransactions": {"transactions": [{"maxAge": 1, "shares": 251, "filerUrl": "", "transactionText": "", "filerName": "Singhania (Vinita)", "filerRelation": "Director (Non-Executive)", "moneyText": "", "startDate": "2020-03-25", "ownership": "D"}, {"maxAge": 1, "shares": 59, "filerUrl": "", "transactionText": "", "filerName": "Singhania (Vinita)", "filerRelation": "Director (Non-Executive)", "moneyText": "", "startDate": "2020-03-24", "ownership": "D"}, {"maxAge": 1, "shares": 3921, "filerUrl": "", "transactionText": "", "filerName": "Singhania (Raghupati)", "filerRelation": "Director (Non-Executive)", "moneyText": "", "startDate": "2020-03-23", "ownership": "D"}, {"maxAge": 1, "shares": 4761, "filerUrl": "", "transactionText": "", "filerName": "Singhania (Bharat Hari)", "filerRelation": "Director (Non-Executive)", "moneyText": "", "startDate": "2020-03-23", "ownership": "D"}, {"maxAge": 1, "shares": 3949, "filerUrl": "", "transactionText": "", "filerName": "Gupta (Upendra Kumar)", "filerRelation": "Manager", "moneyText": "", "startDate": "2019-09-30", "ownership": "D"}, {"maxAge": 1, "shares": 9671, "filerUrl": "", "transactionText": "", "filerName": "Singhania (Vinita)", "filerRelation": "Director (Non-Executive)", "moneyText": "", "startDate": "2019-09-30", "ownership": "D"}, {"maxAge": 1, "shares": 24304, "filerUrl": "", "transactionText": "", "filerName": "Singhania (Raghupati)", "filerRelation": "Director (Non-Executive)", "moneyText": "", "startDate": "2019-09-30", "ownership": "D"}, {"maxAge": 1, "shares": 14129, "filerUrl": "", "transactionText": "", "filerName": "Singhania (Bharat Hari)", "filerRelation": "Director (Non-Executive)", "moneyText": "", "startDate": "2019-09-30", "ownership": "D"}], "maxAge": 1}, "quoteType": {"exchange": "BSE", "quoteType": "EQUITY", "symbol": "BENGALASM.BO", "underlyingSymbol": "BENGALASM.BO", "shortName": "BENGAL & ASSAM COMPANY LTD.", "longName": "Bengal & Assam Company Limited", "firstTradeDateEpochUtc": "2006-08-08 09:15:00", "timeZoneFullName": "Asia/Kolkata", "timeZoneShortName": "IST", "uuid": "2e78bc2d-9722-3b2c-ab4d-2e1d35624f07", "messageBoardId": null, "gmtOffSetMilliseconds": 19800000, "maxAge": 1}, "incomeStatementHistory": {"incomeStatementHistory": [{"maxAge": 1, "endDate": "2020-03-31", "totalRevenue": 111201294000, "costOfRevenue": 69225639000, "grossProfit": 41975655000, "researchDevelopment": {}, "sellingGeneralAdministrative": 12782507000, "nonRecurring": {}, "otherOperatingExpenses": 16159665000, "totalOperatingExpenses": 102395935000, "operatingIncome": 8805359000, "totalOtherIncomeExpenseNet": -4952217000, "ebit": 8805359000, "interestExpense": -6069299000, "incomeBeforeTax": 3853142000, "incomeTaxExpense": -1370344000, "minorityInterest": 13105440000, "netIncomeFromContinuingOps": 5223486000, "discontinuedOperations": {}, "extraordinaryItems": {}, "effectOfAccountingCharges": {}, "otherItems": {}, "netIncome": 4551503000, "netIncomeApplicableToCommonShares": 4551503000}, {"maxAge": 1, "endDate": "2019-03-31", "totalRevenue": 125344419000, "costOfRevenue": 80940294000, "grossProfit": 44404125000, "researchDevelopment": {}, "sellingGeneralAdministrative": 12689963000, "nonRecurring": {}, "otherOperatingExpenses": 17817330000, "totalOperatingExpenses": 115119629000, "operatingIncome": 10224790000, "totalOtherIncomeExpenseNet": -4259392000, "ebit": 10224790000, "interestExpense": -5738055000, "incomeBeforeTax": 5965398000, "incomeTaxExpense": 1392216000, "minorityInterest": 12739472000, "netIncomeFromContinuingOps": 4573182000, "discontinuedOperations": {}, "extraordinaryItems": {}, "effectOfAccountingCharges": {}, "otherItems": {}, "netIncome": 3606123000, "netIncomeApplicableToCommonShares": 3606123000}, {"maxAge": 1, "endDate": "2018-03-31", "totalRevenue": 15157276000, "costOfRevenue": 10349428000, "grossProfit": 4807848000, "researchDevelopment": {}, "sellingGeneralAdministrative": 1150296000, "nonRecurring": {}, "otherOperatingExpenses": 1783765000, "totalOperatingExpenses": 13703105000, "operatingIncome": 1454171000, "totalOtherIncomeExpenseNet": 924487000, "ebit": 1454171000, "interestExpense": -402008000, "incomeBeforeTax": 2378658000, "incomeTaxExpense": 307810000, "minorityInterest": 1465236000, "netIncomeFromContinuingOps": 2070848000, "discontinuedOperations": {}, "extraordinaryItems": {}, "effectOfAccountingCharges": {}, "otherItems": {}, "netIncome": 2008615000, "netIncomeApplicableToCommonShares": 2000767000}, {"maxAge": 1, "endDate": "2017-03-31", "totalRevenue": 14958184000, "costOfRevenue": 9862392000, "grossProfit": 5095792000, "researchDevelopment": {}, "sellingGeneralAdministrative": 1060122000, "nonRecurring": {}, "otherOperatingExpenses": 1400661000, "totalOperatingExpenses": 12723287000, "operatingIncome": 2234897000, "totalOtherIncomeExpenseNet": 1581006000, "ebit": 2234897000, "interestExpense": -503044000, "incomeBeforeTax": 3815903000, "incomeTaxExpense": 408401000, "minorityInterest": 726188000, "netIncomeFromContinuingOps": 3407502000, "discontinuedOperations": {}, "extraordinaryItems": {}, "effectOfAccountingCharges": {}, "otherItems": {}, "netIncome": 3275438000, "netIncomeApplicableToCommonShares": 3275438000}], "maxAge": 86400}, "fundOwnership": {"maxAge": 1, "ownershipList": []}, "summaryDetail": {"maxAge": 1, "priceHint": 2, "previousClose": 1338.7, "open": 1332.0, "dayLow": 1332.0, "dayHigh": 1396.95, "regularMarketPreviousClose": 1338.7, "regularMarketOpen": 1332.0, "regularMarketDayLow": 1332.0, "regularMarketDayHigh": 1396.95, "trailingPE": 5.6028714, "volume": 290, "regularMarketVolume": 290, "averageVolume": 1792, "averageVolume10days": 999, "averageDailyVolume10Day": 999, "bid": 1333.1, "ask": 1340.0, "bidSize": 0, "askSize": 0, "marketCap": 15078301696, "fiftyTwoWeekLow": 855.0, "fiftyTwoWeekHigh": 1625.0, "fiftyDayAverage": 1419.5115, "twoHundredDayAverage": 1342.9406, "trailingAnnualDividendRate": 15.0, "trailingAnnualDividendYield": 0.0112049, "currency": "INR", "fromCurrency": null, "toCurrency": null, "lastMarket": null, "algorithm": null, "tradeable": false}, "incomeStatementHistoryQuarterly": {"incomeStatementHistory": [{"maxAge": 1, "endDate": "2020-06-30", "totalRevenue": 16589368000, "costOfRevenue": 11581720000, "grossProfit": 5007648000, "researchDevelopment": {}, "sellingGeneralAdministrative": 2114428000, "nonRecurring": {}, "otherOperatingExpenses": 2358319000, "totalOperatingExpenses": 17126344000, "operatingIncome": -536976000, "totalOtherIncomeExpenseNet": -1476901000, "ebit": -536976000, "interestExpense": -1412279000, "incomeBeforeTax": -2013877000, "incomeTaxExpense": -457498000, "minorityInterest": {}, "netIncomeFromContinuingOps": -1556379000, "discontinuedOperations": {}, "extraordinaryItems": {}, "effectOfAccountingCharges": {}, "otherItems": {}, "netIncome": -665602000, "netIncomeApplicableToCommonShares": -665602000}, {"maxAge": 1, "endDate": "2020-03-31", "totalRevenue": 24176872000, "costOfRevenue": 14262949000, "grossProfit": 9913923000, "researchDevelopment": {}, "sellingGeneralAdministrative": 4339206000, "nonRecurring": {}, "otherOperatingExpenses": 2208881000, "totalOperatingExpenses": 21975493000, "operatingIncome": 2201379000, "totalOtherIncomeExpenseNet": -1817845000, "ebit": 2201379000, "interestExpense": -1461619000, "incomeBeforeTax": 383534000, "incomeTaxExpense": -289023000, "minorityInterest": 13105440000, "netIncomeFromContinuingOps": 672557000, "discontinuedOperations": {}, "extraordinaryItems": {}, "effectOfAccountingCharges": {}, "otherItems": {}, "netIncome": 949863000, "netIncomeApplicableToCommonShares": 949863000}, {"maxAge": 1, "endDate": "2019-12-31", "totalRevenue": 27352029000, "costOfRevenue": 17295216000, "grossProfit": 10056813000, "researchDevelopment": {}, "sellingGeneralAdministrative": 2896457000, "nonRecurring": {}, "otherOperatingExpenses": 4480988000, "totalOperatingExpenses": 25642158000, "operatingIncome": 1709871000, "totalOtherIncomeExpenseNet": -901477000, "ebit": 1709871000, "interestExpense": -1487571000, "incomeBeforeTax": 808394000, "incomeTaxExpense": 51433000, "minorityInterest": 13105440000, "netIncomeFromContinuingOps": 756961000, "discontinuedOperations": {}, "extraordinaryItems": {}, "effectOfAccountingCharges": {}, "otherItems": {}, "netIncome": 677072000, "netIncomeApplicableToCommonShares": 677072000}, {"maxAge": 1, "endDate": "2019-09-30", "totalRevenue": 27649230000, "costOfRevenue": 16550343000, "grossProfit": 11098887000, "researchDevelopment": {}, "sellingGeneralAdministrative": 2719973000, "nonRecurring": {}, "otherOperatingExpenses": 4681022000, "totalOperatingExpenses": 24990424000, "operatingIncome": 2658806000, "totalOtherIncomeExpenseNet": -1572843000, "ebit": 2658806000, "interestExpense": -1538041000, "incomeBeforeTax": 1085963000, "incomeTaxExpense": -1360527000, "minorityInterest": 13431278000, "netIncomeFromContinuingOps": 2446490000, "discontinuedOperations": {}, "extraordinaryItems": {}, "effectOfAccountingCharges": {}, "otherItems": {}, "netIncome": 1729854000, "netIncomeApplicableToCommonShares": 1729854000}], "maxAge": 86400}, "cashflowStatementHistoryQuarterly": {"cashflowStatements": [{"maxAge": 1, "endDate": "2020-06-30", "netIncome": -665602000, "changeToLiabilities": 0}, {"maxAge": 1, "endDate": "2020-03-31", "netIncome": 949863000, "changeToLiabilities": 0}, {"maxAge": 1, "endDate": "2019-12-31", "netIncome": 677072000, "changeToLiabilities": 0}, {"maxAge": 1, "endDate": "2019-09-30", "netIncome": 1729854000, "changeToLiabilities": 0}], "maxAge": 86400}, "insiderHolders": {"holders": [{"maxAge": 1, "name": "Gupta (Upendra Kumar)", "relation": "Manager", "url": "", "transactionDescription": "Sale", "latestTransDate": "2019-09-30", "positionDirect": 0, "positionDirectDate": "2019-09-30"}, {"maxAge": 1, "name": "Singhania (Bharat Hari)", "relation": "Director (Non-Executive)", "url": "", "transactionDescription": "Acquisition", "latestTransDate": "2020-03-23", "positionDirect": 1157193, "positionDirectDate": "2020-03-23"}, {"maxAge": 1, "name": "Singhania (Raghupati)", "relation": "Director (Non-Executive)", "url": "", "transactionDescription": "Acquisition", "latestTransDate": "2020-03-23", "positionDirect": 1879810, "positionDirectDate": "2020-03-23"}, {"maxAge": 1, "name": "Singhania (Vinita)", "relation": "Director (Non-Executive)", "url": "", "transactionDescription": "Acquisition", "latestTransDate": "2020-03-25", "positionDirect": 118708, "positionDirectDate": "2020-03-25"}], "maxAge": 1}, "calendarEvents": {"maxAge": 1, "earnings": {"earningsDate": []}}, "price": {"maxAge": 1, "regularMarketChangePercent": -0.0029132012, "regularMarketChange": -3.8999023, "regularMarketTime": "2021-04-30 15:28:36", "priceHint": 2, "regularMarketPrice": 1334.8, "regularMarketDayHigh": 1396.95, "regularMarketDayLow": 1332.0, "regularMarketVolume": 290, "averageDailyVolume10Day": 999, "averageDailyVolume3Month": 1792, "regularMarketPreviousClose": 1338.7, "regularMarketSource": "FREE_REALTIME", "regularMarketOpen": 1332.0, "exchange": "BSE", "exchangeName": "BSE", "exchangeDataDelayedBy": 0, "marketState": "CLOSED", "quoteType": "EQUITY", "symbol": "BENGALASM.BO", "underlyingSymbol": null, "shortName": "BENGAL & ASSAM COMPANY LTD.", "longName": "Bengal & Assam Company Limited", "currency": "INR", "quoteSourceName": "Delayed Quote", "currencySymbol": "\u20b9", "fromCurrency": null, "toCurrency": null, "lastMarket": null, "marketCap": 15078301696}, "balanceSheetHistory": {"balanceSheetStatements": [{"maxAge": 1, "endDate": "2020-03-31", "cash": 1169825000, "shortTermInvestments": 431374000, "netReceivables": 22752706000, "inventory": 19154407000, "otherCurrentAssets": 2991180000, "totalCurrentAssets": 47341984000, "longTermInvestments": 20311704000, "propertyPlantEquipment": 68520329000, "intangibleAssets": 2225047000, "otherAssets": 5620372000, "deferredLongTermAssetCharges": 1019845000, "totalAssets": 144019436000, "accountsPayable": 18529420000, "shortLongTermDebt": 15438872000, "otherCurrentLiab": 1148878000, "longTermDebt": 27120145000, "otherLiab": 14997187000, "minorityInterest": 13105440000, "totalCurrentLiabilities": 53637802000, "totalLiab": 97172997000, "commonStock": 112963000, "retainedEarnings": 27130610000, "treasuryStock": 4611266000, "capitalSurplus": 1886160000, "otherStockholderEquity": 4611266000, "totalStockholderEquity": 33740999000, "netTangibleAssets": 31515952000}, {"maxAge": 1, "endDate": "2019-03-31", "cash": 1595143000, "shortTermInvestments": 105910000, "netReceivables": 24876973000, "inventory": 19626691000, "otherCurrentAssets": 2502938000, "totalCurrentAssets": 49617689000, "longTermInvestments": 17605568000, "propertyPlantEquipment": 66892304000, "intangibleAssets": 2679641000, "otherAssets": 6023844000, "deferredLongTermAssetCharges": 710558000, "totalAssets": 142819046000, "accountsPayable": 17839894000, "shortLongTermDebt": 16278858000, "otherCurrentLiab": 865529000, "longTermDebt": 29268166000, "otherLiab": 15278759000, "minorityInterest": 12739472000, "totalCurrentLiabilities": 55504969000, "totalLiab": 100057299000, "commonStock": 80368000, "retainedEarnings": 23211988000, "treasuryStock": 4844246000, "capitalSurplus": 1885673000, "otherStockholderEquity": 4844246000, "totalStockholderEquity": 30022275000, "netTangibleAssets": 27342634000}, {"maxAge": 1, "endDate": "2018-03-31", "cash": 95717000, "shortTermInvestments": 14534000, "netReceivables": 1370869000, "inventory": 798492000, "otherCurrentAssets": 1191452000, "totalCurrentAssets": 3471064000, "longTermInvestments": 19823006000, "propertyPlantEquipment": 3776952000, "goodWill": 234433000, "intangibleAssets": 12628000, "otherAssets": 450872000, "totalAssets": 27768955000, "accountsPayable": 861600000, "shortLongTermDebt": 995814000, "otherCurrentLiab": 738704000, "longTermDebt": 1725221000, "otherLiab": 979102000, "minorityInterest": 1465236000, "totalCurrentLiabilities": 3466225000, "totalLiab": 6170548000, "commonStock": 86836000, "retainedEarnings": 18526000000, "treasuryStock": 103916000, "capitalSurplus": 1416419000, "otherStockholderEquity": 103916000, "totalStockholderEquity": 20133171000, "netTangibleAssets": 19886110000}, {"maxAge": 1, "endDate": "2017-03-31", "cash": 63436000, "netReceivables": 2207927000, "inventory": 732840000, "otherCurrentAssets": 1095358000, "totalCurrentAssets": 4099561000, "longTermInvestments": 17029000000, "propertyPlantEquipment": 3674468000, "goodWill": 163498000, "intangibleAssets": 16491000, "otherAssets": 923070000, "totalAssets": 25906088000, "accountsPayable": 867003000, "shortLongTermDebt": 718192000, "otherCurrentLiab": 735939000, "longTermDebt": 2727958000, "otherLiab": 1126428000, "minorityInterest": 726188000, "totalCurrentLiabilities": 3107493000, "totalLiab": 6961879000, "commonStock": 86836000, "retainedEarnings": 16656614000, "treasuryStock": 92416000, "capitalSurplus": 1382155000, "otherStockholderEquity": 92416000, "totalStockholderEquity": 18218021000, "netTangibleAssets": 18038032000}], "maxAge": 86400}, "financialData": {"maxAge": 86400, "currentPrice": 1334.8, "recommendationKey": "none", "grossProfits": 41975655000, "financialCurrency": "INR"}}}