{"BENGALT.BO": {"cashflowStatementHistory": {"cashflowStatements": [{"maxAge": 1, "endDate": "2020-03-31", "netIncome": -13398000, "depreciation": 45666000, "changeToNetincome": 25910000, "changeToAccountReceivables": 14261000, "changeToLiabilities": 40003000, "changeToInventory": -38334000, "changeToOperatingActivities": -29174000, "totalCashFromOperatingActivities": 45305000, "capitalExpenditures": -56161000, "investments": 59999000, "otherCashflowsFromInvestingActivities": 4822000, "totalCashflowsFromInvestingActivities": 11291000, "netBorrowings": -23396000, "otherCashflowsFromFinancingActivities": -23010000, "totalCashFromFinancingActivities": -46406000, "changeInCash": 10190000}, {"maxAge": 1, "endDate": "2019-03-31", "netIncome": -3230000, "depreciation": 47505000, "changeToNetincome": 10912000, "changeToAccountReceivables": -25683000, "changeToLiabilities": 28491000, "changeToInventory": -3140000, "changeToOperatingActivities": -21855000, "totalCashFromOperatingActivities": 33151000, "capitalExpenditures": -26241000, "investments": 378000, "otherCashflowsFromInvestingActivities": 39691000, "totalCashflowsFromInvestingActivities": 14424000, "netBorrowings": -24937000, "otherCashflowsFromFinancingActivities": -25562000, "totalCashFromFinancingActivities": -50499000, "changeInCash": -2924000}, {"maxAge": 1, "endDate": "2018-03-31", "netIncome": -50153000, "depreciation": 58479000, "changeToNetincome": 100983000, "changeToAccountReceivables": 11523000, "changeToLiabilities": -50881000, "changeToInventory": -1186000, "changeToOperatingActivities": 21091000, "totalCashFromOperatingActivities": 90287000, "capitalExpenditures": -46375000, "investments": 34342000, "otherCashflowsFromInvestingActivities": 208533000, "totalCashflowsFromInvestingActivities": 196536000, "netBorrowings": -145460000, "otherCashflowsFromFinancingActivities": -155550000, "totalCashFromFinancingActivities": -301010000, "changeInCash": -14187000}, {"maxAge": 1, "endDate": "2017-03-31", "netIncome": -58078000, "depreciation": 57855000, "changeToNetincome": 144492000, "changeToAccountReceivables": 1721000, "changeToLiabilities": 1775000, "changeToInventory": 20065000, "changeToOperatingActivities": 18125000, "totalCashFromOperatingActivities": 186244000, "capitalExpenditures": -22028000, "investments": -24500000, "otherCashflowsFromInvestingActivities": 14431000, "totalCashflowsFromInvestingActivities": -31933000, "dividendsPaid": -4503000, "netBorrowings": -8938000, "otherCashflowsFromFinancingActivities": -123606000, "totalCashFromFinancingActivities": -137047000, "changeInCash": 17264000}], "maxAge": 86400}, "institutionOwnership": {"maxAge": 1, "ownershipList": []}, "balanceSheetHistoryQuarterly": {"balanceSheetStatements": [{"maxAge": 1, "endDate": "2020-06-30", "totalStockholderEquity": 940128000, "netTangibleAssets": 937987000}, {"maxAge": 1, "endDate": "2020-03-31", "cash": 14352000, "netReceivables": 85419000, "inventory": 387749000, "otherCurrentAssets": 69643000, "totalCurrentAssets": 582510000, "propertyPlantEquipment": 687544000, "intangibleAssets": 2141000, "otherAssets": 80156000, "deferredLongTermAssetCharges": 70333000, "totalAssets": 1352351000, "accountsPayable": 139729000, "otherCurrentLiab": 5051000, "otherLiab": 11785000, "totalCurrentLiabilities": 400438000, "totalLiab": 412223000, "commonStock": 90107000, "retainedEarnings": 819861000, "capitalSurplus": 30160000, "totalStockholderEquity": 940128000, "netTangibleAssets": 937987000}, {"maxAge": 1, "endDate": "2019-12-31", "totalStockholderEquity": 1007800000, "netTangibleAssets": 1006500000}, {"maxAge": 1, "endDate": "2019-09-30", "cash": 44100000, "shortTermInvestments": 28200000, "netReceivables": 100100000, "inventory": 434200000, "otherCurrentAssets": 47600000, "totalCurrentAssets": 654200000, "longTermInvestments": 6200000, "propertyPlantEquipment": 690600000, "intangibleAssets": 1300000, "otherAssets": 72400000, "deferredLongTermAssetCharges": 61000000, "totalAssets": 1424700000, "accountsPayable": 127200000, "otherCurrentLiab": 83800000, "longTermDebt": 300000, "otherLiab": 9500000, "totalCurrentLiabilities": 407100000, "totalLiab": 416900000, "commonStock": 90100000, "treasuryStock": 917700000, "otherStockholderEquity": 917700000, "totalStockholderEquity": 1007800000, "netTangibleAssets": 1006500000}], "maxAge": 86400}, "indexTrend": {"maxAge": 1, "symbol": "SP5", "peRatio": 19.7411, "pegRatio": 1.34172, "estimates": [{"period": "0q", "growth": 0.549}, {"period": "+1q", "growth": 0.431}, {"period": "0y", "growth": 0.305}, {"period": "+1y", "growth": 0.109}, {"period": "+5y", "growth": 0.120859005}, {"period": "-5y"}]}, "insiderTransactions": {"transactions": [{"maxAge": 1, "shares": 1170632, "filerUrl": "", "transactionText": "", "filerName": "Eskay Udyog Ltd", "filerRelation": "Promoter", "moneyText": "", "startDate": "2017-08-03", "ownership": "D"}, {"maxAge": 1, "shares": 3254150, "filerUrl": "", "transactionText": "", "filerName": "Rydak Enterprises & Investment Ltd", "filerRelation": "Promoter", "moneyText": "", "startDate": "2017-08-03", "ownership": "D"}, {"maxAge": 1, "shares": 2083518, "filerUrl": "", "transactionText": "", "filerName": "Samrat Industrial Resources Ltd", "filerRelation": "Promoter", "moneyText": "", "startDate": "2017-08-03", "ownership": "D"}, {"maxAge": 1, "shares": 449216, "filerUrl": "", "transactionText": "", "filerName": "Kanoria (Shubha)", "filerRelation": "Promoter", "moneyText": "", "startDate": "2014-05-10", "ownership": "D"}, {"maxAge": 1, "shares": 239150, "filerUrl": "", "transactionText": "", "filerName": "Samrat Industrial Resources Ltd", "filerRelation": "Institution- Corporation", "moneyText": "", "startDate": "2010-08-23", "ownership": "D"}], "maxAge": 1}, "quoteType": {"exchange": "BSE", "quoteType": "EQUITY", "symbol": "BENGALT.BO", "underlyingSymbol": "BENGALT.BO", "shortName": "BENGAL TEA & FABRICS LTD.", "longName": "Bengal Tea & Fabrics Limited", "firstTradeDateEpochUtc": "2002-05-13 09:15:00", "timeZoneFullName": "Asia/Kolkata", "timeZoneShortName": "IST", "uuid": "6b3fb411-6abe-36d2-8e47-79752c83bd06", "messageBoardId": null, "gmtOffSetMilliseconds": 19800000, "maxAge": 1}, "incomeStatementHistory": {"incomeStatementHistory": [{"maxAge": 1, "endDate": "2020-03-31", "totalRevenue": 1104151000, "costOfRevenue": 416415000, "grossProfit": 687736000, "researchDevelopment": {}, "sellingGeneralAdministrative": 260761000, "nonRecurring": {}, "otherOperatingExpenses": 389723000, "totalOperatingExpenses": 1112936000, "operatingIncome": -8785000, "totalOtherIncomeExpenseNet": -12899000, "ebit": -8785000, "interestExpense": -22997000, "incomeBeforeTax": -21684000, "incomeTaxExpense": -7724000, "minorityInterest": {}, "netIncomeFromContinuingOps": -13960000, "discontinuedOperations": 562000, "extraordinaryItems": {}, "effectOfAccountingCharges": {}, "otherItems": {}, "netIncome": -13398000, "netIncomeApplicableToCommonShares": -13398000}, {"maxAge": 1, "endDate": "2019-03-31", "totalRevenue": 1106608000, "costOfRevenue": 463356000, "grossProfit": 643252000, "researchDevelopment": {}, "sellingGeneralAdministrative": 237231000, "nonRecurring": {}, "otherOperatingExpenses": 366475000, "totalOperatingExpenses": 1114718000, "operatingIncome": -8110000, "totalOtherIncomeExpenseNet": -9627000, "ebit": -8110000, "interestExpense": -23292000, "incomeBeforeTax": -17737000, "incomeTaxExpense": -10644000, "minorityInterest": {}, "netIncomeFromContinuingOps": -7093000, "discontinuedOperations": 3863000, "extraordinaryItems": {}, "effectOfAccountingCharges": {}, "otherItems": {}, "netIncome": -3230000, "netIncomeApplicableToCommonShares": -3230000}, {"maxAge": 1, "endDate": "2018-03-31", "totalRevenue": 1217302000, "costOfRevenue": 479494000, "grossProfit": 737808000, "researchDevelopment": {}, "sellingGeneralAdministrative": 237709000, "nonRecurring": {}, "otherOperatingExpenses": 384740000, "totalOperatingExpenses": 1160853000, "operatingIncome": 56449000, "totalOtherIncomeExpenseNet": -13135000, "ebit": 56449000, "interestExpense": -25857000, "incomeBeforeTax": 43314000, "incomeTaxExpense": -15670000, "minorityInterest": {}, "netIncomeFromContinuingOps": 58984000, "discontinuedOperations": -109137000, "extraordinaryItems": {}, "effectOfAccountingCharges": {}, "otherItems": {}, "netIncome": -50153000, "netIncomeApplicableToCommonShares": -50153000}, {"maxAge": 1, "endDate": "2017-03-31", "totalRevenue": 1294205000, "costOfRevenue": 514159000, "grossProfit": 780046000, "researchDevelopment": {}, "sellingGeneralAdministrative": 235175000, "nonRecurring": {}, "otherOperatingExpenses": 388526000, "totalOperatingExpenses": 1196004000, "operatingIncome": 98201000, "totalOtherIncomeExpenseNet": -3916000, "ebit": 98201000, "interestExpense": -21448000, "incomeBeforeTax": 94285000, "incomeTaxExpense": -3389000, "minorityInterest": {}, "netIncomeFromContinuingOps": 97674000, "discontinuedOperations": -155752000, "extraordinaryItems": {}, "effectOfAccountingCharges": {}, "otherItems": {}, "netIncome": -58078000, "netIncomeApplicableToCommonShares": -58078000}], "maxAge": 86400}, "fundOwnership": {"maxAge": 1, "ownershipList": []}, "summaryDetail": {"maxAge": 1, "priceHint": 2, "previousClose": 40.45, "open": 39.0, "dayLow": 39.0, "dayHigh": 41.0, "regularMarketPreviousClose": 40.45, "regularMarketOpen": 39.0, "regularMarketDayLow": 39.0, "regularMarketDayHigh": 41.0, "volume": 1239, "regularMarketVolume": 1239, "averageVolume": 1536, "averageVolume10days": 424, "averageDailyVolume10Day": 424, "bid": 39.5, "ask": 40.0, "bidSize": 0, "askSize": 0, "marketCap": 357537408, "fiftyTwoWeekLow": 19.0, "fiftyTwoWeekHigh": 45.1, "fiftyDayAverage": 37.787144, "twoHundredDayAverage": 34.521168, "trailingAnnualDividendRate": 0.5, "trailingAnnualDividendYield": 0.012360939, "currency": "INR", "fromCurrency": null, "toCurrency": null, "lastMarket": null, "algorithm": null, "tradeable": false}, "incomeStatementHistoryQuarterly": {"incomeStatementHistory": [{"maxAge": 1, "endDate": "2020-06-30", "totalRevenue": 79700000, "costOfRevenue": 14100000, "grossProfit": 65600000, "researchDevelopment": {}, "sellingGeneralAdministrative": 47600000, "nonRecurring": {}, "otherOperatingExpenses": 19300000, "totalOperatingExpenses": 90400000, "operatingIncome": -10700000, "totalOtherIncomeExpenseNet": -2500000, "ebit": -10700000, "interestExpense": -4900000, "incomeBeforeTax": -13200000, "incomeTaxExpense": -3900000, "minorityInterest": {}, "netIncomeFromContinuingOps": -9300000, "discontinuedOperations": {}, "extraordinaryItems": {}, "effectOfAccountingCharges": {}, "otherItems": {}, "netIncome": -9300000, "netIncomeApplicableToCommonShares": -9300000}, {"maxAge": 1, "endDate": "2020-03-31", "totalRevenue": 190551000, "costOfRevenue": -15485000, "grossProfit": 206036000, "researchDevelopment": {}, "sellingGeneralAdministrative": 64461000, "nonRecurring": {}, "otherOperatingExpenses": 210623000, "totalOperatingExpenses": 271736000, "operatingIncome": -81185000, "totalOtherIncomeExpenseNet": 401000, "ebit": -81185000, "interestExpense": -5397000, "incomeBeforeTax": -80784000, "incomeTaxExpense": -23824000, "minorityInterest": {}, "netIncomeFromContinuingOps": -56960000, "discontinuedOperations": -638000, "extraordinaryItems": {}, "effectOfAccountingCharges": {}, "otherItems": {}, "netIncome": -57598000, "netIncomeApplicableToCommonShares": -57598000}, {"maxAge": 1, "endDate": "2019-12-31", "totalRevenue": 283400000, "costOfRevenue": 161800000, "grossProfit": 121600000, "researchDevelopment": {}, "sellingGeneralAdministrative": 60200000, "nonRecurring": {}, "otherOperatingExpenses": 51200000, "totalOperatingExpenses": 285000000, "operatingIncome": -1600000, "totalOtherIncomeExpenseNet": -2800000, "ebit": -1600000, "interestExpense": -5300000, "incomeBeforeTax": -4400000, "incomeTaxExpense": 200000, "minorityInterest": {}, "netIncomeFromContinuingOps": -4600000, "discontinuedOperations": -200000, "extraordinaryItems": {}, "effectOfAccountingCharges": {}, "otherItems": {}, "netIncome": -4800000, "netIncomeApplicableToCommonShares": -4800000}, {"maxAge": 1, "endDate": "2019-09-30", "totalRevenue": 314800000, "costOfRevenue": 112400000, "grossProfit": 202400000, "researchDevelopment": {}, "sellingGeneralAdministrative": 70300000, "nonRecurring": {}, "otherOperatingExpenses": 63500000, "totalOperatingExpenses": 257500000, "operatingIncome": 57300000, "totalOtherIncomeExpenseNet": -3100000, "ebit": 57300000, "interestExpense": -6100000, "incomeBeforeTax": 54200000, "incomeTaxExpense": 13000000, "minorityInterest": {}, "netIncomeFromContinuingOps": 41200000, "discontinuedOperations": 1900000, "extraordinaryItems": {}, "effectOfAccountingCharges": {}, "otherItems": {}, "netIncome": 43100000, "netIncomeApplicableToCommonShares": 43100000}], "maxAge": 86400}, "cashflowStatementHistoryQuarterly": {"cashflowStatements": [{"maxAge": 1, "endDate": "2020-06-30", "netIncome": -9300000, "changeToLiabilities": 0}, {"maxAge": 1, "endDate": "2020-03-31", "netIncome": -57598000, "changeToLiabilities": 0}, {"maxAge": 1, "endDate": "2019-12-31", "netIncome": -4800000, "changeToLiabilities": 0}, {"maxAge": 1, "endDate": "2019-09-30", "netIncome": 43100000, "changeToLiabilities": 0}], "maxAge": 86400}, "insiderHolders": {"holders": [{"maxAge": 1, "name": "Eskay Udyog Ltd", "relation": "Promoter", "url": "", "transactionDescription": "Other", "latestTransDate": "2017-08-03", "positionDirect": 0, "positionDirectDate": "2017-08-03"}, {"maxAge": 1, "name": "Kanoria (Shubha)", "relation": "Promoter", "url": "", "transactionDescription": "Other", "latestTransDate": "2014-05-10", "positionDirect": 449216, "positionDirectDate": "2014-05-10"}, {"maxAge": 1, "name": "Rydak Enterprises & Investment Ltd", "relation": "Promoter", "url": "", "transactionDescription": "Other", "latestTransDate": "2017-08-03", "positionDirect": 5060870, "positionDirectDate": "2017-08-03"}, {"maxAge": 1, "name": "Samrat Industrial Resources Ltd", "relation": "Promoter", "url": "", "transactionDescription": "Other", "latestTransDate": "2017-08-03", "positionDirect": 0, "positionDirectDate": "2017-08-03"}], "maxAge": 1}, "calendarEvents": {"maxAge": 1, "earnings": {"earningsDate": ["2020-09-15 05:30:S"]}}, "price": {"maxAge": 1, "regularMarketChangePercent": -0.018541409, "regularMarketChange": -0.75, "regularMarketTime": "2021-04-30 15:29:21", "priceHint": 2, "regularMarketPrice": 39.7, "regularMarketDayHigh": 41.0, "regularMarketDayLow": 39.0, "regularMarketVolume": 1239, "averageDailyVolume10Day": 424, "averageDailyVolume3Month": 1536, "regularMarketPreviousClose": 40.45, "regularMarketSource": "FREE_REALTIME", "regularMarketOpen": 39.0, "exchange": "BSE", "exchangeName": "BSE", "exchangeDataDelayedBy": 0, "marketState": "CLOSED", "quoteType": "EQUITY", "symbol": "BENGALT.BO", "underlyingSymbol": null, "shortName": "BENGAL TEA & FABRICS LTD.", "longName": "Bengal Tea & Fabrics Limited", "currency": "INR", "quoteSourceName": "Delayed Quote", "currencySymbol": "\u20b9", "fromCurrency": null, "toCurrency": null, "lastMarket": null, "marketCap": 357537408}, "balanceSheetHistory": {"balanceSheetStatements": [{"maxAge": 1, "endDate": "2020-03-31", "cash": 14352000, "netReceivables": 85419000, "inventory": 387749000, "otherCurrentAssets": 69643000, "totalCurrentAssets": 582510000, "propertyPlantEquipment": 687544000, "intangibleAssets": 2141000, "otherAssets": 80156000, "deferredLongTermAssetCharges": 70333000, "totalAssets": 1352351000, "accountsPayable": 139729000, "otherCurrentLiab": 5051000, "otherLiab": 11785000, "totalCurrentLiabilities": 400438000, "totalLiab": 412223000, "commonStock": 90107000, "retainedEarnings": 819861000, "capitalSurplus": 30160000, "totalStockholderEquity": 940128000, "netTangibleAssets": 937987000}, {"maxAge": 1, "endDate": "2019-03-31", "cash": 4162000, "netReceivables": 101440000, "inventory": 351026000, "otherCurrentAssets": 59462000, "totalCurrentAssets": 598455000, "propertyPlantEquipment": 686921000, "intangibleAssets": 1383000, "otherAssets": 70880000, "deferredLongTermAssetCharges": 64316000, "totalAssets": 1357639000, "accountsPayable": 99726000, "shortLongTermDebt": 30000000, "otherCurrentLiab": 5448000, "longTermDebt": 18370000, "otherLiab": 9537000, "totalCurrentLiabilities": 370969000, "totalLiab": 398876000, "commonStock": 90107000, "retainedEarnings": 838496000, "capitalSurplus": 30160000, "totalStockholderEquity": 958763000, "netTangibleAssets": 957380000}, {"maxAge": 1, "endDate": "2018-03-31", "cash": 7086000, "shortTermInvestments": 77560000, "netReceivables": 69571000, "inventory": 350343000, "otherCurrentAssets": 83540000, "totalCurrentAssets": 591224000, "propertyPlantEquipment": 712160000, "intangibleAssets": 1377000, "otherAssets": 62686000, "deferredLongTermAssetCharges": 55167000, "totalAssets": 1367447000, "accountsPayable": 70010000, "shortLongTermDebt": 22000000, "otherCurrentLiab": 18913000, "longTermDebt": 81692000, "otherLiab": 12141000, "totalCurrentLiabilities": 305072000, "totalLiab": 398905000, "commonStock": 90107000, "retainedEarnings": 848275000, "capitalSurplus": 30160000, "totalStockholderEquity": 968542000, "netTangibleAssets": 967165000}, {"maxAge": 1, "endDate": "2017-03-31", "cash": 21273000, "shortTermInvestments": 108266000, "netReceivables": 114802000, "inventory": 413263000, "otherCurrentAssets": 74950000, "totalCurrentAssets": 735595000, "propertyPlantEquipment": 981974000, "intangibleAssets": 1207000, "otherAssets": 37852000, "deferredLongTermAssetCharges": 31942000, "totalAssets": 1756628000, "accountsPayable": 130391000, "shortLongTermDebt": 85500000, "otherCurrentLiab": 27023000, "longTermDebt": 182352000, "otherLiab": 15419000, "totalCurrentLiabilities": 544278000, "totalLiab": 742049000, "commonStock": 90107000, "retainedEarnings": 894312000, "capitalSurplus": 30160000, "totalStockholderEquity": 1014579000, "netTangibleAssets": 1013372000}], "maxAge": 86400}, "financialData": {"maxAge": 86400, "currentPrice": 39.7, "recommendationKey": "none", "grossProfits": 687736000, "financialCurrency": "INR"}}}