{"BEPL.BO": {"recommendationTrend": {"trend": [{"period": "0m", "strongBuy": 0, "buy": 0, "hold": 0, "sell": 0, "strongSell": 0}, {"period": "-1m", "strongBuy": 0, "buy": 0, "hold": 0, "sell": 0, "strongSell": 0}, {"period": "-2m", "strongBuy": 0, "buy": 0, "hold": 0, "sell": 0, "strongSell": 0}, {"period": "-3m", "strongBuy": 0, "buy": 0, "hold": 0, "sell": 0, "strongSell": 0}], "maxAge": 86400}, "cashflowStatementHistory": {"cashflowStatements": [{"maxAge": 1, "endDate": "2020-03-31", "netIncome": 670145000, "depreciation": 94674000, "changeToNetincome": -87095000, "changeToAccountReceivables": 700618000, "changeToLiabilities": 756009000, "changeToInventory": -1082287000, "changeToOperatingActivities": -171345000, "totalCashFromOperatingActivities": 881223000, "capitalExpenditures": -165036000, "investments": 11184000, "otherCashflowsFromInvestingActivities": 43714000, "totalCashflowsFromInvestingActivities": -428644000, "dividendsPaid": -82953000, "otherCashflowsFromFinancingActivities": -18174000, "totalCashFromFinancingActivities": -101127000, "changeInCash": 351452000}, {"maxAge": 1, "endDate": "2019-03-31", "netIncome": 472119000, "depreciation": 71945000, "changeToNetincome": -86908000, "changeToAccountReceivables": -383821000, "changeToLiabilities": 729037000, "changeToInventory": -201055000, "changeToOperatingActivities": -68119000, "totalCashFromOperatingActivities": 534653000, "capitalExpenditures": -365521000, "investments": 2188000, "otherCashflowsFromInvestingActivities": 30111000, "totalCashflowsFromInvestingActivities": -545591000, "dividendsPaid": -49772000, "otherCashflowsFromFinancingActivities": -22361000, "totalCashFromFinancingActivities": -72133000, "changeInCash": -83071000}, {"maxAge": 1, "endDate": "2018-03-31", "netIncome": 1000266000, "depreciation": 57458000, "changeToNetincome": 77768000, "changeToAccountReceivables": -487074000, "changeToLiabilities": 269954000, "changeToInventory": 592308000, "changeToOperatingActivities": 405873000, "totalCashFromOperatingActivities": 1919798000, "capitalExpenditures": -283155000, "investments": 35000, "otherCashflowsFromInvestingActivities": 120233000, "totalCashflowsFromInvestingActivities": -160648000, "dividendsPaid": -33181000, "netBorrowings": -1371019000, "otherCashflowsFromFinancingActivities": -84279000, "totalCashFromFinancingActivities": -1488479000, "changeInCash": 270671000}, {"maxAge": 1, "endDate": "2017-03-31", "netIncome": 354529000, "depreciation": 49295000, "changeToNetincome": 183446000, "changeToAccountReceivables": -48090000, "changeToLiabilities": 777993000, "changeToInventory": -562104000, "changeToOperatingActivities": 21475000, "totalCashFromOperatingActivities": 781442000, "capitalExpenditures": -136748000, "investments": 35000, "otherCashflowsFromInvestingActivities": 19936000, "totalCashflowsFromInvestingActivities": -116610000, "dividendsPaid": -16591000, "netBorrowings": -531978000, "otherCashflowsFromFinancingActivities": -101273000, "totalCashFromFinancingActivities": -649842000, "changeInCash": 14992000}], "maxAge": 86400}, "institutionOwnership": {"maxAge": 1, "ownershipList": []}, "balanceSheetHistoryQuarterly": {"balanceSheetStatements": [{"maxAge": 1, "endDate": "2020-09-30", "cash": 503448000, "shortTermInvestments": 36787000, "netReceivables": 2032516000, "inventory": 938711000, "otherCurrentAssets": 39269000, "totalCurrentAssets": 3550731000, "longTermInvestments": 15067000, "propertyPlantEquipment": 1456196000, "intangibleAssets": 739000, "otherAssets": 248228000, "totalAssets": 5270961000, "accountsPayable": 1119463000, "otherCurrentLiab": 49917000, "otherLiab": 210112000, "totalCurrentLiabilities": 1240206000, "totalLiab": 1450318000, "commonStock": 165906000, "treasuryStock": 3654737000, "otherStockholderEquity": 3654737000, "totalStockholderEquity": 3820643000, "netTangibleAssets": 3819904000}, {"maxAge": 1, "endDate": "2020-06-30", "totalStockholderEquity": 3562119000, "netTangibleAssets": 3561243000}, {"maxAge": 1, "endDate": "2020-03-31", "cash": 556763000, "netReceivables": 1858208000, "inventory": 2083544000, "otherCurrentAssets": 234026000, "totalCurrentAssets": 4741566000, "longTermInvestments": 15084000, "propertyPlantEquipment": 1510435000, "intangibleAssets": 876000, "otherAssets": 262744000, "totalAssets": 6530705000, "accountsPayable": 2723074000, "otherCurrentLiab": 3530000, "otherLiab": 205664000, "totalCurrentLiabilities": 2762922000, "totalLiab": 2968586000, "commonStock": 165906000, "retainedEarnings": 3098513000, "capitalSurplus": 297700000, "totalStockholderEquity": 3562119000, "netTangibleAssets": 3561243000}, {"maxAge": 1, "endDate": "2019-12-31", "totalStockholderEquity": 3311836000, "netTangibleAssets": 3311027000}], "maxAge": 86400}, "earningsHistory": {"history": [{"maxAge": 1, "epsActual": {}, "epsEstimate": {}, "epsDifference": {}, "surprisePercent": {}, "quarter": {}, "period": "-4q"}, {"maxAge": 1, "epsActual": {}, "epsEstimate": {}, "epsDifference": {}, "surprisePercent": {}, "quarter": {}, "period": "-3q"}, {"maxAge": 1, "epsActual": {}, "epsEstimate": {}, "epsDifference": {}, "surprisePercent": {}, "quarter": {}, "period": "-2q"}, {"maxAge": 1, "epsActual": {}, "epsEstimate": {}, "epsDifference": {}, "surprisePercent": {}, "quarter": {}, "period": "-1q"}], "maxAge": 86400}, "indexTrend": {"maxAge": 1, "symbol": "SP5", "peRatio": 19.7411, "pegRatio": 1.34172, "estimates": [{"period": "0q", "growth": 0.549}, {"period": "+1q", "growth": 0.431}, {"period": "0y", "growth": 0.305}, {"period": "+1y", "growth": 0.109}, {"period": "+5y", "growth": 0.120865}, {"period": "-5y"}]}, "industryTrend": {"maxAge": 1, "symbol": null, "estimates": []}, "insiderTransactions": {"transactions": [{"maxAge": 1, "shares": 14243, "filerUrl": "", "transactionText": "", "filerName": "Bhansali (Dhudidevi B)", "filerRelation": "Promoter", "moneyText": "", "startDate": "2020-03-27", "ownership": "D"}, {"maxAge": 1, "shares": 83222, "filerUrl": "", "transactionText": "", "filerName": "Bhansali (Dhudidevi B)", "filerRelation": "Promoter", "moneyText": "", "startDate": "2020-03-26", "ownership": "D"}, {"maxAge": 1, "shares": 2535, "filerUrl": "", "transactionText": "", "filerName": "Bhansali (Dhudidevi B)", "filerRelation": "Promoter", "moneyText": "", "startDate": "2020-03-26", "ownership": "D"}, {"maxAge": 1, "shares": 12490, "filerUrl": "", "transactionText": "", "filerName": "Bhansali (Dhudidevi B)", "filerRelation": "Promoter", "moneyText": "", "startDate": "2020-03-19", "ownership": "D"}, {"maxAge": 1, "shares": 12490, "filerUrl": "", "transactionText": "", "filerName": "Bhansali (Dhudidevi B)", "filerRelation": "Promoter", "moneyText": "", "startDate": "2020-03-19", "ownership": "D"}, {"maxAge": 1, "shares": 92514, "filerUrl": "", "transactionText": "", "filerName": "Bhansali (Meenakshi)", "filerRelation": "Promoter", "moneyText": "", "startDate": "2020-03-19", "ownership": "D"}, {"maxAge": 1, "shares": 7486, "filerUrl": "", "transactionText": "", "filerName": "Bhansali (Meenakshi)", "filerRelation": "Promoter", "moneyText": "", "startDate": "2020-03-19", "ownership": "D"}, {"maxAge": 1, "shares": 100000, "filerUrl": "", "transactionText": "", "filerName": "Bhansali (Dhudidevi B)", "filerRelation": "Promoter", "moneyText": "", "startDate": "2020-03-18", "ownership": "D"}, {"maxAge": 1, "shares": 14422, "filerUrl": "", "transactionText": "", "filerName": "Bhansali (Dhudidevi B)", "filerRelation": "Promoter", "moneyText": "", "startDate": "2020-03-18", "ownership": "D"}, {"maxAge": 1, "shares": 50000, "filerUrl": "", "transactionText": "", "filerName": "Bhansali (Dhudidevi B)", "filerRelation": "Promoter", "moneyText": "", "startDate": "2020-03-18", "ownership": "D"}, {"maxAge": 1, "shares": 14422, "filerUrl": "", "transactionText": "", "filerName": "Bhansali (Dhudidevi B)", "filerRelation": "Promoter", "moneyText": "", "startDate": "2020-03-18", "ownership": "D"}, {"maxAge": 1, "shares": 103622, "filerUrl": "", "transactionText": "", "filerName": "Bhansali (Meenakshi)", "filerRelation": "Promoter", "moneyText": "", "startDate": "2020-03-18", "ownership": "D"}, {"maxAge": 1, "shares": 1543, "filerUrl": "", "transactionText": "", "filerName": "Bhansali (Meenakshi)", "filerRelation": "Promoter", "moneyText": "", "startDate": "2020-03-18", "ownership": "D"}, {"maxAge": 1, "shares": 650000, "filerUrl": "", "transactionText": "", "filerName": "Bhansali (Meenakshi)", "filerRelation": "Promoter", "moneyText": "", "startDate": "2020-03-12", "ownership": "D"}, {"maxAge": 1, "shares": 55165, "filerUrl": "", "transactionText": "", "filerName": "Bhansali (Meenakshi)", "filerRelation": "Promoter", "moneyText": "", "startDate": "2020-03-12", "ownership": "D"}, {"maxAge": 1, "shares": 161141, "filerUrl": "", "transactionText": "", "filerName": "Bhansali (Dhudidevi B)", "filerRelation": "Promoter", "moneyText": "", "startDate": "2020-03-11", "ownership": "D"}, {"maxAge": 1, "shares": 12894, "filerUrl": "", "transactionText": "", "filerName": "Bhansali (Dhudidevi B)", "filerRelation": "Promoter", "moneyText": "", "startDate": "2020-03-11", "ownership": "D"}, {"maxAge": 1, "shares": 246589, "filerUrl": "", "transactionText": "", "filerName": "Bhansali (Meenakshi)", "filerRelation": "Promoter", "moneyText": "", "startDate": "2020-03-11", "ownership": "D"}, {"maxAge": 1, "shares": 103411, "filerUrl": "", "transactionText": "", "filerName": "Bhansali (Meenakshi)", "filerRelation": "Promoter", "moneyText": "", "startDate": "2020-03-11", "ownership": "D"}, {"maxAge": 1, "shares": 663965, "filerUrl": "", "transactionText": "", "filerName": "Bhansali (Dhudidevi B)", "filerRelation": "Promoter", "moneyText": "", "startDate": "2020-03-09", "ownership": "D"}, {"maxAge": 1, "shares": 162000, "filerUrl": "", "transactionText": "", "filerName": "Bhansali (Dhudidevi B)", "filerRelation": "Promoter", "moneyText": "", "startDate": "2020-03-09", "ownership": "D"}], "maxAge": 1}, "quoteType": {"exchange": "BSE", "quoteType": "EQUITY", "symbol": "BEPL.BO", "underlyingSymbol": "BEPL.BO", "shortName": "BHANSALI ENGINEERING POLYMERS", "longName": "Bhansali Engineering Polymers Limited", "firstTradeDateEpochUtc": "2002-07-01 09:15:00", "timeZoneFullName": "Asia/Kolkata", "timeZoneShortName": "IST", "uuid": "817a8311-3531-326a-928b-f0c949a20891", "messageBoardId": null, "gmtOffSetMilliseconds": 19800000, "maxAge": 1}, "incomeStatementHistory": {"incomeStatementHistory": [{"maxAge": 1, "endDate": "2020-03-31", "totalRevenue": 11043302000, "costOfRevenue": 8946990000, "grossProfit": 2096312000, "researchDevelopment": {}, "sellingGeneralAdministrative": 287006000, "nonRecurring": {}, "otherOperatingExpenses": 930057000, "totalOperatingExpenses": 10259230000, "operatingIncome": 784072000, "totalOtherIncomeExpenseNet": 43941000, "ebit": 784072000, "interestExpense": -123000, "incomeBeforeTax": 828013000, "incomeTaxExpense": 157868000, "minorityInterest": {}, "netIncomeFromContinuingOps": 670145000, "discontinuedOperations": {}, "extraordinaryItems": {}, "effectOfAccountingCharges": {}, "otherItems": {}, "netIncome": 670145000, "netIncomeApplicableToCommonShares": 670145000}, {"maxAge": 1, "endDate": "2019-03-31", "totalRevenue": 12247799000, "costOfRevenue": 10178781000, "grossProfit": 2069018000, "researchDevelopment": {}, "sellingGeneralAdministrative": 324394000, "nonRecurring": {}, "otherOperatingExpenses": 870356000, "totalOperatingExpenses": 11446931000, "operatingIncome": 800868000, "totalOtherIncomeExpenseNet": -20346000, "ebit": 800868000, "interestExpense": -6520000, "incomeBeforeTax": 780522000, "incomeTaxExpense": 308403000, "minorityInterest": {}, "netIncomeFromContinuingOps": 472119000, "discontinuedOperations": {}, "extraordinaryItems": {}, "effectOfAccountingCharges": {}, "otherItems": {}, "netIncome": 472119000, "netIncomeApplicableToCommonShares": 472119000}, {"maxAge": 1, "endDate": "2018-03-31", "totalRevenue": 10316914000, "costOfRevenue": 7458167000, "grossProfit": 2858747000, "researchDevelopment": {}, "sellingGeneralAdministrative": 374270000, "nonRecurring": {}, "otherOperatingExpenses": 871486000, "totalOperatingExpenses": 8764626000, "operatingIncome": 1552288000, "totalOtherIncomeExpenseNet": -5267000, "ebit": 1552288000, "interestExpense": -41298000, "incomeBeforeTax": 1547021000, "incomeTaxExpense": 546755000, "minorityInterest": {}, "netIncomeFromContinuingOps": 1000266000, "discontinuedOperations": {}, "extraordinaryItems": {}, "effectOfAccountingCharges": {}, "otherItems": {}, "netIncome": 1000266000, "netIncomeApplicableToCommonShares": 1000266000}, {"maxAge": 1, "endDate": "2017-03-31", "totalRevenue": 6261451000, "costOfRevenue": 4752142000, "grossProfit": 1509309000, "researchDevelopment": {}, "sellingGeneralAdministrative": 252448000, "nonRecurring": {}, "otherOperatingExpenses": 619187000, "totalOperatingExpenses": 5677970000, "operatingIncome": 583481000, "totalOtherIncomeExpenseNet": -17899000, "ebit": 583481000, "interestExpense": -36531000, "incomeBeforeTax": 565582000, "incomeTaxExpense": 211053000, "minorityInterest": {}, "netIncomeFromContinuingOps": 354529000, "discontinuedOperations": {}, "extraordinaryItems": {}, "effectOfAccountingCharges": {}, "otherItems": {}, "netIncome": 354529000, "netIncomeApplicableToCommonShares": 354529000}], "maxAge": 86400}, "fundOwnership": {"maxAge": 1, "ownershipList": [{"maxAge": 1, "reportDate": "2020-07-31", "organization": "DFA Emerging Markets Core Equity Portfolio", "pctHeld": 0.0042, "position": 702218, "value": 30160263}, {"maxAge": 1, "reportDate": "2020-07-31", "organization": "DFA Emerging Markets Small Cap Series", "pctHeld": 0.0015, "position": 240584, "value": 10333082}, {"maxAge": 1, "reportDate": "2020-07-31", "organization": "DFA Investment Dimensions-Emerging Markets Social Core Equity", "pctHeld": 0.0002, "position": 29445, "value": 1264662}, {"maxAge": 1, "reportDate": "2020-07-31", "organization": "DFA Investment Dimensions-World Ex U.S. Core Equity Port", "pctHeld": 0.0001, "position": 13207, "value": 567240}, {"maxAge": 1, "reportDate": "2020-07-31", "organization": "DFA T.A. World Ex U.S. Core Equity Portfolio", "pctHeld": 0.0001, "position": 9545, "value": 409957}]}, "summaryDetail": {"maxAge": 1, "priceHint": 2, "previousClose": 163.45, "open": 163.6, "dayLow": 158.2, "dayHigh": 165.5, "regularMarketPreviousClose": 163.45, "regularMarketOpen": 163.6, "regularMarketDayLow": 158.2, "regularMarketDayHigh": 165.5, "trailingPE": 44.844635, "forwardPE": 27.276632, "volume": 97635, "regularMarketVolume": 97635, "averageVolume": 171980, "averageVolume10days": 360888, "averageDailyVolume10Day": 360888, "bid": 0.0, "ask": 0.0, "bidSize": 0, "askSize": 0, "marketCap": 26337576960, "fiftyTwoWeekLow": 25.3, "fiftyTwoWeekHigh": 179.0, "fiftyDayAverage": 146.37428, "twoHundredDayAverage": 103.25146, "trailingAnnualDividendRate": 0.5, "trailingAnnualDividendYield": 0.0030590396, "currency": "INR", "fromCurrency": null, "toCurrency": null, "lastMarket": null, "algorithm": null, "tradeable": false}, "sectorTrend": {"maxAge": 1, "symbol": null, "estimates": []}, "incomeStatementHistoryQuarterly": {"incomeStatementHistory": [{"maxAge": 1, "endDate": "2020-09-30", "totalRevenue": 3078521000, "costOfRevenue": 2260007000, "grossProfit": 818514000, "researchDevelopment": {}, "sellingGeneralAdministrative": 106051000, "nonRecurring": {}, "otherOperatingExpenses": 249251000, "totalOperatingExpenses": 2640962000, "operatingIncome": 437559000, "totalOtherIncomeExpenseNet": 17757000, "ebit": 437559000, "interestExpense": -546000, "incomeBeforeTax": 455316000, "incomeTaxExpense": 100257000, "minorityInterest": {}, "netIncomeFromContinuingOps": 355059000, "discontinuedOperations": {}, "extraordinaryItems": {}, "effectOfAccountingCharges": {}, "otherItems": {}, "netIncome": 355059000, "netIncomeApplicableToCommonShares": 355059000}, {"maxAge": 1, "endDate": "2020-06-30", "totalRevenue": 993974000, "costOfRevenue": 840856000, "grossProfit": 153118000, "researchDevelopment": {}, "sellingGeneralAdministrative": 48882000, "nonRecurring": {}, "otherOperatingExpenses": 137489000, "totalOperatingExpenses": 1052769000, "operatingIncome": -58795000, "totalOtherIncomeExpenseNet": 45824000, "ebit": -58795000, "interestExpense": -128000, "incomeBeforeTax": -12971000, "incomeTaxExpense": 889000, "minorityInterest": {}, "netIncomeFromContinuingOps": -13860000, "discontinuedOperations": {}, "extraordinaryItems": {}, "effectOfAccountingCharges": {}, "otherItems": {}, "netIncome": -13860000, "netIncomeApplicableToCommonShares": -13860000}, {"maxAge": 1, "endDate": "2020-03-31", "totalRevenue": 2514063000, "costOfRevenue": 2142638000, "grossProfit": 371425000, "researchDevelopment": {}, "sellingGeneralAdministrative": -126000, "nonRecurring": {}, "otherOperatingExpenses": 228476000, "totalOperatingExpenses": 2396297000, "operatingIncome": 117766000, "totalOtherIncomeExpenseNet": -15029000, "ebit": 117766000, "interestExpense": -128000, "incomeBeforeTax": 102737000, "incomeTaxExpense": 25913000, "minorityInterest": {}, "netIncomeFromContinuingOps": 76824000, "discontinuedOperations": {}, "extraordinaryItems": {}, "effectOfAccountingCharges": {}, "otherItems": {}, "netIncome": 76824000, "netIncomeApplicableToCommonShares": 76824000}, {"maxAge": 1, "endDate": "2019-12-31", "totalRevenue": 2600664000, "costOfRevenue": 2022782000, "grossProfit": 577882000, "researchDevelopment": {}, "sellingGeneralAdministrative": 95933000, "nonRecurring": {}, "otherOperatingExpenses": 236225000, "totalOperatingExpenses": 2380761000, "operatingIncome": 219903000, "totalOtherIncomeExpenseNet": 8775000, "ebit": 219903000, "interestExpense": -246000, "incomeBeforeTax": 228678000, "incomeTaxExpense": 59497000, "minorityInterest": {}, "netIncomeFromContinuingOps": 169181000, "discontinuedOperations": {}, "extraordinaryItems": {}, "effectOfAccountingCharges": {}, "otherItems": {}, "netIncome": 169181000, "netIncomeApplicableToCommonShares": 169181000}], "maxAge": 86400}, "cashflowStatementHistoryQuarterly": {"cashflowStatements": [{"maxAge": 1, "endDate": "2020-09-30", "netIncome": 355059000, "changeToLiabilities": 0}, {"maxAge": 1, "endDate": "2020-06-30", "netIncome": -13860000, "changeToLiabilities": 0}, {"maxAge": 1, "endDate": "2020-03-31", "netIncome": 76824000, "changeToLiabilities": 0}, {"maxAge": 1, "endDate": "2019-12-31", "netIncome": 169181000, "changeToLiabilities": 0}], "maxAge": 86400}, "insiderHolders": {"holders": [{"maxAge": 1, "name": "Bhansali (Dhudidevi B)", "relation": "Promoter", "url": "", "transactionDescription": "Acquisition", "latestTransDate": "2020-03-27", "positionDirect": 3718256, "positionDirectDate": "2020-03-27"}, {"maxAge": 1, "name": "Bhansali (Meenakshi)", "relation": "Promoter", "url": "", "transactionDescription": "Acquisition", "latestTransDate": "2020-03-19", "positionDirect": 4120191, "positionDirectDate": "2020-03-19"}], "maxAge": 1}, "earnings": {"maxAge": 86400, "earningsChart": {"quarterly": [], "earningsDate": ["2020-08-04 05:30:S"]}, "financialsChart": {"yearly": [{"date": 2017, "revenue": 6261451000, "earnings": 354529000}, {"date": 2018, "revenue": 10316914000, "earnings": 1000266000}, {"date": 2019, "revenue": 12247799000, "earnings": 472119000}, {"date": 2020, "revenue": 11043302000, "earnings": 670145000}], "quarterly": [{"date": "4Q2019", "revenue": 2600664000, "earnings": 169181000}, {"date": "1Q2020", "revenue": 2514063000, "earnings": 76824000}, {"date": "2Q2020", "revenue": 993974000, "earnings": -13860000}, {"date": "3Q2020", "revenue": 3078521000, "earnings": 355059000}]}, "financialCurrency": "INR"}, "calendarEvents": {"maxAge": 1, "earnings": {"earningsDate": ["2020-08-04 05:30:S"], "revenueLow": 6436030000, "revenueHigh": 6436030000}}, "price": {"maxAge": 1, "regularMarketChangePercent": -0.028754955, "regularMarketChange": -4.699997, "regularMarketTime": "2021-04-30 15:53:29", "priceHint": 2, "regularMarketPrice": 158.75, "regularMarketDayHigh": 165.5, "regularMarketDayLow": 158.2, "regularMarketVolume": 97635, "averageDailyVolume10Day": 360888, "averageDailyVolume3Month": 171980, "regularMarketPreviousClose": 163.45, "regularMarketSource": "FREE_REALTIME", "regularMarketOpen": 163.6, "exchange": "BSE", "exchangeName": "BSE", "exchangeDataDelayedBy": 0, "marketState": "CLOSED", "quoteType": "EQUITY", "symbol": "BEPL.BO", "underlyingSymbol": null, "shortName": "BHANSALI ENGINEERING POLYMERS", "longName": "Bhansali Engineering Polymers Limited", "currency": "INR", "quoteSourceName": "Delayed Quote", "currencySymbol": "\u20b9", "fromCurrency": null, "toCurrency": null, "lastMarket": null, "marketCap": 26337576960}, "balanceSheetHistory": {"balanceSheetStatements": [{"maxAge": 1, "endDate": "2020-03-31", "cash": 556763000, "netReceivables": 1858208000, "inventory": 2083544000, "otherCurrentAssets": 234026000, "totalCurrentAssets": 4741566000, "longTermInvestments": 15084000, "propertyPlantEquipment": 1510435000, "intangibleAssets": 876000, "otherAssets": 262744000, "totalAssets": 6530705000, "accountsPayable": 2723074000, "otherCurrentLiab": 3530000, "otherLiab": 205664000, "totalCurrentLiabilities": 2762922000, "totalLiab": 2968586000, "commonStock": 165906000, "retainedEarnings": 3098513000, "capitalSurplus": 297700000, "totalStockholderEquity": 3562119000, "netTangibleAssets": 3561243000}, {"maxAge": 1, "endDate": "2019-03-31", "cash": 205311000, "shortTermInvestments": 70400000, "netReceivables": 2453200000, "inventory": 1001257000, "otherCurrentAssets": 137288000, "totalCurrentAssets": 3803413000, "longTermInvestments": 13186000, "propertyPlantEquipment": 1434399000, "intangibleAssets": 592000, "otherAssets": 33887000, "totalAssets": 5285477000, "accountsPayable": 1944595000, "otherCurrentLiab": 6624000, "otherLiab": 250928000, "totalCurrentLiabilities": 2047337000, "totalLiab": 2298265000, "commonStock": 165906000, "retainedEarnings": 2523605000, "treasuryStock": 1000, "capitalSurplus": 297700000, "otherStockholderEquity": 1000, "totalStockholderEquity": 2987212000, "netTangibleAssets": 2986620000}, {"maxAge": 1, "endDate": "2018-03-31", "cash": 288382000, "netReceivables": 1855108000, "inventory": 800202000, "otherCurrentAssets": 122798000, "totalCurrentAssets": 3069257000, "longTermInvestments": 6342000, "propertyPlantEquipment": 1133142000, "intangibleAssets": 1744000, "otherAssets": 43390000, "deferredLongTermAssetCharges": 23624000, "totalAssets": 4253875000, "accountsPayable": 1257473000, "otherCurrentLiab": 140875000, "otherLiab": 174748000, "totalCurrentLiabilities": 1506470000, "totalLiab": 1681218000, "commonStock": 165906000, "retainedEarnings": 2109051000, "capitalSurplus": 297700000, "totalStockholderEquity": 2572657000, "netTangibleAssets": 2570913000}, {"maxAge": 1, "endDate": "2017-03-31", "cash": 17711000, "netReceivables": 1369906000, "inventory": 1392510000, "otherCurrentAssets": 468047000, "totalCurrentAssets": 3251863000, "longTermInvestments": 2469000, "propertyPlantEquipment": 928123000, "intangibleAssets": 1871000, "otherAssets": 13062000, "totalAssets": 4197388000, "accountsPayable": 987263000, "otherCurrentLiab": 90264000, "otherLiab": 80119000, "totalCurrentLiabilities": 2502703000, "totalLiab": 2582822000, "commonStock": 165906000, "retainedEarnings": 1150960000, "capitalSurplus": 297700000, "totalStockholderEquity": 1614566000, "netTangibleAssets": 1612695000}], "maxAge": 86400}, "earningsTrend": {"trend": [{"maxAge": 1, "period": "0q", "endDate": "2017-09-30", "growth": {}, "earningsEstimate": {"avg": 0.0, "low": 0.0, "high": 0.0, "yearAgoEps": {}, "numberOfAnalysts": 0, "growth": {}}, "revenueEstimate": {"avg": 0, "low": 6436030000, "high": 6436030000, "numberOfAnalysts": 1, "yearAgoRevenue": {}, "growth": {}}, "epsTrend": {"current": 0.0, "7daysAgo": 0.9, "30daysAgo": 0.9, "60daysAgo": 0.9, "90daysAgo": 0.9}, "epsRevisions": {"upLast7days": 0, "upLast30days": 0, "downLast30days": 0, "downLast90days": {}}}, {"maxAge": 1, "period": "+1q", "endDate": "2017-12-31", "growth": {}, "earningsEstimate": {"avg": 0.0, "low": 0.0, "high": 0.0, "yearAgoEps": {}, "numberOfAnalysts": 0, "growth": {}}, "revenueEstimate": {"avg": 0, "low": 6436030000, "high": 6436030000, "numberOfAnalysts": 1, "yearAgoRevenue": {}, "growth": {}}, "epsTrend": {"current": 0.0, "7daysAgo": 0.0, "30daysAgo": 0.0, "60daysAgo": 0.0, "90daysAgo": 0.0}, "epsRevisions": {"upLast7days": 0, "upLast30days": 0, "downLast30days": 0, "downLast90days": {}}}, {"maxAge": 1, "period": "0y", "endDate": "2017-03-31", "growth": {}, "earningsEstimate": {"avg": 0.0, "low": 0.0, "high": 0.0, "yearAgoEps": {}, "numberOfAnalysts": 0, "growth": {}}, "revenueEstimate": {"avg": 0, "low": 6436030000, "high": 6436030000, "numberOfAnalysts": 1, "yearAgoRevenue": {}, "growth": {}}, "epsTrend": {"current": 0.0, "7daysAgo": 1.53, "30daysAgo": 1.53, "60daysAgo": 1.53, "90daysAgo": 1.53}, "epsRevisions": {"upLast7days": 0, "upLast30days": 0, "downLast30days": 0, "downLast90days": {}}}, {"maxAge": 1, "period": "+1y", "endDate": "2018-03-31", "growth": {}, "earningsEstimate": {"avg": 0.0, "low": 0.0, "high": 0.0, "yearAgoEps": {}, "numberOfAnalysts": 0, "growth": {}}, "revenueEstimate": {"avg": 10588300000, "low": 10934300000, "high": 10934300000, "numberOfAnalysts": 1, "yearAgoRevenue": {}, "growth": {}}, "epsTrend": {"current": 0.0, "7daysAgo": 5.82, "30daysAgo": 5.82, "60daysAgo": 5.82, "90daysAgo": 5.82}, "epsRevisions": {"upLast7days": 0, "upLast30days": 0, "downLast30days": 0, "downLast90days": {}}}, {"maxAge": 1, "period": "+5y", "endDate": null, "growth": {}, "earningsEstimate": {"avg": {}, "low": {}, "high": {}, "yearAgoEps": {}, "numberOfAnalysts": {}, "growth": {}}, "revenueEstimate": {"avg": {}, "low": {}, "high": {}, "numberOfAnalysts": {}, "yearAgoRevenue": {}, "growth": {}}, "epsTrend": {"current": {}, "7daysAgo": {}, "30daysAgo": {}, "60daysAgo": {}, "90daysAgo": {}}, "epsRevisions": {"upLast7days": {}, "upLast30days": {}, "downLast30days": {}, "downLast90days": {}}}, {"maxAge": 1, "period": "-5y", "endDate": null, "growth": {}, "earningsEstimate": {"avg": {}, "low": {}, "high": {}, "yearAgoEps": {}, "numberOfAnalysts": {}, "growth": {}}, "revenueEstimate": {"avg": {}, "low": {}, "high": {}, "numberOfAnalysts": {}, "yearAgoRevenue": {}, "growth": {}}, "epsTrend": {"current": {}, "7daysAgo": {}, "30daysAgo": {}, "60daysAgo": {}, "90daysAgo": {}}, "epsRevisions": {"upLast7days": {}, "upLast30days": {}, "downLast30days": {}, "downLast90days": {}}}], "maxAge": 1}, "financialData": {"maxAge": 86400, "currentPrice": 158.75, "recommendationKey": "none", "grossProfits": 2096312000, "financialCurrency": "INR"}}}