{"BERGEPAINT.BO": {"recommendationTrend": {"trend": [{"period": "0m", "strongBuy": 0, "buy": 0, "hold": 0, "sell": 0, "strongSell": 0}, {"period": "-1m", "strongBuy": 0, "buy": 0, "hold": 0, "sell": 0, "strongSell": 0}, {"period": "-2m", "strongBuy": 0, "buy": 0, "hold": 0, "sell": 0, "strongSell": 0}, {"period": "-3m", "strongBuy": 0, "buy": 0, "hold": 0, "sell": 0, "strongSell": 0}], "maxAge": 86400}, "cashflowStatementHistory": {"cashflowStatements": [{"maxAge": 1, "endDate": "2020-03-31", "netIncome": 6578100000, "depreciation": 1884000000, "changeToNetincome": -243200000, "changeToAccountReceivables": -426300000, "changeToLiabilities": 634900000, "changeToInventory": -449300000, "changeToOperatingActivities": -757900000, "totalCashFromOperatingActivities": 7246400000, "capitalExpenditures": -4349500000, "investments": 1901900000, "otherCashflowsFromInvestingActivities": 174100000, "totalCashflowsFromInvestingActivities": -2233700000, "dividendsPaid": -3816300000, "netBorrowings": -663900000, "otherCashflowsFromFinancingActivities": -314100000, "totalCashFromFinancingActivities": -4794200000, "changeInCash": 218500000, "issuanceOfStock": 100000}, {"maxAge": 1, "endDate": "2019-03-31", "netIncome": 4943000000, "depreciation": 1787200000, "changeToNetincome": 265700000, "changeToAccountReceivables": 209100000, "changeToLiabilities": 455500000, "changeToInventory": -2261900000, "changeToOperatingActivities": 674300000, "totalCashFromOperatingActivities": 6108400000, "capitalExpenditures": -2927700000, "investments": -1056000000, "otherCashflowsFromInvestingActivities": 181700000, "totalCashflowsFromInvestingActivities": -3785900000, "dividendsPaid": -1745900000, "netBorrowings": -177900000, "otherCashflowsFromFinancingActivities": -664000000, "totalCashFromFinancingActivities": -2587700000, "changeInCash": -265200000, "issuanceOfStock": 100000}, {"maxAge": 1, "endDate": "2018-03-31", "netIncome": 4608300000, "depreciation": 1204500000, "changeToNetincome": -351700000, "changeToAccountReceivables": -1142600000, "changeToLiabilities": 1940500000, "changeToInventory": -718700000, "changeToOperatingActivities": -1358900000, "totalCashFromOperatingActivities": 4219000000, "capitalExpenditures": -2928700000, "investments": 1004900000, "otherCashflowsFromInvestingActivities": 56700000, "totalCashflowsFromInvestingActivities": -1834300000, "dividendsPaid": -1699300000, "netBorrowings": 289600000, "otherCashflowsFromFinancingActivities": -591600000, "totalCashFromFinancingActivities": -2001300000, "changeInCash": 383400000, "issuanceOfStock": 100000}, {"maxAge": 1, "endDate": "2017-03-31", "netIncome": 4736600000, "depreciation": 1030800000, "changeToNetincome": -596800000, "changeToAccountReceivables": -337600000, "changeToLiabilities": 915100000, "changeToInventory": -2031600000, "changeToOperatingActivities": 178900000, "totalCashFromOperatingActivities": 3945100000, "capitalExpenditures": -2686000000, "investments": -946300000, "otherCashflowsFromInvestingActivities": 47100000, "totalCashflowsFromInvestingActivities": -3083900000, "dividendsPaid": -970900000, "netBorrowings": 507500000, "otherCashflowsFromFinancingActivities": -360900000, "totalCashFromFinancingActivities": -824200000, "changeInCash": 37000000, "issuanceOfStock": 100000}], "maxAge": 86400}, "institutionOwnership": {"maxAge": 1, "ownershipList": []}, "balanceSheetHistoryQuarterly": {"balanceSheetStatements": [{"maxAge": 1, "endDate": "2020-06-30", "totalStockholderEquity": 26601300000, "netTangibleAssets": 23731800000}, {"maxAge": 1, "endDate": "2020-03-31", "cash": 789200000, "shortTermInvestments": 745400000, "netReceivables": 7668300000, "inventory": 12784600000, "otherCurrentAssets": 1962600000, "totalCurrentAssets": 25864500000, "longTermInvestments": 1373100000, "propertyPlantEquipment": 18071100000, "goodWill": 2789600000, "intangibleAssets": 79900000, "otherAssets": 871900000, "deferredLongTermAssetCharges": 55100000, "totalAssets": 49050100000, "accountsPayable": 10658100000, "shortLongTermDebt": 484000000, "otherCurrentLiab": 1449600000, "longTermDebt": 2382600000, "otherLiab": 987800000, "minorityInterest": 71100000, "totalCurrentLiabilities": 17065900000, "totalLiab": 22377700000, "commonStock": 971200000, "retainedEarnings": 24729200000, "treasuryStock": -266800000, "capitalSurplus": 1167700000, "otherStockholderEquity": -266800000, "totalStockholderEquity": 26601300000, "netTangibleAssets": 23731800000}, {"maxAge": 1, "endDate": "2019-12-31", "totalStockholderEquity": 25566600000, "netTangibleAssets": 22801600000}, {"maxAge": 1, "endDate": "2019-09-30", "cash": 3009600000, "shortTermInvestments": 3157700000, "netReceivables": 9131000000, "inventory": 12156200000, "otherCurrentAssets": 1979400000, "totalCurrentAssets": 29433900000, "longTermInvestments": 1499900000, "propertyPlantEquipment": 15788900000, "goodWill": 2680700000, "intangibleAssets": 84300000, "otherAssets": 857000000, "deferredLongTermAssetCharges": 9100000, "totalAssets": 50344700000, "accountsPayable": 10161300000, "otherCurrentLiab": 3411300000, "longTermDebt": 2665000000, "otherLiab": 902800000, "minorityInterest": 27800000, "totalCurrentLiabilities": 18920600000, "totalLiab": 24750300000, "commonStock": 971100000, "treasuryStock": 24595500000, "otherStockholderEquity": 24595500000, "totalStockholderEquity": 25566600000, "netTangibleAssets": 22801600000}], "maxAge": 86400}, "earningsHistory": {"history": [{"maxAge": 1, "epsActual": 0.99, "epsEstimate": 1.0, "epsDifference": -0.01, "surprisePercent": -0.01, "quarter": "2016-12-31", "period": "-4q"}, {"maxAge": 1, "epsActual": 1.08, "epsEstimate": 1.1, "epsDifference": -0.02, "surprisePercent": -0.018, "quarter": "2017-06-30", "period": "-3q"}, {"maxAge": 1, "epsActual": 1.11, "epsEstimate": 1.1, "epsDifference": 0.01, "surprisePercent": 0.009, "quarter": "2017-09-30", "period": "-2q"}, {"maxAge": 1, "epsActual": 1.34, "epsEstimate": 1.31, "epsDifference": 0.03, "surprisePercent": 0.023, "quarter": "2017-12-31", "period": "-1q"}], "maxAge": 86400}, "indexTrend": {"maxAge": 1, "symbol": "SP5", "peRatio": 19.7411, "pegRatio": 1.34172, "estimates": [{"period": "0q", "growth": 0.549}, {"period": "+1q", "growth": 0.431}, {"period": "0y", "growth": 0.305}, {"period": "+1y", "growth": 0.109}, {"period": "+5y", "growth": 0.120865}, {"period": "-5y"}]}, "industryTrend": {"maxAge": 1, "symbol": null, "estimates": []}, "insiderTransactions": {"transactions": [{"maxAge": 1, "shares": 3000, "value": 23918, "filerUrl": "", "transactionText": "Sale at price 7.97 per share.", "filerName": "Sarkar (Kaushik)", "filerRelation": "UNREPORTED", "moneyText": "", "startDate": "2020-09-28", "ownership": "D"}, {"maxAge": 1, "shares": 4000, "value": 32037, "filerUrl": "", "transactionText": "Sale at price 8.01 per share.", "filerName": "Sarkar (Kaushik)", "filerRelation": "UNREPORTED", "moneyText": "", "startDate": "2020-09-28", "ownership": "D"}, {"maxAge": 1, "shares": 3000, "value": 23202, "filerUrl": "", "transactionText": "Sale at price 7.73 per share.", "filerName": "Sarkar (Kaushik)", "filerRelation": "UNREPORTED", "moneyText": "", "startDate": "2020-09-23", "ownership": "D"}, {"maxAge": 1, "shares": 1000, "value": 7618, "filerUrl": "", "transactionText": "Sale at price 7.62 per share.", "filerName": "Sarkar (Kaushik)", "filerRelation": "UNREPORTED", "moneyText": "", "startDate": "2020-09-22", "ownership": "D"}, {"maxAge": 1, "shares": 5000, "value": 39114, "filerUrl": "", "transactionText": "Sale at price 7.82 per share.", "filerName": "Bhowmick (Sanjoy)", "filerRelation": "UNREPORTED", "moneyText": "", "startDate": "2020-09-21", "ownership": "D"}, {"maxAge": 1, "shares": 4000, "value": 30958, "filerUrl": "", "transactionText": "Sale at price 7.74 per share.", "filerName": "Bhowmick (Sanjoy)", "filerRelation": "UNREPORTED", "moneyText": "", "startDate": "2020-09-14", "ownership": "D"}, {"maxAge": 1, "shares": 2200, "value": 17071, "filerUrl": "", "transactionText": "Sale at price 7.76 per share.", "filerName": "Sen (Aniruddha)", "filerRelation": "UNREPORTED", "moneyText": "", "startDate": "2020-09-14", "ownership": "D"}, {"maxAge": 1, "shares": 4000, "value": 30214, "filerUrl": "", "transactionText": "Sale at price 7.55 per share.", "filerName": "Sen (Aniruddha)", "filerRelation": "Senior Vice President", "moneyText": "", "startDate": "2020-09-08", "ownership": "D"}, {"maxAge": 1, "shares": 4000, "value": 30226, "filerUrl": "", "transactionText": "Sale at price 7.56 per share.", "filerName": "Sarkar (Kaushik)", "filerRelation": "UNREPORTED", "moneyText": "", "startDate": "2020-09-07", "ownership": "D"}, {"maxAge": 1, "shares": 34201, "value": 258597, "filerUrl": "", "transactionText": "Sale at price 7.56 per share.", "filerName": "Sen (Aniruddha)", "filerRelation": "UNREPORTED", "moneyText": "", "startDate": "2020-09-04", "ownership": "D"}, {"maxAge": 1, "shares": 1700, "value": 12936, "filerUrl": "", "transactionText": "Sale at price 7.61 per share.", "filerName": "Bhowmick (Sanjoy)", "filerRelation": "UNREPORTED", "moneyText": "", "startDate": "2020-09-03", "ownership": "D"}, {"maxAge": 1, "shares": 4000, "value": 30299, "filerUrl": "", "transactionText": "Sale at price 7.57 per share.", "filerName": "Sarkar (Kaushik)", "filerRelation": "UNREPORTED", "moneyText": "", "startDate": "2020-09-02", "ownership": "D"}, {"maxAge": 1, "shares": 1800, "value": 13756, "filerUrl": "", "transactionText": "Sale at price 7.64 per share.", "filerName": "Mukherjee (Sujyoti)", "filerRelation": "UNREPORTED", "moneyText": "", "startDate": "2020-08-26", "ownership": "D"}, {"maxAge": 1, "shares": 1800, "value": 13930, "filerUrl": "", "transactionText": "Sale at price 7.74 per share.", "filerName": "Mukherjee (Sujyoti)", "filerRelation": "UNREPORTED", "moneyText": "", "startDate": "2020-08-24", "ownership": "D"}, {"maxAge": 1, "shares": 1750, "value": 12939, "filerUrl": "", "transactionText": "Sale at price 7.39 per share.", "filerName": "Mukherjee (Sujyoti)", "filerRelation": "UNREPORTED", "moneyText": "", "startDate": "2020-08-21", "ownership": "D"}, {"maxAge": 1, "shares": 1200, "value": 8811, "filerUrl": "", "transactionText": "Sale at price 7.34 per share.", "filerName": "Mukherjee (Sujyoti)", "filerRelation": "UNREPORTED", "moneyText": "", "startDate": "2020-08-21", "ownership": "D"}, {"maxAge": 1, "shares": 1800, "value": 13550, "filerUrl": "", "transactionText": "Sale at price 7.53 per share.", "filerName": "Mukherjee (Sujyoti)", "filerRelation": "UNREPORTED", "moneyText": "", "startDate": "2020-08-21", "ownership": "D"}, {"maxAge": 1, "shares": 4000, "value": 29677, "filerUrl": "", "transactionText": "Sale at price 7.42 per share.", "filerName": "Basu (Suranjan)", "filerRelation": "UNREPORTED", "moneyText": "", "startDate": "2020-08-20", "ownership": "D"}, {"maxAge": 1, "shares": 13448, "value": 101336, "filerUrl": "", "transactionText": "Sale at price 7.54 per share.", "filerName": "Chatterjee (Abhimanya)", "filerRelation": "UNREPORTED", "moneyText": "", "startDate": "2020-08-19", "ownership": "D"}, {"maxAge": 1, "shares": 4000, "value": 30018, "filerUrl": "", "transactionText": "Sale at price 7.50 per share.", "filerName": "Ghosh (Kaushik)", "filerRelation": "UNREPORTED", "moneyText": "", "startDate": "2020-08-19", "ownership": "D"}, {"maxAge": 1, "shares": 785, "value": 5227, "filerUrl": "", "transactionText": "Sale at price 6.66 per share.", "filerName": "Chakravorty (Ranjit)", "filerRelation": "UNREPORTED", "moneyText": "", "startDate": "2020-06-30", "ownership": "D"}, {"maxAge": 1, "shares": 1900, "filerUrl": "", "transactionText": "", "filerName": "Dendukuri (Venkata Apparao)", "filerRelation": "UNREPORTED", "moneyText": "", "startDate": "2020-06-26", "ownership": "D"}, {"maxAge": 1, "shares": 18687, "filerUrl": "", "transactionText": "", "filerName": "Chakravorty (Ranjit)", "filerRelation": "UNREPORTED", "moneyText": "", "startDate": "2019-12-24", "ownership": "D"}, {"maxAge": 1, "shares": 200, "filerUrl": "", "transactionText": "", "filerName": "Chakravorty (Ranjit)", "filerRelation": "UNREPORTED", "moneyText": "", "startDate": "2019-12-20", "ownership": "D"}, {"maxAge": 1, "shares": 15000, "filerUrl": "", "transactionText": "", "filerName": "Flair Exports Pvt. Ltd.", "filerRelation": "UNREPORTED", "moneyText": "", "startDate": "2019-09-23", "ownership": "D"}, {"maxAge": 1, "shares": 10000, "filerUrl": "", "transactionText": "", "filerName": "Positive Securities Limited", "filerRelation": "UNREPORTED", "moneyText": "", "startDate": "2019-09-23", "ownership": "D"}, {"maxAge": 1, "shares": 2000000, "filerUrl": "", "transactionText": "", "filerName": "Dhingra (Gurbachan Singh)", "filerRelation": "Non Executive Chairman", "moneyText": "", "startDate": "2019-09-03", "ownership": "D"}, {"maxAge": 1, "shares": 100000, "filerUrl": "", "transactionText": "", "filerName": "Dhingra (Kanwardip Singh)", "filerRelation": "Wholetime Director", "moneyText": "", "startDate": "2019-09-03", "ownership": "D"}, {"maxAge": 1, "shares": 2100000, "filerUrl": "", "transactionText": "", "filerName": "Dhingra (Vinu)", "filerRelation": "Promoter", "moneyText": "", "startDate": "2019-09-03", "ownership": "D"}, {"maxAge": 1, "shares": 10000, "filerUrl": "", "transactionText": "", "filerName": "Chatterjee (Abhimanya)", "filerRelation": "UNREPORTED", "moneyText": "", "startDate": "2019-08-13", "ownership": "D"}, {"maxAge": 1, "shares": 9852, "filerUrl": "", "transactionText": "", "filerName": "Nair (Sudhir Rajagopalan)", "filerRelation": "UNREPORTED", "moneyText": "", "startDate": "2019-08-09", "ownership": "D"}, {"maxAge": 1, "shares": 19276444, "filerUrl": "", "transactionText": "", "filerName": "Wang Investment Finance Pvt Ltd", "filerRelation": "Promoter", "moneyText": "", "startDate": "2019-06-06", "ownership": "D"}, {"maxAge": 1, "shares": 7000, "filerUrl": "", "transactionText": "", "filerName": "Advantage Creations Pvt. Ltd.,", "filerRelation": "Institution- Corporation", "moneyText": "", "startDate": "2018-10-24", "ownership": "D"}, {"maxAge": 1, "shares": 2500, "filerUrl": "", "transactionText": "", "filerName": "Span decor pvt. Ltd.", "filerRelation": "Institution- Corporation", "moneyText": "", "startDate": "2018-10-24", "ownership": "D"}, {"maxAge": 1, "shares": 15500, "filerUrl": "", "transactionText": "", "filerName": "Stallion Creations Pvt. Ltd.,", "filerRelation": "Institution- Corporation", "moneyText": "", "startDate": "2018-10-24", "ownership": "D"}], "maxAge": 1}, "quoteType": {"exchange": "BSE", "quoteType": "EQUITY", "symbol": "BERGEPAINT.BO", "underlyingSymbol": "BERGEPAINT.BO", "shortName": "BERGER PAINTS INDIA LTD.", "longName": "Berger Paints India Limited", "firstTradeDateEpochUtc": "2002-07-01 09:15:00", "timeZoneFullName": "Asia/Kolkata", "timeZoneShortName": "IST", "uuid": "1c7af4a6-c399-38b6-a9be-30774a882991", "messageBoardId": null, "gmtOffSetMilliseconds": 19800000, "maxAge": 1}, "incomeStatementHistory": {"incomeStatementHistory": [{"maxAge": 1, "endDate": "2020-03-31", "totalRevenue": 63658200000, "costOfRevenue": 37586500000, "grossProfit": 26071700000, "researchDevelopment": {}, "sellingGeneralAdministrative": 7213300000, "nonRecurring": {}, "otherOperatingExpenses": 8172700000, "totalOperatingExpenses": 54882600000, "operatingIncome": 8775600000, "totalOtherIncomeExpenseNet": 56000000, "ebit": 8775600000, "interestExpense": -458400000, "incomeBeforeTax": 8831600000, "incomeTaxExpense": 2270600000, "minorityInterest": 71100000, "netIncomeFromContinuingOps": 6561000000, "discontinuedOperations": {}, "extraordinaryItems": {}, "effectOfAccountingCharges": {}, "otherItems": {}, "netIncome": 6578100000, "netIncomeApplicableToCommonShares": 6578100000}, {"maxAge": 1, "endDate": "2019-03-31", "totalRevenue": 60618600000, "costOfRevenue": 37291500000, "grossProfit": 23327100000, "researchDevelopment": {}, "sellingGeneralAdministrative": 6146800000, "nonRecurring": {}, "otherOperatingExpenses": 7636700000, "totalOperatingExpenses": 52897700000, "operatingIncome": 7720900000, "totalOtherIncomeExpenseNet": -69300000, "ebit": 7720900000, "interestExpense": -470000000, "incomeBeforeTax": 7651600000, "incomeTaxExpense": 2712700000, "minorityInterest": 34500000, "netIncomeFromContinuingOps": 4938900000, "discontinuedOperations": {}, "extraordinaryItems": {}, "effectOfAccountingCharges": {}, "otherItems": {}, "netIncome": 4943000000, "netIncomeApplicableToCommonShares": 4943000000}, {"maxAge": 1, "endDate": "2018-03-31", "totalRevenue": 51657300000, "costOfRevenue": 30342700000, "grossProfit": 21314600000, "researchDevelopment": {}, "sellingGeneralAdministrative": 6585600000, "nonRecurring": {}, "otherOperatingExpenses": 6562600000, "totalOperatingExpenses": 44815100000, "operatingIncome": 6842200000, "totalOtherIncomeExpenseNet": 205200000, "ebit": 6842200000, "interestExpense": -243400000, "incomeBeforeTax": 7047400000, "incomeTaxExpense": 2439100000, "minorityInterest": 34500000, "netIncomeFromContinuingOps": 4608300000, "discontinuedOperations": {}, "extraordinaryItems": {}, "effectOfAccountingCharges": {}, "otherItems": {}, "netIncome": 4608300000, "netIncomeApplicableToCommonShares": 4608300000}, {"maxAge": 1, "endDate": "2017-03-31", "totalRevenue": 45522500000, "costOfRevenue": 26182400000, "grossProfit": 19340100000, "researchDevelopment": {}, "sellingGeneralAdministrative": 5954600000, "nonRecurring": {}, "otherOperatingExpenses": 6115300000, "totalOperatingExpenses": 39413900000, "operatingIncome": 6108600000, "totalOtherIncomeExpenseNet": 922200000, "ebit": 6108600000, "interestExpense": -160200000, "incomeBeforeTax": 7030800000, "incomeTaxExpense": 2294200000, "minorityInterest": 34500000, "netIncomeFromContinuingOps": 4736600000, "discontinuedOperations": {}, "extraordinaryItems": {}, "effectOfAccountingCharges": {}, "otherItems": {}, "netIncome": 4736600000, "netIncomeApplicableToCommonShares": 4736600000}], "maxAge": 86400}, "fundOwnership": {"maxAge": 1, "ownershipList": [{"maxAge": 1, "reportDate": "2020-07-31", "organization": "Vanguard International Stock Index-Total Intl Stock Indx", "pctHeld": 0.0043, "position": 4177529, "value": 2199260142}, {"maxAge": 1, "reportDate": "2020-07-31", "organization": "Vanguard International Stock Index-Emerging Markets Stk", "pctHeld": 0.0032, "position": 3151694, "value": 1659209306}, {"maxAge": 1, "reportDate": "2020-06-30", "organization": "Smallcap World Fund", "pctHeld": 0.0026, "position": 2500993, "value": 1235240442}, {"maxAge": 1, "reportDate": "2020-07-31", "organization": "iShares Core MSCI Emerging Markets ETF", "pctHeld": 0.0018000001, "position": 1734141, "value": 912938529}, {"maxAge": 1, "reportDate": "2020-06-30", "organization": "Wasatch Emerging India Fund", "pctHeld": 0.0015, "position": 1442284, "value": 712344067}, {"maxAge": 1, "reportDate": "2020-08-31", "organization": "iShares MSCI India ETF", "pctHeld": 0.0014, "position": 1375212, "value": 739451492}, {"maxAge": 1, "reportDate": "2020-06-30", "organization": "Wasatch Emerging Markets Small Cap Fund", "pctHeld": 0.0014, "position": 1347747, "value": 665652243}, {"maxAge": 1, "reportDate": "2020-07-31", "organization": "DFA Emerging Markets Core Equity Portfolio", "pctHeld": 0.0013, "position": 1253502, "value": 659906127}, {"maxAge": 1, "reportDate": "2020-06-30", "organization": "Wasatch International Growth Fund", "pctHeld": 0.0011, "position": 1039406, "value": 513362623}, {"maxAge": 1, "reportDate": "2020-06-30", "organization": "Emerging Markets Growth Fund", "pctHeld": 0.00090000004, "position": 921866, "value": 455309617}]}, "summaryDetail": {"maxAge": 1, "priceHint": 2, "previousClose": 714.5, "open": 714.0, "dayLow": 701.05, "dayHigh": 716.6, "regularMarketPreviousClose": 714.5, "regularMarketOpen": 714.0, "regularMarketDayLow": 701.05, "regularMarketDayHigh": 716.6, "trailingPE": 136.58513, "forwardPE": 130.52876, "volume": 17219, "regularMarketVolume": 17219, "averageVolume": 58816, "averageVolume10days": 48067, "averageDailyVolume10Day": 48067, "bid": 704.0, "ask": 707.0, "bidSize": 0, "askSize": 0, "marketCap": 683301797888, "fiftyTwoWeekLow": 390.0, "fiftyTwoWeekHigh": 824.8, "fiftyDayAverage": 764.3857, "twoHundredDayAverage": 655.98395, "trailingAnnualDividendRate": 2.2, "trailingAnnualDividendYield": 0.0030790763, "currency": "INR", "fromCurrency": null, "toCurrency": null, "lastMarket": null, "algorithm": null, "tradeable": false}, "sectorTrend": {"maxAge": 1, "symbol": null, "estimates": []}, "incomeStatementHistoryQuarterly": {"incomeStatementHistory": [{"maxAge": 1, "endDate": "2020-06-30", "totalRevenue": 9307600000, "costOfRevenue": 5495200000, "grossProfit": 3812400000, "researchDevelopment": {}, "sellingGeneralAdministrative": 1162100000, "nonRecurring": {}, "otherOperatingExpenses": 1729400000, "totalOperatingExpenses": 8890300000, "operatingIncome": 417300000, "totalOtherIncomeExpenseNet": -90300000, "ebit": 417300000, "interestExpense": -123900000, "incomeBeforeTax": 327000000, "incomeTaxExpense": 176100000, "minorityInterest": {}, "netIncomeFromContinuingOps": 150900000, "discontinuedOperations": {}, "extraordinaryItems": {}, "effectOfAccountingCharges": {}, "otherItems": {}, "netIncome": 154200000, "netIncomeApplicableToCommonShares": 154200000}, {"maxAge": 1, "endDate": "2020-03-31", "totalRevenue": 13548400000, "costOfRevenue": 7967200000, "grossProfit": 5581200000, "researchDevelopment": {}, "sellingGeneralAdministrative": 3925200000, "nonRecurring": {}, "otherOperatingExpenses": -504000000, "totalOperatingExpenses": 11881600000, "operatingIncome": 1666800000, "totalOtherIncomeExpenseNet": -74700000, "ebit": 1666800000, "interestExpense": -128700000, "incomeBeforeTax": 1592100000, "incomeTaxExpense": 560300000, "minorityInterest": 71100000, "netIncomeFromContinuingOps": 1031800000, "discontinuedOperations": {}, "extraordinaryItems": {}, "effectOfAccountingCharges": {}, "otherItems": {}, "netIncome": 1037200000, "netIncomeApplicableToCommonShares": 1037200000}, {"maxAge": 1, "endDate": "2019-12-31", "totalRevenue": 16958700000, "costOfRevenue": 10039200000, "grossProfit": 6919500000, "researchDevelopment": {}, "sellingGeneralAdministrative": 1046500000, "nonRecurring": {}, "otherOperatingExpenses": 2910300000, "totalOperatingExpenses": 14478700000, "operatingIncome": 2480000000, "totalOtherIncomeExpenseNet": -24200000, "ebit": 2480000000, "interestExpense": -126500000, "incomeBeforeTax": 2455800000, "incomeTaxExpense": 637300000, "minorityInterest": 71100000, "netIncomeFromContinuingOps": 1818500000, "discontinuedOperations": {}, "extraordinaryItems": {}, "effectOfAccountingCharges": {}, "otherItems": {}, "netIncome": 1823500000, "netIncomeApplicableToCommonShares": 1823500000}, {"maxAge": 1, "endDate": "2019-09-30", "totalRevenue": 15985800000, "costOfRevenue": 9426100000, "grossProfit": 6559700000, "researchDevelopment": {}, "sellingGeneralAdministrative": 1125000000, "nonRecurring": {}, "otherOperatingExpenses": 2923500000, "totalOperatingExpenses": 13946900000, "operatingIncome": 2038900000, "totalOtherIncomeExpenseNet": 36700000, "ebit": 2038900000, "interestExpense": -103800000, "incomeBeforeTax": 2075600000, "incomeTaxExpense": 129000000, "minorityInterest": 27800000, "netIncomeFromContinuingOps": 1946600000, "discontinuedOperations": {}, "extraordinaryItems": {}, "effectOfAccountingCharges": {}, "otherItems": {}, "netIncome": 1949800000, "netIncomeApplicableToCommonShares": 1949800000}], "maxAge": 86400}, "cashflowStatementHistoryQuarterly": {"cashflowStatements": [{"maxAge": 1, "endDate": "2020-06-30", "netIncome": 154200000, "changeToLiabilities": 0}, {"maxAge": 1, "endDate": "2020-03-31", "netIncome": 1037200000, "changeToLiabilities": 0}, {"maxAge": 1, "endDate": "2019-12-31", "netIncome": 1823500000, "changeToLiabilities": 0}, {"maxAge": 1, "endDate": "2019-09-30", "netIncome": 1949800000, "changeToLiabilities": 0}], "maxAge": 86400}, "insiderHolders": {"holders": [{"maxAge": 1, "name": "Basu (Suranjan)", "relation": "UNREPORTED", "url": "", "transactionDescription": "Sale", "latestTransDate": "2020-08-20", "positionDirect": 10070, "positionDirectDate": "2020-08-20"}, {"maxAge": 1, "name": "Bhowmick (Sanjoy)", "relation": "UNREPORTED", "url": "", "transactionDescription": "Sale", "latestTransDate": "2020-09-21", "positionDirect": 6117, "positionDirectDate": "2020-09-21"}, {"maxAge": 1, "name": "Chakravorty (Ranjit)", "relation": "UNREPORTED", "url": "", "transactionDescription": "Sale", "latestTransDate": "2020-06-30", "positionDirect": 0, "positionDirectDate": "2020-06-30"}, {"maxAge": 1, "name": "Chatterjee (Abhimanya)", "relation": "UNREPORTED", "url": "", "transactionDescription": "Sale", "latestTransDate": "2020-08-19", "positionDirect": 45, "positionDirectDate": "2020-08-19"}, {"maxAge": 1, "name": "Dendukuri (Venkata Apparao)", "relation": "UNREPORTED", "url": "", "transactionDescription": "Sale", "latestTransDate": "2020-06-26", "positionDirect": 55, "positionDirectDate": "2020-06-26"}, {"maxAge": 1, "name": "Flair Exports Pvt. Ltd.", "relation": "UNREPORTED", "url": "", "transactionDescription": "Sale", "latestTransDate": "2019-09-23", "positionDirect": 822778, "positionDirectDate": "2019-09-23"}, {"maxAge": 1, "name": "Ghosh (Kaushik)", "relation": "UNREPORTED", "url": "", "transactionDescription": "Sale", "latestTransDate": "2020-08-19", "positionDirect": 20000, "positionDirectDate": "2020-08-19"}, {"maxAge": 1, "name": "Mukherjee (Sujyoti)", "relation": "UNREPORTED", "url": "", "transactionDescription": "Sale", "latestTransDate": "2020-08-26", "positionDirect": 24578, "positionDirectDate": "2020-08-26"}, {"maxAge": 1, "name": "Sarkar (Kaushik)", "relation": "UNREPORTED", "url": "", "transactionDescription": "Sale", "latestTransDate": "2020-09-28", "positionDirect": 14443, "positionDirectDate": "2020-09-28"}, {"maxAge": 1, "name": "Sen (Aniruddha)", "relation": "UNREPORTED", "url": "", "transactionDescription": "Sale", "latestTransDate": "2020-09-14", "positionDirect": 30835, "positionDirectDate": "2020-09-14"}], "maxAge": 1}, "earnings": {"maxAge": 86400, "earningsChart": {"quarterly": [{"date": "4Q2016", "actual": 0.99, "estimate": 1.0}, {"date": "2Q2017", "actual": 1.08, "estimate": 1.1}, {"date": "3Q2017", "actual": 1.11, "estimate": 1.1}, {"date": "4Q2017", "actual": 1.34, "estimate": 1.31}], "currentQuarterEstimateDate": "1Q", "currentQuarterEstimateYear": 2018, "earningsDate": []}, "financialsChart": {"yearly": [{"date": 2017, "revenue": 45522500000, "earnings": 4736600000}, {"date": 2018, "revenue": 51657300000, "earnings": 4608300000}, {"date": 2019, "revenue": 60618600000, "earnings": 4943000000}, {"date": 2020, "revenue": 63658200000, "earnings": 6578100000}], "quarterly": [{"date": "3Q2019", "revenue": 15985800000, "earnings": 1949800000}, {"date": "4Q2019", "revenue": 16958700000, "earnings": 1823500000}, {"date": "1Q2020", "revenue": 13548400000, "earnings": 1037200000}, {"date": "2Q2020", "revenue": 9307600000, "earnings": 154200000}]}, "financialCurrency": "INR"}, "calendarEvents": {"maxAge": 1, "earnings": {"earningsDate": [], "revenueAverage": 12059100000, "revenueLow": 12455000000, "revenueHigh": 12963000000}}, "price": {"maxAge": 1, "regularMarketChangePercent": -0.01532542, "regularMarketChange": -10.950012, "regularMarketTime": "2021-04-30 15:29:55", "priceHint": 2, "regularMarketPrice": 703.55, "regularMarketDayHigh": 716.6, "regularMarketDayLow": 701.05, "regularMarketVolume": 17219, "averageDailyVolume10Day": 48067, "averageDailyVolume3Month": 58816, "regularMarketPreviousClose": 714.5, "regularMarketSource": "FREE_REALTIME", "regularMarketOpen": 714.0, "exchange": "BSE", "exchangeName": "BSE", "exchangeDataDelayedBy": 0, "marketState": "CLOSED", "quoteType": "EQUITY", "symbol": "BERGEPAINT.BO", "underlyingSymbol": null, "shortName": "BERGER PAINTS INDIA LTD.", "longName": "Berger Paints India Limited", "currency": "INR", "quoteSourceName": "Delayed Quote", "currencySymbol": "\u20b9", "fromCurrency": null, "toCurrency": null, "lastMarket": null, "marketCap": 683301797888}, "balanceSheetHistory": {"balanceSheetStatements": [{"maxAge": 1, "endDate": "2020-03-31", "cash": 789200000, "shortTermInvestments": 745400000, "netReceivables": 7668300000, "inventory": 12784600000, "otherCurrentAssets": 1962600000, "totalCurrentAssets": 25864500000, "longTermInvestments": 1373100000, "propertyPlantEquipment": 18071100000, "goodWill": 2789600000, "intangibleAssets": 79900000, "otherAssets": 871900000, "deferredLongTermAssetCharges": 55100000, "totalAssets": 49050100000, "accountsPayable": 10658100000, "shortLongTermDebt": 484000000, "otherCurrentLiab": 1449600000, "longTermDebt": 2382600000, "otherLiab": 987800000, "minorityInterest": 71100000, "totalCurrentLiabilities": 17065900000, "totalLiab": 22377700000, "commonStock": 971200000, "retainedEarnings": 24729200000, "treasuryStock": -266800000, "capitalSurplus": 1167700000, "otherStockholderEquity": -266800000, "totalStockholderEquity": 26601300000, "netTangibleAssets": 23731800000}, {"maxAge": 1, "endDate": "2019-03-31", "cash": 570700000, "shortTermInvestments": 1757300000, "netReceivables": 7261200000, "inventory": 12335300000, "otherCurrentAssets": 1285200000, "totalCurrentAssets": 25825900000, "longTermInvestments": 1456600000, "propertyPlantEquipment": 14751900000, "goodWill": 2692500000, "intangibleAssets": 81000000, "otherAssets": 862000000, "deferredLongTermAssetCharges": 103200000, "totalAssets": 45669900000, "accountsPayable": 9993300000, "shortLongTermDebt": 361200000, "otherCurrentLiab": 1385000000, "longTermDebt": 2304900000, "otherLiab": 1145600000, "minorityInterest": 34500000, "totalCurrentLiabilities": 15733600000, "totalLiab": 21197300000, "commonStock": 971100000, "retainedEarnings": 22467200000, "treasuryStock": -146400000, "capitalSurplus": 1146200000, "otherStockholderEquity": -146400000, "totalStockholderEquity": 24438100000, "netTangibleAssets": 21664600000}, {"maxAge": 1, "endDate": "2018-03-31", "cash": 835900000, "shortTermInvestments": 1158800000, "netReceivables": 7245000000, "inventory": 10073400000, "otherCurrentAssets": 1914000000, "totalCurrentAssets": 23593100000, "longTermInvestments": 1056300000, "propertyPlantEquipment": 10949900000, "goodWill": 2645700000, "intangibleAssets": 47700000, "otherAssets": 1141200000, "deferredLongTermAssetCharges": 7400000, "totalAssets": 39433900000, "accountsPayable": 9552500000, "otherCurrentLiab": 1348500000, "longTermDebt": 2442000000, "otherLiab": 967500000, "totalCurrentLiabilities": 14026600000, "totalLiab": 17488800000, "commonStock": 971000000, "retainedEarnings": 19806000000, "treasuryStock": 44700000, "capitalSurplus": 1123400000, "otherStockholderEquity": 44700000, "totalStockholderEquity": 21945100000, "netTangibleAssets": 19251700000}, {"maxAge": 1, "endDate": "2017-03-31", "cash": 452500000, "shortTermInvestments": 523800000, "netReceivables": 5931100000, "inventory": 9354700000, "otherCurrentAssets": 559700000, "totalCurrentAssets": 20577200000, "longTermInvestments": 1049700000, "propertyPlantEquipment": 10124100000, "goodWill": 1789000000, "intangibleAssets": 68600000, "otherAssets": 794700000, "deferredLongTermAssetCharges": 7600000, "totalAssets": 34403300000, "accountsPayable": 7612000000, "otherCurrentLiab": 1388400000, "longTermDebt": 2595900000, "otherLiab": 972000000, "totalCurrentLiabilities": 11794900000, "totalLiab": 15387700000, "commonStock": 971000000, "retainedEarnings": 17232700000, "treasuryStock": -301200000, "capitalSurplus": 1113100000, "otherStockholderEquity": -301200000, "totalStockholderEquity": 19015600000, "netTangibleAssets": 17158000000}], "maxAge": 86400}, "earningsTrend": {"trend": [{"maxAge": 1, "period": "0q", "endDate": "2018-03-31", "growth": {}, "earningsEstimate": {"avg": 0.0, "low": 0.0, "high": 0.0, "yearAgoEps": 0.99, "numberOfAnalysts": 0, "growth": {}}, "revenueEstimate": {"avg": 12059100000, "low": 12455000000, "high": 12963000000, "numberOfAnalysts": 9, "yearAgoRevenue": {}, "growth": {}}, "epsTrend": {"current": 0.0, "7daysAgo": 1.25, "30daysAgo": 1.25, "60daysAgo": 1.25, "90daysAgo": 1.25}, "epsRevisions": {"upLast7days": 0, "upLast30days": 0, "downLast30days": 0, "downLast90days": {}}}, {"maxAge": 1, "period": "+1q", "endDate": "2018-06-30", "growth": {}, "earningsEstimate": {"avg": 0.0, "low": 0.0, "high": 0.0, "yearAgoEps": 1.08, "numberOfAnalysts": 0, "growth": {}}, "revenueEstimate": {"avg": 13867600000, "low": 14021300000, "high": 14572000000, "numberOfAnalysts": 10, "yearAgoRevenue": 11492100000, "growth": 0.207}, "epsTrend": {"current": 0.0, "7daysAgo": 1.35, "30daysAgo": 1.35, "60daysAgo": 1.35, "90daysAgo": 1.35}, "epsRevisions": {"upLast7days": 0, "upLast30days": 0, "downLast30days": 0, "downLast90days": {}}}, {"maxAge": 1, "period": "0y", "endDate": "2018-03-31", "growth": {}, "earningsEstimate": {"avg": 0.0, "low": 0.0, "high": 0.0, "yearAgoEps": {}, "numberOfAnalysts": 0, "growth": {}}, "revenueEstimate": {"avg": 47237900000, "low": 46979000000, "high": 46979000000, "numberOfAnalysts": 1, "yearAgoRevenue": 35815300000, "growth": 0.319}, "epsTrend": {"current": 0.0, "7daysAgo": 4.7, "30daysAgo": 4.7, "60daysAgo": 4.7, "90daysAgo": 4.7}, "epsRevisions": {"upLast7days": 0, "upLast30days": 0, "downLast30days": 0, "downLast90days": {}}}, {"maxAge": 1, "period": "+1y", "endDate": "2019-03-31", "growth": {}, "earningsEstimate": {"avg": 0.0, "low": 0.0, "high": 0.0, "yearAgoEps": {}, "numberOfAnalysts": 0, "growth": {}}, "revenueEstimate": {"avg": 60102900000, "low": 58314000000, "high": 61053000000, "numberOfAnalysts": 11, "yearAgoRevenue": 47237900000, "growth": 0.272}, "epsTrend": {"current": 0.0, "7daysAgo": 5.39, "30daysAgo": 5.39, "60daysAgo": 5.39, "90daysAgo": 5.39}, "epsRevisions": {"upLast7days": 0, "upLast30days": 0, "downLast30days": 0, "downLast90days": {}}}, {"maxAge": 1, "period": "+5y", "endDate": null, "growth": 0.2008, "earningsEstimate": {"avg": {}, "low": {}, "high": {}, "yearAgoEps": {}, "numberOfAnalysts": {}, "growth": {}}, "revenueEstimate": {"avg": {}, "low": {}, "high": {}, "numberOfAnalysts": {}, "yearAgoRevenue": {}, "growth": {}}, "epsTrend": {"current": {}, "7daysAgo": {}, "30daysAgo": {}, "60daysAgo": {}, "90daysAgo": {}}, "epsRevisions": {"upLast7days": {}, "upLast30days": {}, "downLast30days": {}, "downLast90days": {}}}, {"maxAge": 1, "period": "-5y", "endDate": null, "growth": {}, "earningsEstimate": {"avg": {}, "low": {}, "high": {}, "yearAgoEps": {}, "numberOfAnalysts": {}, "growth": {}}, "revenueEstimate": {"avg": {}, "low": {}, "high": {}, "numberOfAnalysts": {}, "yearAgoRevenue": {}, "growth": {}}, "epsTrend": {"current": {}, "7daysAgo": {}, "30daysAgo": {}, "60daysAgo": {}, "90daysAgo": {}}, "epsRevisions": {"upLast7days": {}, "upLast30days": {}, "downLast30days": {}, "downLast90days": {}}}], "maxAge": 1}, "financialData": {"maxAge": 86400, "currentPrice": 703.55, "targetHighPrice": 350.0, "targetLowPrice": 275.0, "targetMeanPrice": 306.79, "targetMedianPrice": 303.5, "recommendationKey": "none", "numberOfAnalystOpinions": 14, "grossProfits": 26071700000, "financialCurrency": "INR"}}}