{"BETXIND.BO": {"cashflowStatementHistory": {"cashflowStatements": [{"maxAge": 1, "endDate": "2020-03-31", "netIncome": 4254391, "depreciation": 7335731, "changeToNetincome": 2799304, "changeToAccountReceivables": -31689715, "changeToLiabilities": 0, "changeToInventory": 14384774, "changeToOperatingActivities": 33871406, "totalCashFromOperatingActivities": 30955891, "capitalExpenditures": -2742898, "otherCashflowsFromInvestingActivities": 1001346, "totalCashflowsFromInvestingActivities": 58448, "netBorrowings": -16798789, "otherCashflowsFromFinancingActivities": -1464009, "totalCashFromFinancingActivities": -18262798, "changeInCash": 12751541}, {"maxAge": 1, "endDate": "2019-03-31", "netIncome": 9811535, "depreciation": 13193406, "changeToNetincome": -1411643, "changeToAccountReceivables": -4748500, "changeToLiabilities": 0, "changeToInventory": -7622016, "changeToOperatingActivities": 27590546, "totalCashFromOperatingActivities": 36813328, "capitalExpenditures": -7726437, "investments": 9719513, "otherCashflowsFromInvestingActivities": 1762136, "totalCashflowsFromInvestingActivities": 3755212, "netBorrowings": -35104818, "otherCashflowsFromFinancingActivities": -2928491, "totalCashFromFinancingActivities": -38033309, "changeInCash": 2535231}, {"maxAge": 1, "endDate": "2018-03-31", "netIncome": 9070701, "depreciation": 11899244, "changeToNetincome": 7100063, "changeToAccountReceivables": 31380314, "changeToLiabilities": 0, "changeToInventory": 2778620, "changeToOperatingActivities": -80193143, "totalCashFromOperatingActivities": -17964201, "capitalExpenditures": -7726437, "investments": 600000, "otherCashflowsFromInvestingActivities": 2405429, "totalCashflowsFromInvestingActivities": 17447080, "netBorrowings": 5197583, "otherCashflowsFromFinancingActivities": -9633871, "totalCashFromFinancingActivities": -4436288, "changeInCash": -4953409}, {"maxAge": 1, "endDate": "2017-03-31", "netIncome": 11139950, "depreciation": 14412622, "changeToNetincome": 10589827, "changeToAccountReceivables": -28465582, "changeToLiabilities": 0, "changeToInventory": 35416775, "changeToOperatingActivities": 9337217, "totalCashFromOperatingActivities": 52430809, "capitalExpenditures": -16998533, "investments": 4011124, "otherCashflowsFromInvestingActivities": 594012, "totalCashflowsFromInvestingActivities": -11156175, "netBorrowings": -27846683, "otherCashflowsFromFinancingActivities": -11011514, "totalCashFromFinancingActivities": -38858197, "changeInCash": 2416438}], "maxAge": 86400}, "institutionOwnership": {"maxAge": 1, "ownershipList": []}, "balanceSheetHistoryQuarterly": {"balanceSheetStatements": [{"maxAge": 1, "endDate": "2020-06-30", "totalStockholderEquity": 226882363, "netTangibleAssets": 226882363}, {"maxAge": 1, "endDate": "2020-03-31", "cash": 23762785, "netReceivables": 206214621, "inventory": 10797028, "otherCurrentAssets": 101771861, "totalCurrentAssets": 343247042, "longTermInvestments": 75316035, "propertyPlantEquipment": 52999775, "otherAssets": 42897769, "totalAssets": 514460621, "accountsPayable": 127763215, "shortLongTermDebt": -42024, "otherCurrentLiab": 47598051, "longTermDebt": 85013026, "otherLiab": -4803622, "totalCurrentLiabilities": 202399484, "totalLiab": 282608888, "commonStock": 15000000, "retainedEarnings": 137341733, "capitalSurplus": 74540630, "totalStockholderEquity": 226882363, "netTangibleAssets": 226882363}, {"maxAge": 1, "endDate": "2019-12-31", "totalStockholderEquity": 229453000, "netTangibleAssets": 229453000}, {"maxAge": 1, "endDate": "2019-09-30", "cash": 9724000, "shortTermInvestments": 127643000, "netReceivables": 147966000, "inventory": 17871000, "totalCurrentAssets": 303204000, "longTermInvestments": 75316000, "propertyPlantEquipment": 55116000, "otherAssets": 41219000, "totalAssets": 474855000, "accountsPayable": 84097000, "shortLongTermDebt": 1235000, "otherCurrentLiab": 64117000, "longTermDebt": 101274000, "otherLiab": -5321000, "totalCurrentLiabilities": 149449000, "totalLiab": 245402000, "commonStock": 15000000, "treasuryStock": 214453000, "otherStockholderEquity": 214453000, "totalStockholderEquity": 229453000, "netTangibleAssets": 229453000}], "maxAge": 86400}, "indexTrend": {"maxAge": 1, "symbol": "SP5", "peRatio": 19.7411, "pegRatio": 1.34172, "estimates": [{"period": "0q", "growth": 0.549}, {"period": "+1q", "growth": 0.431}, {"period": "0y", "growth": 0.305}, {"period": "+1y", "growth": 0.109}, {"period": "+5y", "growth": 0.120859005}, {"period": "-5y"}]}, "insiderTransactions": {"transactions": [{"maxAge": 1, "shares": 330, "filerUrl": "", "transactionText": "", "filerName": "Somani (Shardadevi)", "filerRelation": "Promoter", "moneyText": "", "startDate": "2019-01-17", "ownership": "D"}, {"maxAge": 1, "shares": 80, "filerUrl": "", "transactionText": "", "filerName": "Somani (Shardadevi)", "filerRelation": "Promoter", "moneyText": "", "startDate": "2018-12-26", "ownership": "D"}, {"maxAge": 1, "shares": 72, "filerUrl": "", "transactionText": "", "filerName": "Somani (Shardadevi)", "filerRelation": "UNREPORTED", "moneyText": "", "startDate": "2018-11-20", "ownership": "D"}], "maxAge": 1}, "quoteType": {"exchange": "BSE", "quoteType": "EQUITY", "symbol": "BETXIND.BO", "underlyingSymbol": "BETXIND.BO", "shortName": "BETEX INDIA LTD.", "longName": "Betex India Limited", "firstTradeDateEpochUtc": "2011-01-25 09:15:00", "timeZoneFullName": "Asia/Kolkata", "timeZoneShortName": "IST", "uuid": "b0f96eca-12af-31a1-a9e4-9220f450f2da", "messageBoardId": null, "gmtOffSetMilliseconds": 19800000, "maxAge": 1}, "incomeStatementHistory": {"incomeStatementHistory": [{"maxAge": 1, "endDate": "2020-03-31", "totalRevenue": 567728389, "costOfRevenue": 303520514, "grossProfit": 264207875, "researchDevelopment": {}, "sellingGeneralAdministrative": 239276664, "nonRecurring": {}, "otherOperatingExpenses": 10541785, "totalOperatingExpenses": 560674694, "operatingIncome": 7053695, "totalOtherIncomeExpenseNet": -353181, "ebit": 7053695, "interestExpense": -1137243, "incomeBeforeTax": 6700514, "incomeTaxExpense": 2446123, "minorityInterest": {}, "netIncomeFromContinuingOps": 4254391, "discontinuedOperations": {}, "extraordinaryItems": {}, "effectOfAccountingCharges": {}, "otherItems": {}, "netIncome": 4254391, "netIncomeApplicableToCommonShares": 4254391}, {"maxAge": 1, "endDate": "2019-03-31", "totalRevenue": 463723176, "costOfRevenue": 256034211, "grossProfit": 207688965, "researchDevelopment": {}, "sellingGeneralAdministrative": 175131776, "nonRecurring": {}, "otherOperatingExpenses": 10963891, "totalOperatingExpenses": 455323284, "operatingIncome": 8399892, "totalOtherIncomeExpenseNet": 1271155, "ebit": 8399892, "interestExpense": -2862445, "incomeBeforeTax": 9671047, "incomeTaxExpense": -140488, "minorityInterest": {}, "netIncomeFromContinuingOps": 9811535, "discontinuedOperations": {}, "extraordinaryItems": {}, "effectOfAccountingCharges": {}, "otherItems": {}, "netIncome": 9811535, "netIncomeApplicableToCommonShares": 9811535}, {"maxAge": 1, "endDate": "2018-03-31", "totalRevenue": 512501206, "costOfRevenue": 322609649, "grossProfit": 189891557, "researchDevelopment": {}, "sellingGeneralAdministrative": 151328350, "nonRecurring": {}, "otherOperatingExpenses": 10560137, "totalOperatingExpenses": 496397380, "operatingIncome": 16103826, "totalOtherIncomeExpenseNet": -7161505, "ebit": 16103826, "interestExpense": -9253137, "incomeBeforeTax": 8942321, "incomeTaxExpense": -128380, "minorityInterest": {}, "netIncomeFromContinuingOps": 9070701, "discontinuedOperations": {}, "extraordinaryItems": {}, "effectOfAccountingCharges": {}, "otherItems": {}, "netIncome": 9070701, "netIncomeApplicableToCommonShares": 9070701}, {"maxAge": 1, "endDate": "2017-03-31", "totalRevenue": 579065696, "costOfRevenue": 404102877, "grossProfit": 174962819, "researchDevelopment": {}, "sellingGeneralAdministrative": 124730110, "nonRecurring": {}, "otherOperatingExpenses": 14028994, "totalOperatingExpenses": 557274603, "operatingIncome": 21791093, "totalOtherIncomeExpenseNet": -10315470, "ebit": 21791093, "interestExpense": -10376786, "incomeBeforeTax": 11475623, "incomeTaxExpense": 335673, "minorityInterest": {}, "netIncomeFromContinuingOps": 11139950, "discontinuedOperations": {}, "extraordinaryItems": {}, "effectOfAccountingCharges": {}, "otherItems": {}, "netIncome": 11139950, "netIncomeApplicableToCommonShares": 11139950}], "maxAge": 86400}, "fundOwnership": {"maxAge": 1, "ownershipList": []}, "summaryDetail": {"maxAge": 1, "priceHint": 2, "previousClose": 44.8, "open": 45.6, "dayLow": 44.5, "dayHigh": 45.65, "regularMarketPreviousClose": 44.8, "regularMarketOpen": 45.6, "regularMarketDayLow": 44.5, "regularMarketDayHigh": 45.65, "volume": 524, "regularMarketVolume": 524, "averageVolume": 991, "averageVolume10days": 4564, "averageDailyVolume10Day": 4564, "bid": 44.65, "ask": 45.65, "bidSize": 0, "askSize": 0, "marketCap": 68475000, "fiftyTwoWeekLow": 9.5, "fiftyTwoWeekHigh": 45.65, "fiftyDayAverage": 24.654285, "twoHundredDayAverage": 19.40686, "currency": "INR", "fromCurrency": null, "toCurrency": null, "lastMarket": null, "algorithm": null, "tradeable": false}, "incomeStatementHistoryQuarterly": {"incomeStatementHistory": [{"maxAge": 1, "endDate": "2020-06-30", "totalRevenue": 9574000, "costOfRevenue": 3765000, "grossProfit": 5809000, "researchDevelopment": {}, "sellingGeneralAdministrative": 10143000, "nonRecurring": {}, "otherOperatingExpenses": 1660000, "totalOperatingExpenses": 16153000, "operatingIncome": -6579000, "totalOtherIncomeExpenseNet": -45000, "ebit": -6579000, "interestExpense": -45000, "incomeBeforeTax": -6624000, "incomeTaxExpense": -1712000, "minorityInterest": {}, "netIncomeFromContinuingOps": -4912000, "discontinuedOperations": {}, "extraordinaryItems": {}, "effectOfAccountingCharges": {}, "otherItems": {}, "netIncome": -4912000, "netIncomeApplicableToCommonShares": -4912000}, {"maxAge": 1, "endDate": "2020-03-31", "totalRevenue": 165115389, "costOfRevenue": 134074514, "grossProfit": 31040875, "researchDevelopment": {}, "sellingGeneralAdministrative": 84914664, "nonRecurring": {}, "otherOperatingExpenses": -57262215, "totalOperatingExpenses": 163021694, "operatingIncome": 2093695, "totalOtherIncomeExpenseNet": 283819, "ebit": 2093695, "interestExpense": -428243, "incomeBeforeTax": 2377514, "incomeTaxExpense": 910123, "minorityInterest": {}, "netIncomeFromContinuingOps": 1467391, "discontinuedOperations": {}, "extraordinaryItems": {}, "effectOfAccountingCharges": {}, "otherItems": {}, "netIncome": 1467391, "netIncomeApplicableToCommonShares": 1467391}, {"maxAge": 1, "endDate": "2019-12-31", "totalRevenue": 139187000, "costOfRevenue": 55850000, "grossProfit": 83337000, "researchDevelopment": {}, "sellingGeneralAdministrative": 56213000, "nonRecurring": {}, "otherOperatingExpenses": 23475000, "totalOperatingExpenses": 137569000, "operatingIncome": 1618000, "totalOtherIncomeExpenseNet": -131000, "ebit": 1618000, "interestExpense": -146000, "incomeBeforeTax": 1487000, "incomeTaxExpense": 556000, "minorityInterest": {}, "netIncomeFromContinuingOps": 931000, "discontinuedOperations": {}, "extraordinaryItems": {}, "effectOfAccountingCharges": {}, "otherItems": {}, "netIncome": 931000, "netIncomeApplicableToCommonShares": 931000}, {"maxAge": 1, "endDate": "2019-09-30", "totalRevenue": 133227000, "costOfRevenue": 49335000, "grossProfit": 83892000, "researchDevelopment": {}, "sellingGeneralAdministrative": 58204000, "nonRecurring": {}, "otherOperatingExpenses": 21959000, "totalOperatingExpenses": 131557000, "operatingIncome": 1670000, "totalOtherIncomeExpenseNet": -309000, "ebit": 1670000, "interestExpense": -323000, "incomeBeforeTax": 1361000, "incomeTaxExpense": 436000, "minorityInterest": {}, "netIncomeFromContinuingOps": 925000, "discontinuedOperations": {}, "extraordinaryItems": {}, "effectOfAccountingCharges": {}, "otherItems": {}, "netIncome": 925000, "netIncomeApplicableToCommonShares": 925000}], "maxAge": 86400}, "cashflowStatementHistoryQuarterly": {"cashflowStatements": [{"maxAge": 1, "endDate": "2020-06-30", "netIncome": -4912000, "changeToLiabilities": 0}, {"maxAge": 1, "endDate": "2020-03-31", "netIncome": 1467391, "changeToLiabilities": 0}, {"maxAge": 1, "endDate": "2019-12-31", "netIncome": 931000, "changeToLiabilities": 0}, {"maxAge": 1, "endDate": "2019-09-30", "netIncome": 925000, "changeToLiabilities": 0}], "maxAge": 86400}, "insiderHolders": {"holders": [{"maxAge": 1, "name": "Somani (Shardadevi)", "relation": "Promoter", "url": "", "transactionDescription": "Acquisition", "latestTransDate": "2019-01-17", "positionDirect": 28930, "positionDirectDate": "2019-01-17"}], "maxAge": 1}, "calendarEvents": {"maxAge": 1, "earnings": {"earningsDate": []}}, "price": {"maxAge": 1, "regularMarketChangePercent": 0.018973265, "regularMarketChange": 0.8500023, "regularMarketTime": "2021-04-30 15:19:11", "priceHint": 2, "regularMarketPrice": 45.65, "regularMarketDayHigh": 45.65, "regularMarketDayLow": 44.5, "regularMarketVolume": 524, "averageDailyVolume10Day": 4564, "averageDailyVolume3Month": 991, "regularMarketPreviousClose": 44.8, "regularMarketSource": "FREE_REALTIME", "regularMarketOpen": 45.6, "exchange": "BSE", "exchangeName": "BSE", "exchangeDataDelayedBy": 0, "marketState": "CLOSED", "quoteType": "EQUITY", "symbol": "BETXIND.BO", "underlyingSymbol": null, "shortName": "BETEX INDIA LTD.", "longName": "Betex India Limited", "currency": "INR", "quoteSourceName": "Delayed Quote", "currencySymbol": "\u20b9", "fromCurrency": null, "toCurrency": null, "lastMarket": null, "marketCap": 68475000}, "balanceSheetHistory": {"balanceSheetStatements": [{"maxAge": 1, "endDate": "2020-03-31", "cash": 23762785, "netReceivables": 206214621, "inventory": 10797028, "otherCurrentAssets": 101771861, "totalCurrentAssets": 343247042, "longTermInvestments": 75316035, "propertyPlantEquipment": 52999775, "otherAssets": 42897769, "totalAssets": 514460621, "accountsPayable": 127763215, "shortLongTermDebt": -42024, "otherCurrentLiab": 47598051, "longTermDebt": 85013026, "otherLiab": -4803622, "totalCurrentLiabilities": 202399484, "totalLiab": 282608888, "commonStock": 15000000, "retainedEarnings": 137341733, "capitalSurplus": 74540630, "totalStockholderEquity": 226882363, "netTangibleAssets": 226882363}, {"maxAge": 1, "endDate": "2019-03-31", "cash": 11011244, "netReceivables": 175183632, "inventory": 25181802, "otherCurrentAssets": 103921472, "totalCurrentAssets": 315631612, "longTermInvestments": 75316035, "propertyPlantEquipment": 57483127, "otherAssets": 40369116, "totalAssets": 488799890, "accountsPayable": 69989039, "shortLongTermDebt": 806726, "otherCurrentLiab": 67855494, "longTermDebt": 116354892, "otherLiab": -5497730, "totalCurrentLiabilities": 150345385, "totalLiab": 261202547, "commonStock": 15000000, "retainedEarnings": 133087343, "capitalSurplus": 74540630, "totalStockholderEquity": 222627973, "netTangibleAssets": 222627973}, {"maxAge": 1, "endDate": "2018-03-31", "cash": 8476013, "netReceivables": 161622107, "inventory": 17559786, "otherCurrentAssets": 101881909, "totalCurrentAssets": 289872578, "longTermInvestments": 82598039, "propertyPlantEquipment": 62950096, "otherAssets": 40397227, "totalAssets": 475817940, "accountsPayable": 57653418, "shortLongTermDebt": 2535340, "otherCurrentLiab": 39915780, "longTermDebt": 119084444, "otherLiab": -3496532, "totalCurrentLiabilities": 142444220, "totalLiab": 258032132, "commonStock": 15000000, "retainedEarnings": 123275808, "capitalSurplus": 74540630, "totalStockholderEquity": 212816438, "netTangibleAssets": 212816438}, {"maxAge": 1, "endDate": "2017-03-31", "cash": 13429421, "netReceivables": 175141586, "inventory": 20338407, "otherCurrentAssets": 90051120, "totalCurrentAssets": 299312652, "longTermInvestments": 83198039, "propertyPlantEquipment": 89290991, "otherAssets": 50338094, "totalAssets": 522139776, "accountsPayable": 74966847, "shortLongTermDebt": 5317964, "otherCurrentLiab": 81335519, "longTermDebt": 111517183, "otherLiab": -1648949, "deferredLongTermLiab": 75000, "totalCurrentLiabilities": 203556435, "totalLiab": 313424669, "commonStock": 15000000, "retainedEarnings": 114205107, "capitalSurplus": 74540630, "totalStockholderEquity": 203745737, "netTangibleAssets": 203745737}], "maxAge": 86400}, "financialData": {"maxAge": 86400, "currentPrice": 45.65, "recommendationKey": "none", "grossProfits": 264207875, "financialCurrency": "INR"}}}