{"BFINVEST.NS": {"assetProfile": {"address1": "Cyber City, Tower 15", "address2": "Level 6, Office 602 Magarpatta City Hadapsar", "city": "Pune", "zip": "411036", "country": "India", "phone": "91 20 2672 5000", "website": "http://www.bfilpune.com", "industry": "Asset Management", "sector": "Financial Services", "longBusinessSummary": "BF Investment Limited operates as a non deposit taking core investment company in India. It is involved in the loans and investments business. The company was incorporated in 2009 and is based in Pune, India.", "fullTimeEmployees": 2, "companyOfficers": [{"maxAge": 1, "name": "Mr. Jeewanprasad G. Patwardhan", "title": "CEO & CFO", "fiscalYear": 2020, "totalPay": 4354000, "exercisedValue": 0, "unexercisedValue": 0}, {"maxAge": 1, "name": "Mr. Satish R. Kshirsagar", "title": "Compliance Officer & Company Sec.", "fiscalYear": 2020, "totalPay": 1354000, "exercisedValue": 0, "unexercisedValue": 0}], "compensationAsOfEpochDate": "2020-12-31 05:30:00", "maxAge": 86400}, "cashflowStatementHistory": {"cashflowStatements": [{"maxAge": 1, "endDate": "2020-03-31", "netIncome": 1443240000, "depreciation": 7590000, "changeToNetincome": -1392410000, "changeToLiabilities": -980000, "changeToOperatingActivities": -359710000, "totalCashFromOperatingActivities": -302270000, "investments": 377260000, "totalCashflowsFromInvestingActivities": 377260000, "changeInCash": 74990000}, {"maxAge": 1, "endDate": "2019-03-31", "netIncome": 1264420000, "depreciation": 1170000, "changeToNetincome": -1169840000, "changeToLiabilities": -810000, "changeToOperatingActivities": -340510000, "totalCashFromOperatingActivities": -245570000, "investments": 290090000, "totalCashflowsFromInvestingActivities": 296970000, "changeInCash": 51400000}, {"maxAge": 1, "endDate": "2018-03-31", "netIncome": 1597871000, "depreciation": 4123000, "changeToNetincome": -1656512000, "changeToAccountReceivables": -842316832, "changeToLiabilities": -4921000, "changeToInventory": -263572848, "changeToOperatingActivities": 38050000, "totalCashFromOperatingActivities": -21389000, "capitalExpenditures": -93234608, "investments": -218904000, "otherCashflowsFromInvestingActivities": 271445000, "totalCashflowsFromInvestingActivities": 52541000, "otherCashflowsFromFinancingActivities": 126593748, "totalCashFromFinancingActivities": 126593748, "changeInCash": 31152000}, {"maxAge": 1, "endDate": "2017-03-31", "netIncome": 1353115760, "depreciation": 149774830, "changeToNetincome": -997725004, "changeToAccountReceivables": -367585124, "changeToLiabilities": 280518076, "changeToInventory": 90293400, "changeToOperatingActivities": -3161812, "totalCashFromOperatingActivities": 506604082, "capitalExpenditures": -98659396, "investments": -169051424, "otherCashflowsFromInvestingActivities": 8864024, "totalCashflowsFromInvestingActivities": -255344032, "netBorrowings": -102446784, "otherCashflowsFromFinancingActivities": 41756527, "totalCashFromFinancingActivities": -60690257, "changeInCash": 190569793}], "maxAge": 86400}, "institutionOwnership": {"maxAge": 1, "ownershipList": []}, "majorHoldersBreakdown": {"maxAge": 1, "insidersPercentHeld": 0.84264, "institutionsPercentHeld": 0.00482, "institutionsFloatPercentHeld": 0.03061, "institutionsCount": 1}, "balanceSheetHistoryQuarterly": {"balanceSheetStatements": [{"maxAge": 1, "endDate": "2020-12-31", "totalStockholderEquity": 21121480000, "netTangibleAssets": 21121480000}, {"maxAge": 1, "endDate": "2020-09-30", "cash": 141860000, "netReceivables": 216820000, "otherCurrentAssets": 970000, "totalCurrentAssets": 359650000, "longTermInvestments": 22520770000, "propertyPlantEquipment": 22200000, "otherAssets": 451570000, "deferredLongTermAssetCharges": 55880000, "totalAssets": 23354190000, "accountsPayable": 1120000, "otherCurrentLiab": 21980000, "otherLiab": 2209610000, "totalCurrentLiabilities": 23100000, "totalLiab": 2232710000, "commonStock": 188340000, "treasuryStock": 20933140000, "otherStockholderEquity": 20933140000, "totalStockholderEquity": 21121480000, "netTangibleAssets": 21121480000}, {"maxAge": 1, "endDate": "2020-06-30", "totalStockholderEquity": 17109790000, "netTangibleAssets": 17109790000}, {"maxAge": 1, "endDate": "2020-03-31", "cash": 160120000, "shortTermInvestments": 705100000, "netReceivables": 194210000, "otherCurrentAssets": 5790000, "totalCurrentAssets": 1065220000, "longTermInvestments": 17770480000, "propertyPlantEquipment": 7220000, "otherAssets": 462890000, "deferredLongTermAssetCharges": 67580000, "totalAssets": 19305810000, "accountsPayable": 340000, "otherCurrentLiab": 4310000, "otherLiab": 2170200000, "totalCurrentLiabilities": 23890000, "totalLiab": 2196020000, "commonStock": 188340000, "retainedEarnings": 12593420000, "treasuryStock": 4328030000, "otherStockholderEquity": 4328030000, "totalStockholderEquity": 17109790000, "netTangibleAssets": 17109790000}], "maxAge": 86400}, "indexTrend": {"maxAge": 1, "symbol": "SP5", "peRatio": 19.7411, "pegRatio": 1.34172, "estimates": [{"period": "0q", "growth": 0.549}, {"period": "+1q", "growth": 0.431}, {"period": "0y", "growth": 0.305}, {"period": "+1y", "growth": 0.109}, {"period": "+5y", "growth": 0.120865}, {"period": "-5y"}]}, "defaultKeyStatistics": {"maxAge": 1, "priceHint": 2, "enterpriseValue": 11570641920, "profitMargins": 5.1426396, "floatShares": 5548602, "sharesOutstanding": 37667600, "heldPercentInsiders": 0.84264, "heldPercentInstitutions": 0.00482, "beta": 0.640018, "category": null, "bookValue": 454.231, "priceToBook": 0.6580352, "fundFamily": null, "legalType": null, "lastFiscalYearEnd": "2020-03-31 05:30:00", "nextFiscalYearEnd": "2022-03-31 05:30:00", "mostRecentQuarter": "2020-12-31 05:30:00", "earningsQuarterlyGrowth": 0.421, "netIncomeToCommon": 1038710016, "trailingEps": 27.573, "lastSplitFactor": null, "enterpriseToRevenue": 57.286, "enterpriseToEbitda": 81.102, "52WeekChange": 0.27164435, "SandP52WeekChange": 0.48148263}, "summaryProfile": {"address1": "Cyber City, Tower 15", "address2": "Level 6, Office 602 Magarpatta City Hadapsar", "city": "Pune", "zip": "411036", "country": "India", "phone": "91 20 2672 5000", "website": "http://www.bfilpune.com", "industry": "Asset Management", "sector": "Financial Services", "longBusinessSummary": "BF Investment Limited operates as a non deposit taking core investment company in India. It is involved in the loans and investments business. The company was incorporated in 2009 and is based in Pune, India.", "fullTimeEmployees": 2, "companyOfficers": [], "maxAge": 86400}, "netSharePurchaseActivity": {"maxAge": 1, "period": "6m", "buyInfoCount": 0, "buyInfoShares": 0, "sellInfoCount": 0, "netInfoCount": 0, "netInfoShares": 0, "netPercentInsiderShares": 0.0, "totalInsiderShares": 31749792}, "insiderTransactions": {"transactions": [{"maxAge": 1, "shares": 250000, "filerUrl": "", "transactionText": "", "filerName": "Sundaram Trading & Investment Pvt. Ltd.", "filerRelation": "Promoter", "moneyText": "", "startDate": "2018-03-08", "ownership": "D"}, {"maxAge": 1, "shares": 105480, "filerUrl": "", "transactionText": "", "filerName": "Sundaram Trading & Investment Pvt. Ltd.", "filerRelation": "Promoter", "moneyText": "", "startDate": "2018-03-08", "ownership": "D"}, {"maxAge": 1, "shares": 700619, "filerUrl": "", "transactionText": "", "filerName": "Sundaram Trading & Investment Pvt. Ltd.", "filerRelation": "Promoter", "moneyText": "", "startDate": "2014-03-13", "ownership": "D"}, {"maxAge": 1, "shares": 700619, "filerUrl": "", "transactionText": "", "filerName": "KSL Holding Pvt Ltd.", "filerRelation": "Promoter", "moneyText": "", "startDate": "2014-03-13", "ownership": "D"}, {"maxAge": 1, "shares": 6062342, "filerUrl": "", "transactionText": "", "filerName": "Kalyani Investment Co Ltd", "filerRelation": "Promoter", "moneyText": "", "startDate": "2014-01-24", "ownership": "D"}, {"maxAge": 1, "shares": 6064749, "filerUrl": "", "transactionText": "", "filerName": "Sundaram Trading & Investment Pvt. Ltd.", "filerRelation": "Promoter", "moneyText": "", "startDate": "2014-01-24", "ownership": "D"}, {"maxAge": 1, "shares": 30421, "filerUrl": "", "transactionText": "", "filerName": "Sundaram Trading & Investment Pvt. Ltd.", "filerRelation": "Promoter", "moneyText": "", "startDate": "2013-08-01", "ownership": "D"}, {"maxAge": 1, "shares": 12613, "filerUrl": "", "transactionText": "", "filerName": "Sundaram Trading & Investment Pvt. Ltd.", "filerRelation": "Promoter", "moneyText": "", "startDate": "2013-07-12", "ownership": "D"}, {"maxAge": 1, "shares": 12782, "filerUrl": "", "transactionText": "", "filerName": "Sundaram Trading & Investment Pvt. Ltd.", "filerRelation": "Promoter", "moneyText": "", "startDate": "2013-07-03", "ownership": "D"}, {"maxAge": 1, "shares": 14919, "filerUrl": "", "transactionText": "", "filerName": "Sundaram Trading & Investment Pvt. Ltd.", "filerRelation": "Promoter", "moneyText": "", "startDate": "2013-06-26", "ownership": "D"}, {"maxAge": 1, "shares": 12695, "filerUrl": "", "transactionText": "", "filerName": "Sundaram Trading & Investment Pvt. Ltd.", "filerRelation": "Promoter", "moneyText": "", "startDate": "2013-06-20", "ownership": "D"}, {"maxAge": 1, "shares": 19646, "filerUrl": "", "transactionText": "", "filerName": "Sundaram Trading & Investment Pvt. Ltd.", "filerRelation": "Promoter", "moneyText": "", "startDate": "2013-06-11", "ownership": "D"}, {"maxAge": 1, "shares": 14844, "filerUrl": "", "transactionText": "", "filerName": "Sundaram Trading & Investment Pvt. Ltd.", "filerRelation": "Promoter", "moneyText": "", "startDate": "2013-06-04", "ownership": "D"}, {"maxAge": 1, "shares": 16431, "filerUrl": "", "transactionText": "", "filerName": "Sundaram Trading & Investment Pvt. Ltd.", "filerRelation": "Promoter", "moneyText": "", "startDate": "2013-05-30", "ownership": "D"}, {"maxAge": 1, "shares": 96000, "filerUrl": "", "transactionText": "", "filerName": "Sundaram Trading & Investment Pvt. Ltd.", "filerRelation": "Promoter", "moneyText": "", "startDate": "2013-05-28", "ownership": "D"}, {"maxAge": 1, "shares": 17231, "filerUrl": "", "transactionText": "", "filerName": "Sundaram Trading & Investment Pvt. Ltd.", "filerRelation": "Promoter", "moneyText": "", "startDate": "2013-05-10", "ownership": "D"}, {"maxAge": 1, "shares": 11284, "filerUrl": "", "transactionText": "", "filerName": "Sundaram Trading & Investment Pvt. Ltd.", "filerRelation": "Promoter", "moneyText": "", "startDate": "2013-04-30", "ownership": "D"}, {"maxAge": 1, "shares": 12119, "filerUrl": "", "transactionText": "", "filerName": "Sundaram Trading & Investment Pvt. Ltd.", "filerRelation": "Promoter", "moneyText": "", "startDate": "2013-04-17", "ownership": "D"}, {"maxAge": 1, "shares": 93031, "filerUrl": "", "transactionText": "", "filerName": "Sundaram Trading & Investment Pvt. Ltd.", "filerRelation": "Promoter", "moneyText": "", "startDate": "2013-03-22", "ownership": "D"}, {"maxAge": 1, "shares": 26305, "filerUrl": "", "transactionText": "", "filerName": "Sundaram Trading & Investment Pvt. Ltd.", "filerRelation": "Promoter", "moneyText": "", "startDate": "2013-03-20", "ownership": "D"}, {"maxAge": 1, "shares": 27806, "filerUrl": "", "transactionText": "", "filerName": "Sundaram Trading & Investment Pvt. Ltd.", "filerRelation": "Promoter", "moneyText": "", "startDate": "2013-03-19", "ownership": "D"}, {"maxAge": 1, "shares": 49671, "filerUrl": "", "transactionText": "", "filerName": "Sundaram Trading & Investment Pvt. Ltd.", "filerRelation": "Promoter", "moneyText": "", "startDate": "2013-03-15", "ownership": "D"}, {"maxAge": 1, "shares": 34941, "filerUrl": "", "transactionText": "", "filerName": "Sundaram Trading & Investment Pvt. Ltd.", "filerRelation": "Promoter", "moneyText": "", "startDate": "2013-03-08", "ownership": "D"}, {"maxAge": 1, "shares": 13477, "filerUrl": "", "transactionText": "", "filerName": "Sundaram Trading & Investment Pvt. Ltd.", "filerRelation": "Promoter", "moneyText": "", "startDate": "2013-03-04", "ownership": "D"}, {"maxAge": 1, "shares": 25465, "filerUrl": "", "transactionText": "", "filerName": "Sundaram Trading & Investment Pvt. Ltd.", "filerRelation": "Promoter", "moneyText": "", "startDate": "2013-02-26", "ownership": "D"}, {"maxAge": 1, "shares": 13558, "filerUrl": "", "transactionText": "", "filerName": "Sundaram Trading & Investment Pvt. Ltd.", "filerRelation": "Promoter", "moneyText": "", "startDate": "2013-02-22", "ownership": "D"}, {"maxAge": 1, "shares": 14415, "filerUrl": "", "transactionText": "", "filerName": "Sundaram Trading & Investment Pvt. Ltd.", "filerRelation": "Promoter", "moneyText": "", "startDate": "2013-02-19", "ownership": "D"}, {"maxAge": 1, "shares": 20219, "filerUrl": "", "transactionText": "", "filerName": "Sundaram Trading & Investment Pvt. Ltd.", "filerRelation": "Promoter", "moneyText": "", "startDate": "2013-02-15", "ownership": "D"}, {"maxAge": 1, "shares": 27305, "filerUrl": "", "transactionText": "", "filerName": "Sundaram Trading & Investment Pvt. Ltd.", "filerRelation": "Promoter", "moneyText": "", "startDate": "2013-02-14", "ownership": "D"}, {"maxAge": 1, "shares": 14613, "filerUrl": "", "transactionText": "", "filerName": "Sundaram Trading & Investment Pvt. Ltd.", "filerRelation": "Promoter", "moneyText": "", "startDate": "2013-02-12", "ownership": "D"}, {"maxAge": 1, "shares": 13301, "filerUrl": "", "transactionText": "", "filerName": "Sundaram Trading & Investment Pvt. Ltd.", "filerRelation": "Promoter", "moneyText": "", "startDate": "2013-01-09", "ownership": "D"}, {"maxAge": 1, "shares": 21923, "filerUrl": "", "transactionText": "", "filerName": "Sundaram Trading & Investment Pvt. Ltd.", "filerRelation": "Promoter", "moneyText": "", "startDate": "2013-01-08", "ownership": "D"}, {"maxAge": 1, "shares": 17801, "filerUrl": "", "transactionText": "", "filerName": "Sundaram Trading & Investment Pvt. Ltd.", "filerRelation": "Promoter", "moneyText": "", "startDate": "2013-01-04", "ownership": "D"}, {"maxAge": 1, "shares": 175000, "filerUrl": "", "transactionText": "", "filerName": "Sundaram Trading & Investment Pvt. Ltd.", "filerRelation": "Promoter", "moneyText": "", "startDate": "2011-12-12", "ownership": "D"}, {"maxAge": 1, "shares": 164717, "filerUrl": "", "transactionText": "", "filerName": "Sundaram Trading & Investment Pvt. Ltd.", "filerRelation": "Promoter", "moneyText": "", "startDate": "2011-11-30", "ownership": "D"}, {"maxAge": 1, "shares": 118195, "filerUrl": "", "transactionText": "", "filerName": "Sundaram Trading & Investment Pvt. Ltd.", "filerRelation": "Promoter", "moneyText": "", "startDate": "2011-11-23", "ownership": "D"}, {"maxAge": 1, "shares": 58931, "filerUrl": "", "transactionText": "", "filerName": "Sundaram Trading & Investment Pvt. Ltd.", "filerRelation": "Promoter", "moneyText": "", "startDate": "2011-11-17", "ownership": "D"}, {"maxAge": 1, "shares": 373455, "filerUrl": "", "transactionText": "", "filerName": "Sundaram Trading & Investment Pvt. Ltd.", "filerRelation": "Promoter", "moneyText": "", "startDate": "2011-10-24", "ownership": "D"}, {"maxAge": 1, "shares": 613663, "filerUrl": "", "transactionText": "", "filerName": "Sundaram Trading & Investment Pvt. Ltd.", "filerRelation": "Promoter", "moneyText": "", "startDate": "2011-09-21", "ownership": "D"}], "maxAge": 1}, "quoteType": {"exchange": "NSI", "quoteType": "EQUITY", "symbol": "BFINVEST.NS", "underlyingSymbol": "BFINVEST.NS", "shortName": "BF INVESTMENT LTD", "longName": "BF Investment Limited", "firstTradeDateEpochUtc": "2011-01-14 09:15:00", "timeZoneFullName": "Asia/Kolkata", "timeZoneShortName": "IST", "uuid": "40e73996-3de5-325d-b1cf-8ad4e7af4684", "messageBoardId": "finmb_62285746", "gmtOffSetMilliseconds": 19800000, "maxAge": 1}, "incomeStatementHistory": {"incomeStatementHistory": [{"maxAge": 1, "endDate": "2020-03-31", "totalRevenue": 221350000, "costOfRevenue": 1200000, "grossProfit": 220150000, "researchDevelopment": {}, "sellingGeneralAdministrative": 5980000, "nonRecurring": {}, "otherOperatingExpenses": 52120000, "totalOperatingExpenses": 66890000, "operatingIncome": 154460000, "totalOtherIncomeExpenseNet": 2143060000, "ebit": 154460000, "interestExpense": -590000, "incomeBeforeTax": 2297520000, "incomeTaxExpense": 854280000, "minorityInterest": {}, "netIncomeFromContinuingOps": 1443240000, "discontinuedOperations": {}, "extraordinaryItems": {}, "effectOfAccountingCharges": {}, "otherItems": {}, "netIncome": 1443240000, "netIncomeApplicableToCommonShares": 1443240000}, {"maxAge": 1, "endDate": "2019-03-31", "totalRevenue": 197950000, "costOfRevenue": 0, "grossProfit": 197950000, "researchDevelopment": {}, "sellingGeneralAdministrative": 4670000, "nonRecurring": {}, "otherOperatingExpenses": 39420000, "totalOperatingExpenses": 45260000, "operatingIncome": 152690000, "totalOtherIncomeExpenseNet": 1324970000, "ebit": 152690000, "interestExpense": -200000, "incomeBeforeTax": 1477660000, "incomeTaxExpense": 213240000, "minorityInterest": {}, "netIncomeFromContinuingOps": 1264420000, "discontinuedOperations": {}, "extraordinaryItems": {}, "effectOfAccountingCharges": {}, "otherItems": {}, "netIncome": 1264420000, "netIncomeApplicableToCommonShares": 1264420000}, {"maxAge": 1, "endDate": "2018-03-31", "totalRevenue": 116228000, "costOfRevenue": 361000, "grossProfit": 115867000, "researchDevelopment": {}, "sellingGeneralAdministrative": 4266000, "nonRecurring": {}, "otherOperatingExpenses": 28527000, "totalOperatingExpenses": 37277000, "operatingIncome": 78951000, "totalOtherIncomeExpenseNet": 1838498000, "ebit": 78951000, "interestExpense": -132000, "incomeBeforeTax": 1917449000, "incomeTaxExpense": 319578000, "minorityInterest": {}, "netIncomeFromContinuingOps": 1597871000, "discontinuedOperations": {}, "extraordinaryItems": {}, "effectOfAccountingCharges": {}, "otherItems": {}, "netIncome": 1597871000, "netIncomeApplicableToCommonShares": 1597871000}, {"maxAge": 1, "endDate": "2017-03-31", "totalRevenue": 10239503903, "costOfRevenue": 8410780024, "grossProfit": 1828723879, "researchDevelopment": {}, "sellingGeneralAdministrative": 362730117, "nonRecurring": {}, "otherOperatingExpenses": 691055765, "totalOperatingExpenses": 9615714692, "operatingIncome": 623789211, "totalOtherIncomeExpenseNet": 931390507, "ebit": 623789211, "interestExpense": -3983492, "incomeBeforeTax": 1555179718, "incomeTaxExpense": 202063958, "minorityInterest": {}, "netIncomeFromContinuingOps": 1353115760, "discontinuedOperations": {}, "extraordinaryItems": {}, "effectOfAccountingCharges": {}, "otherItems": {}, "netIncome": 1353115760, "netIncomeApplicableToCommonShares": 1353115760}], "maxAge": 86400}, "fundOwnership": {"maxAge": 1, "ownershipList": [{"maxAge": 1, "reportDate": "2021-03-31", "organization": "SPDR Portfolio Emerging Markets ETF", "pctHeld": 0.0047999998, "position": 181413, "value": 49979281}]}, "summaryDetail": {"maxAge": 1, "priceHint": 2, "previousClose": 310.85, "open": 306.8, "dayLow": 296.1, "dayHigh": 319.2, "regularMarketPreviousClose": 310.85, "regularMarketOpen": 306.8, "regularMarketDayLow": 296.1, "regularMarketDayHigh": 319.2, "payoutRatio": 0.0, "beta": 0.640018, "trailingPE": 10.840315, "volume": 120346, "regularMarketVolume": 120346, "averageVolume": 47822, "averageVolume10days": 202464, "averageDailyVolume10Day": 202464, "bid": 0.0, "ask": 0.0, "bidSize": 0, "askSize": 0, "marketCap": 11235321856, "fiftyTwoWeekLow": 224.0, "fiftyTwoWeekHigh": 368.5, "priceToSalesTrailing12Months": 55.62591, "fiftyDayAverage": 285.10858, "twoHundredDayAverage": 285.7139, "currency": "INR", "fromCurrency": null, "toCurrency": null, "lastMarket": null, "algorithm": null, "tradeable": false}, "incomeStatementHistoryQuarterly": {"incomeStatementHistory": [{"maxAge": 1, "endDate": "2020-12-31", "totalRevenue": 38960000, "costOfRevenue": 0, "grossProfit": 38960000, "researchDevelopment": {}, "sellingGeneralAdministrative": 1810000, "nonRecurring": {}, "otherOperatingExpenses": 6860000, "totalOperatingExpenses": 10370000, "operatingIncome": 28590000, "totalOtherIncomeExpenseNet": 491180000, "ebit": 28590000, "interestExpense": {}, "incomeBeforeTax": 519770000, "incomeTaxExpense": 131300000, "minorityInterest": {}, "netIncomeFromContinuingOps": 388470000, "discontinuedOperations": {}, "extraordinaryItems": {}, "effectOfAccountingCharges": {}, "otherItems": {}, "netIncome": 388470000, "netIncomeApplicableToCommonShares": 388470000}, {"maxAge": 1, "endDate": "2020-09-30", "totalRevenue": 52950000, "costOfRevenue": 0, "grossProfit": 52950000, "researchDevelopment": {}, "sellingGeneralAdministrative": 1030000, "nonRecurring": {}, "otherOperatingExpenses": 10980000, "totalOperatingExpenses": 13750000, "operatingIncome": 39200000, "totalOtherIncomeExpenseNet": 278820000, "ebit": 39200000, "interestExpense": -10000, "incomeBeforeTax": 318020000, "incomeTaxExpense": 81050000, "minorityInterest": {}, "netIncomeFromContinuingOps": 236970000, "discontinuedOperations": {}, "extraordinaryItems": {}, "effectOfAccountingCharges": {}, "otherItems": {}, "netIncome": 236970000, "netIncomeApplicableToCommonShares": 236970000}, {"maxAge": 1, "endDate": "2020-06-30", "totalRevenue": 39350000, "costOfRevenue": 0, "grossProfit": 39350000, "researchDevelopment": {}, "sellingGeneralAdministrative": 1080000, "nonRecurring": {}, "otherOperatingExpenses": 6220000, "totalOperatingExpenses": 9200000, "operatingIncome": 30150000, "totalOtherIncomeExpenseNet": -77230000, "ebit": 30150000, "interestExpense": -40000, "incomeBeforeTax": -47080000, "incomeTaxExpense": -11650000, "minorityInterest": {}, "netIncomeFromContinuingOps": -35430000, "discontinuedOperations": {}, "extraordinaryItems": {}, "effectOfAccountingCharges": {}, "otherItems": {}, "netIncome": -35430000, "netIncomeApplicableToCommonShares": -35430000}, {"maxAge": 1, "endDate": "2020-03-31", "totalRevenue": 70716000, "costOfRevenue": 1200000, "grossProfit": 69516000, "researchDevelopment": {}, "sellingGeneralAdministrative": 1315000, "nonRecurring": {}, "otherOperatingExpenses": 22753000, "totalOperatingExpenses": 27163000, "operatingIncome": 43553000, "totalOtherIncomeExpenseNet": 1115866000, "ebit": 43553000, "interestExpense": -72000, "incomeBeforeTax": 1159419000, "incomeTaxExpense": 710714000, "minorityInterest": {}, "netIncomeFromContinuingOps": 448705000, "discontinuedOperations": {}, "extraordinaryItems": {}, "effectOfAccountingCharges": {}, "otherItems": {}, "netIncome": 448705000, "netIncomeApplicableToCommonShares": 448705000}], "maxAge": 86400}, "cashflowStatementHistoryQuarterly": {"cashflowStatements": [{"maxAge": 1, "endDate": "2020-12-31", "netIncome": 388470000, "changeToLiabilities": 0}, {"maxAge": 1, "endDate": "2020-09-30", "netIncome": 236970000, "changeToLiabilities": 0}, {"maxAge": 1, "endDate": "2020-06-30", "netIncome": -35430000, "changeToLiabilities": 0}, {"maxAge": 1, "endDate": "2020-03-31", "netIncome": 448705000, "changeToLiabilities": 0}], "maxAge": 86400}, "insiderHolders": {"holders": [{"maxAge": 1, "name": "KSL Holding Pvt Ltd.", "relation": "Promoter", "url": "", "transactionDescription": "Purchase", "latestTransDate": "2014-03-13", "positionDirect": 5054091, "positionDirectDate": "2014-03-13"}, {"maxAge": 1, "name": "Kalyani Investment Co Ltd", "relation": "Promoter", "url": "", "transactionDescription": "Other", "latestTransDate": "2014-01-24", "positionDirect": 0, "positionDirectDate": "2014-01-24"}, {"maxAge": 1, "name": "Sundaram Trading & Investment Pvt. Ltd.", "relation": "Promoter", "url": "", "transactionDescription": "Acquisition", "latestTransDate": "2018-03-08", "positionDirect": 9793068, "positionDirectDate": "2018-03-08"}], "maxAge": 1}, "calendarEvents": {"maxAge": 1, "earnings": {"earningsDate": []}}, "price": {"maxAge": 1, "regularMarketChangePercent": -0.038443018, "regularMarketChange": -11.950012, "regularMarketTime": "2021-04-30 15:29:53", "priceHint": 2, "regularMarketPrice": 298.9, "regularMarketDayHigh": 319.2, "regularMarketDayLow": 296.1, "regularMarketVolume": 120346, "averageDailyVolume10Day": 202464, "averageDailyVolume3Month": 47822, "regularMarketPreviousClose": 310.85, "regularMarketSource": "FREE_REALTIME", "regularMarketOpen": 306.8, "exchange": "NSI", "exchangeName": "NSE", "exchangeDataDelayedBy": 15, "marketState": "CLOSED", "quoteType": "EQUITY", "symbol": "BFINVEST.NS", "underlyingSymbol": null, "shortName": "BF INVESTMENT LTD", "longName": "BF Investment Limited", "currency": "INR", "quoteSourceName": "Delayed Quote", "currencySymbol": "\u20b9", "fromCurrency": null, "toCurrency": null, "lastMarket": null, "marketCap": 11235321856}, "balanceSheetHistory": {"balanceSheetStatements": [{"maxAge": 1, "endDate": "2020-03-31", "cash": 160120000, "shortTermInvestments": 705100000, "netReceivables": 194210000, "otherCurrentAssets": 5790000, "totalCurrentAssets": 1065220000, "longTermInvestments": 17770480000, "propertyPlantEquipment": 7220000, "otherAssets": 462890000, "deferredLongTermAssetCharges": 67580000, "totalAssets": 19305810000, "accountsPayable": 340000, "otherCurrentLiab": 4310000, "otherLiab": 2170200000, "totalCurrentLiabilities": 23890000, "totalLiab": 2196020000, "commonStock": 188340000, "retainedEarnings": 12593420000, "treasuryStock": 4328030000, "otherStockholderEquity": 4328030000, "totalStockholderEquity": 17109790000, "netTangibleAssets": 17109790000}, {"maxAge": 1, "endDate": "2019-03-31", "cash": 85130000, "shortTermInvestments": 433400000, "netReceivables": 183300000, "otherCurrentAssets": 6270000, "totalCurrentAssets": 708100000, "longTermInvestments": 20862520000, "propertyPlantEquipment": 6650000, "otherAssets": 412360000, "deferredLongTermAssetCharges": 116910000, "totalAssets": 21989630000, "accountsPayable": 1320000, "otherCurrentLiab": 4500000, "otherLiab": 1448370000, "totalCurrentLiabilities": 18070000, "totalLiab": 1466440000, "commonStock": 188340000, "retainedEarnings": 11150950000, "treasuryStock": 9183900000, "otherStockholderEquity": 9183900000, "totalStockholderEquity": 20523190000, "netTangibleAssets": 20523190000}, {"maxAge": 1, "endDate": "2018-03-31", "cash": 33731000, "shortTermInvestments": 201950000, "netReceivables": 216251000, "inventory": 780193488, "otherCurrentAssets": 3563000, "totalCurrentAssets": 455583000, "longTermInvestments": 24994142000, "propertyPlantEquipment": 13837000, "intangibleAssets": 4733612, "otherAssets": 269873000, "deferredLongTermAssetCharges": 139243000, "totalAssets": 25733435000, "accountsPayable": 2131000, "otherCurrentLiab": 2737000, "otherLiab": 1329880000, "totalCurrentLiabilities": 7798000, "totalLiab": 1337678000, "commonStock": 188338000, "retainedEarnings": 9886528000, "treasuryStock": 14320891000, "capitalSurplus": 116000000, "otherStockholderEquity": 14320891000, "totalStockholderEquity": 24395757000, "netTangibleAssets": 24395757000}, {"maxAge": 1, "endDate": "2017-03-31", "cash": 339266214, "shortTermInvestments": 216322598, "netReceivables": 2437635674, "inventory": 524989152, "otherCurrentAssets": 60372136, "totalCurrentAssets": 3585045694, "longTermInvestments": 7642346271, "propertyPlantEquipment": 620310792, "intangibleAssets": 4278876, "otherAssets": 1332580922, "deferredLongTermAssetCharges": 11069000, "totalAssets": 13184562555, "accountsPayable": 1642665960, "otherCurrentLiab": 66824360, "otherLiab": 27581668, "totalCurrentLiabilities": 1717632318, "totalLiab": 1745444286, "commonStock": 188338140, "retainedEarnings": 8054912448, "treasuryStock": 3079867681, "capitalSurplus": 116000000, "otherStockholderEquity": 3079867681, "totalStockholderEquity": 11439118269, "netTangibleAssets": 11434839393}], "maxAge": 86400}, "financialData": {"maxAge": 86400, "currentPrice": 298.9, "recommendationKey": "none", "totalCash": 141860000, "totalCashPerShare": 3.765, "ebitda": 142667008, "totalDebt": 0, "totalRevenue": 201980000, "revenuePerShare": 5.362, "grossProfits": 220150000, "earningsGrowth": 0.42, "revenueGrowth": -0.382, "grossMargins": 0.99406, "ebitdaMargins": 0.70634, "operatingMargins": 0.70051, "profitMargins": 5.1426396, "financialCurrency": "INR"}}}