{"BFUTILITIE.BO": {"recommendationTrend": {"trend": [{"period": "0m", "strongBuy": 0, "buy": 0, "hold": 0, "sell": 0, "strongSell": 0}, {"period": "-1m", "strongBuy": 0, "buy": 0, "hold": 0, "sell": 0, "strongSell": 0}, {"period": "-2m", "strongBuy": 0, "buy": 0, "hold": 0, "sell": 0, "strongSell": 0}, {"period": "-3m", "strongBuy": 0, "buy": 0, "hold": 0, "sell": 0, "strongSell": 0}], "maxAge": 86400}, "cashflowStatementHistory": {"cashflowStatements": [{"maxAge": 1, "endDate": "2020-03-31", "netIncome": 197275000, "depreciation": 531402000, "changeToNetincome": 1937656000, "changeToAccountReceivables": 13105000, "changeToLiabilities": -59632000, "changeToInventory": -518221000, "changeToOperatingActivities": 994015000, "totalCashFromOperatingActivities": 3106456000, "capitalExpenditures": -1064450000, "investments": 193468000, "otherCashflowsFromInvestingActivities": 39532000, "totalCashflowsFromInvestingActivities": -830862000, "netBorrowings": -418020000, "otherCashflowsFromFinancingActivities": -1803328000, "totalCashFromFinancingActivities": -2221348000, "changeInCash": 54246000}, {"maxAge": 1, "endDate": "2019-03-31", "netIncome": 384020000, "depreciation": 520170000, "changeToNetincome": 2485150000, "changeToAccountReceivables": 1020000, "changeToLiabilities": 282830000, "changeToInventory": 700000, "changeToOperatingActivities": 355980000, "totalCashFromOperatingActivities": 4047990000, "capitalExpenditures": -49970000, "investments": -1561590000, "otherCashflowsFromInvestingActivities": 30270000, "totalCashflowsFromInvestingActivities": -1581200000, "dividendsPaid": -56150000, "netBorrowings": 1128570000, "otherCashflowsFromFinancingActivities": -3563350000, "totalCashFromFinancingActivities": -2490930000, "changeInCash": -24140000}, {"maxAge": 1, "endDate": "2018-03-31", "netIncome": 240430000, "depreciation": 625980000, "changeToNetincome": 1983440000, "changeToAccountReceivables": 73790000, "changeToLiabilities": 54120000, "changeToInventory": 1210000, "changeToOperatingActivities": -192810000, "totalCashFromOperatingActivities": 2812890000, "capitalExpenditures": -53730000, "investments": -231200000, "otherCashflowsFromInvestingActivities": 21230000, "totalCashflowsFromInvestingActivities": -242980000, "dividendsPaid": -28320000, "netBorrowings": -729620000, "otherCashflowsFromFinancingActivities": -1891640000, "totalCashFromFinancingActivities": -2649580000, "changeInCash": -79650000}, {"maxAge": 1, "endDate": "2017-03-31", "netIncome": 33246508, "depreciation": 597691099, "changeToNetincome": 1832534639, "changeToAccountReceivables": -85382118, "changeToLiabilities": 5544724, "changeToInventory": 4989162, "changeToOperatingActivities": 117401261, "totalCashFromOperatingActivities": 2538235762, "capitalExpenditures": -1129022424, "investments": 146039397, "otherCashflowsFromInvestingActivities": 1105589049, "totalCashflowsFromInvestingActivities": 123293924, "dividendsPaid": -28320000, "netBorrowings": -536430724, "otherCashflowsFromFinancingActivities": -2052437128, "totalCashFromFinancingActivities": -2588867852, "changeInCash": 72661834}], "maxAge": 86400}, "institutionOwnership": {"maxAge": 1, "ownershipList": []}, "balanceSheetHistoryQuarterly": {"balanceSheetStatements": [{"maxAge": 1, "endDate": "2020-03-31", "cash": 620455000, "shortTermInvestments": 1981206000, "netReceivables": 286601000, "inventory": 2232536000, "otherCurrentAssets": 65736000, "totalCurrentAssets": 5186534000, "longTermInvestments": 945000, "propertyPlantEquipment": 654046000, "goodWill": 63509000, "intangibleAssets": 11335141000, "otherAssets": 4466824000, "totalAssets": 21706999000, "accountsPayable": 488974000, "shortLongTermDebt": 212300000, "otherCurrentLiab": 2453890000, "longTermDebt": 16199849000, "otherLiab": 2161095000, "minorityInterest": 2188781000, "totalCurrentLiabilities": 3370629000, "totalLiab": 21731573000, "commonStock": 188338000, "treasuryStock": -2401693000, "otherStockholderEquity": -2401693000, "totalStockholderEquity": -2213355000, "netTangibleAssets": -13612005000}, {"maxAge": 1, "endDate": "2019-12-31", "totalStockholderEquity": -2428343000, "netTangibleAssets": -13174024000}, {"maxAge": 1, "endDate": "2019-09-30", "cash": 779975000, "shortTermInvestments": 1967985000, "netReceivables": 34192000, "inventory": 1714496000, "otherCurrentAssets": 76211000, "totalCurrentAssets": 4572859000, "longTermInvestments": 945000, "propertyPlantEquipment": 580999000, "goodWill": 63509000, "intangibleAssets": 10682172000, "otherAssets": 4683109000, "deferredLongTermAssetCharges": 32145000, "totalAssets": 20583593000, "accountsPayable": 776722000, "shortLongTermDebt": 669351000, "otherCurrentLiab": 822034000, "longTermDebt": 16449269000, "otherLiab": 1809602000, "minorityInterest": 2230486000, "totalCurrentLiabilities": 2522579000, "totalLiab": 20781450000, "commonStock": 188338000, "treasuryStock": -2616681000, "otherStockholderEquity": -2616681000, "totalStockholderEquity": -2428343000, "netTangibleAssets": -13174024000}, {"maxAge": 1, "endDate": "2019-06-30", "totalStockholderEquity": -2646060000, "netTangibleAssets": -13511540000}], "maxAge": 86400}, "earningsHistory": {"history": [{"maxAge": 1, "epsActual": {}, "epsEstimate": {}, "epsDifference": {}, "surprisePercent": {}, "quarter": {}, "period": "-4q"}, {"maxAge": 1, "epsActual": {}, "epsEstimate": {}, "epsDifference": {}, "surprisePercent": {}, "quarter": {}, "period": "-3q"}, {"maxAge": 1, "epsActual": {}, "epsEstimate": {}, "epsDifference": {}, "surprisePercent": {}, "quarter": {}, "period": "-2q"}, {"maxAge": 1, "epsActual": {}, "epsEstimate": {}, "epsDifference": {}, "surprisePercent": {}, "quarter": {}, "period": "-1q"}], "maxAge": 86400}, "indexTrend": {"maxAge": 1, "symbol": "SP5", "peRatio": 19.7411, "pegRatio": 1.34172, "estimates": [{"period": "0q", "growth": 0.549}, {"period": "+1q", "growth": 0.431}, {"period": "0y", "growth": 0.305}, {"period": "+1y", "growth": 0.109}, {"period": "+5y", "growth": 0.120865}, {"period": "-5y"}]}, "industryTrend": {"maxAge": 1, "symbol": null, "estimates": []}, "insiderTransactions": {"transactions": [{"maxAge": 1, "shares": 4800, "filerUrl": "", "transactionText": "", "filerName": "Kheny (Ashok)", "filerRelation": "Promoter", "moneyText": "", "startDate": "2019-07-10", "ownership": "D"}, {"maxAge": 1, "shares": 4800, "filerUrl": "", "transactionText": "", "filerName": "Goud (A Rudra)", "filerRelation": "UNREPORTED", "moneyText": "", "startDate": "2019-07-08", "ownership": "D"}], "maxAge": 1}, "quoteType": {"exchange": "BSE", "quoteType": "EQUITY", "symbol": "BFUTILITIE.BO", "underlyingSymbol": "BFUTILITIE.BO", "shortName": "BF UTILITIES LTD.", "longName": "BF Utilities Limited", "firstTradeDateEpochUtc": "2001-12-31 09:15:00", "timeZoneFullName": "Asia/Kolkata", "timeZoneShortName": "IST", "uuid": "d025f836-8da7-3338-bbe1-58eb28daadda", "messageBoardId": null, "gmtOffSetMilliseconds": 19800000, "maxAge": 1}, "incomeStatementHistory": {"incomeStatementHistory": [{"maxAge": 1, "endDate": "2020-03-31", "totalRevenue": 5351887000, "costOfRevenue": 570921000, "grossProfit": 4780966000, "researchDevelopment": {}, "sellingGeneralAdministrative": {}, "nonRecurring": {}, "otherOperatingExpenses": 1813871000, "totalOperatingExpenses": 2916194000, "operatingIncome": 2435693000, "totalOtherIncomeExpenseNet": -2097221000, "ebit": 2435693000, "interestExpense": -2137623000, "incomeBeforeTax": 338472000, "incomeTaxExpense": 64919000, "minorityInterest": 2188781000, "netIncomeFromContinuingOps": 273553000, "discontinuedOperations": {}, "extraordinaryItems": {}, "effectOfAccountingCharges": {}, "otherItems": {}, "netIncome": 197275000, "netIncomeApplicableToCommonShares": 197275000}, {"maxAge": 1, "endDate": "2019-03-31", "totalRevenue": 4481380000, "costOfRevenue": 513800000, "grossProfit": 3967580000, "researchDevelopment": {}, "sellingGeneralAdministrative": 184750000, "nonRecurring": {}, "otherOperatingExpenses": 339380000, "totalOperatingExpenses": 1558100000, "operatingIncome": 2923280000, "totalOtherIncomeExpenseNet": -2127930000, "ebit": 2923280000, "interestExpense": -1933620000, "incomeBeforeTax": 795350000, "incomeTaxExpense": 75370000, "minorityInterest": 2052870000, "netIncomeFromContinuingOps": 719980000, "discontinuedOperations": {}, "extraordinaryItems": {}, "effectOfAccountingCharges": {}, "otherItems": {}, "netIncome": 384020000, "netIncomeApplicableToCommonShares": 384020000}, {"maxAge": 1, "endDate": "2018-03-31", "totalRevenue": 4006090000, "costOfRevenue": 472950000, "grossProfit": 3533140000, "researchDevelopment": {}, "sellingGeneralAdministrative": 118730000, "nonRecurring": {}, "otherOperatingExpenses": 367840000, "totalOperatingExpenses": 1585510000, "operatingIncome": 2420580000, "totalOtherIncomeExpenseNet": -2010630000, "ebit": 2420580000, "interestExpense": -1968840000, "incomeBeforeTax": 409950000, "incomeTaxExpense": 49560000, "minorityInterest": 1936310000, "netIncomeFromContinuingOps": 360390000, "discontinuedOperations": {}, "extraordinaryItems": {}, "effectOfAccountingCharges": {}, "otherItems": {}, "netIncome": 240430000, "netIncomeApplicableToCommonShares": 240430000}, {"maxAge": 1, "endDate": "2017-03-31", "totalRevenue": 3362728123, "costOfRevenue": 416714758, "grossProfit": 2946013365, "researchDevelopment": {}, "sellingGeneralAdministrative": 55437550, "nonRecurring": {}, "otherOperatingExpenses": 357690233, "totalOperatingExpenses": 1427533640, "operatingIncome": 1935194483, "totalOtherIncomeExpenseNet": -2168862953, "ebit": 1935194483, "interestExpense": -2102271965, "incomeBeforeTax": -233668470, "incomeTaxExpense": 59458162, "minorityInterest": 1897900497, "netIncomeFromContinuingOps": -293126632, "discontinuedOperations": {}, "extraordinaryItems": {}, "effectOfAccountingCharges": {}, "otherItems": {}, "netIncome": 33246508, "netIncomeApplicableToCommonShares": 33246508}], "maxAge": 86400}, "fundOwnership": {"maxAge": 1, "ownershipList": [{"maxAge": 1, "reportDate": "2020-07-31", "organization": "DFA Emerging Markets Small Cap Series", "pctHeld": 0.0022, "position": 82031, "value": 17899164}, {"maxAge": 1, "reportDate": "2020-07-31", "organization": "DFA Emerging Markets Sustainability Core 1 Portfolio", "pctHeld": 0.0001, "position": 2290, "value": 499678}]}, "summaryDetail": {"maxAge": 1, "priceHint": 2, "previousClose": 286.55, "open": 280.6, "dayLow": 275.6, "dayHigh": 296.7, "regularMarketPreviousClose": 286.55, "regularMarketOpen": 280.6, "regularMarketDayLow": 275.6, "regularMarketDayHigh": 296.7, "trailingPE": 39.0427, "volume": 56101, "regularMarketVolume": 56101, "averageVolume": 49182, "averageVolume10days": 34498, "averageDailyVolume10Day": 34498, "bid": 280.0, "ask": 0.0, "bidSize": 0, "askSize": 0, "marketCap": 10676881408, "fiftyTwoWeekLow": 134.35, "fiftyTwoWeekHigh": 317.65, "fiftyDayAverage": 286.5957, "twoHundredDayAverage": 264.75037, "currency": "INR", "fromCurrency": null, "toCurrency": null, "lastMarket": null, "algorithm": null, "tradeable": false}, "sectorTrend": {"maxAge": 1, "symbol": null, "estimates": []}, "incomeStatementHistoryQuarterly": {"incomeStatementHistory": [{"maxAge": 1, "endDate": "2020-03-31", "totalRevenue": 1994651000, "costOfRevenue": 145097000, "grossProfit": 1849554000, "researchDevelopment": {}, "sellingGeneralAdministrative": {}, "nonRecurring": {}, "otherOperatingExpenses": 1254630000, "totalOperatingExpenses": 1533436000, "operatingIncome": 461215000, "totalOtherIncomeExpenseNet": -697752000, "ebit": 461215000, "interestExpense": -537280000, "incomeBeforeTax": -236537000, "incomeTaxExpense": 18887000, "minorityInterest": 2188781000, "netIncomeFromContinuingOps": -255424000, "discontinuedOperations": {}, "extraordinaryItems": {}, "effectOfAccountingCharges": {}, "otherItems": {}, "netIncome": -87606000, "netIncomeApplicableToCommonShares": -87606000}, {"maxAge": 1, "endDate": "2019-12-31", "totalRevenue": 1087469000, "costOfRevenue": 159471000, "grossProfit": 927998000, "researchDevelopment": {}, "sellingGeneralAdministrative": {}, "nonRecurring": {}, "otherOperatingExpenses": 238410000, "totalOperatingExpenses": 530742000, "operatingIncome": 556727000, "totalOtherIncomeExpenseNet": -449840000, "ebit": 556727000, "interestExpense": -526436000, "incomeBeforeTax": 106887000, "incomeTaxExpense": 18118000, "minorityInterest": 2188781000, "netIncomeFromContinuingOps": 88769000, "discontinuedOperations": {}, "extraordinaryItems": {}, "effectOfAccountingCharges": {}, "otherItems": {}, "netIncome": 48806000, "netIncomeApplicableToCommonShares": 48806000}, {"maxAge": 1, "endDate": "2019-09-30", "totalRevenue": 1126991000, "costOfRevenue": 131424000, "grossProfit": 995567000, "researchDevelopment": {}, "sellingGeneralAdministrative": {}, "nonRecurring": {}, "otherOperatingExpenses": 195585000, "totalOperatingExpenses": 460024000, "operatingIncome": 666967000, "totalOtherIncomeExpenseNet": -487540000, "ebit": 666967000, "interestExpense": -544949000, "incomeBeforeTax": 179427000, "incomeTaxExpense": 7693000, "minorityInterest": 2230486000, "netIncomeFromContinuingOps": 171734000, "discontinuedOperations": {}, "extraordinaryItems": {}, "effectOfAccountingCharges": {}, "otherItems": {}, "netIncome": 96094000, "netIncomeApplicableToCommonShares": 96094000}, {"maxAge": 1, "endDate": "2019-06-30", "totalRevenue": 1142782000, "costOfRevenue": 134929000, "grossProfit": 1007853000, "researchDevelopment": {}, "sellingGeneralAdministrative": {}, "nonRecurring": {}, "otherOperatingExpenses": 125247000, "totalOperatingExpenses": 391993000, "operatingIncome": 750789000, "totalOtherIncomeExpenseNet": -462094000, "ebit": 750789000, "interestExpense": -528959000, "incomeBeforeTax": 288695000, "incomeTaxExpense": 20221000, "minorityInterest": 2230486000, "netIncomeFromContinuingOps": 268474000, "discontinuedOperations": {}, "extraordinaryItems": {}, "effectOfAccountingCharges": {}, "otherItems": {}, "netIncome": 139964000, "netIncomeApplicableToCommonShares": 139964000}], "maxAge": 86400}, "cashflowStatementHistoryQuarterly": {"cashflowStatements": [{"maxAge": 1, "endDate": "2020-03-31", "netIncome": -87606000, "changeToLiabilities": 0}, {"maxAge": 1, "endDate": "2019-12-31", "netIncome": 48806000, "changeToLiabilities": 0}, {"maxAge": 1, "endDate": "2019-09-30", "netIncome": 96094000, "changeToLiabilities": 0}, {"maxAge": 1, "endDate": "2019-06-30", "netIncome": 139964000, "changeToLiabilities": 0}], "maxAge": 86400}, "insiderHolders": {"holders": [{"maxAge": 1, "name": "Goud (A Rudra)", "relation": "UNREPORTED", "url": "", "transactionDescription": "Acquisition", "latestTransDate": "2019-07-08", "positionDirect": 4800, "positionDirectDate": "2019-07-08"}, {"maxAge": 1, "name": "Kheny (Ashok)", "relation": "Promoter", "url": "", "transactionDescription": "Acquisition", "latestTransDate": "2019-07-10", "positionDirect": 5472, "positionDirectDate": "2019-07-10"}], "maxAge": 1}, "earnings": {"maxAge": 86400, "earningsChart": {"quarterly": [], "earningsDate": []}, "financialsChart": {"yearly": [{"date": 2017, "revenue": 3362728123, "earnings": 33246508}, {"date": 2018, "revenue": 4006090000, "earnings": 240430000}, {"date": 2019, "revenue": 4481380000, "earnings": 384020000}, {"date": 2020, "revenue": 5351887000, "earnings": 197275000}], "quarterly": [{"date": "2Q2019", "revenue": 1142782000, "earnings": 139964000}, {"date": "3Q2019", "revenue": 1126991000, "earnings": 96094000}, {"date": "4Q2019", "revenue": 1087469000, "earnings": 48806000}, {"date": "1Q2020", "revenue": 1994651000, "earnings": -87606000}]}, "financialCurrency": "INR"}, "calendarEvents": {"maxAge": 1, "earnings": {"earningsDate": []}}, "price": {"maxAge": 1, "regularMarketChangePercent": -0.010818272, "regularMarketChange": -3.0999756, "regularMarketTime": "2021-04-30 15:51:01", "priceHint": 2, "regularMarketPrice": 283.45, "regularMarketDayHigh": 296.7, "regularMarketDayLow": 275.6, "regularMarketVolume": 56101, "averageDailyVolume10Day": 34498, "averageDailyVolume3Month": 49182, "regularMarketPreviousClose": 286.55, "regularMarketSource": "FREE_REALTIME", "regularMarketOpen": 280.6, "exchange": "BSE", "exchangeName": "BSE", "exchangeDataDelayedBy": 0, "marketState": "CLOSED", "quoteType": "EQUITY", "symbol": "BFUTILITIE.BO", "underlyingSymbol": null, "shortName": "BF UTILITIES LTD.", "longName": "BF Utilities Limited", "currency": "INR", "quoteSourceName": "Delayed Quote", "currencySymbol": "\u20b9", "fromCurrency": null, "toCurrency": null, "lastMarket": null, "marketCap": 10676881408}, "balanceSheetHistory": {"balanceSheetStatements": [{"maxAge": 1, "endDate": "2020-03-31", "cash": 620455000, "shortTermInvestments": 1981206000, "netReceivables": 286601000, "inventory": 2232536000, "otherCurrentAssets": 65736000, "totalCurrentAssets": 5186534000, "longTermInvestments": 945000, "propertyPlantEquipment": 654046000, "goodWill": 63509000, "intangibleAssets": 11335141000, "otherAssets": 4466824000, "totalAssets": 21706999000, "accountsPayable": 488974000, "shortLongTermDebt": 212300000, "otherCurrentLiab": 2453890000, "longTermDebt": 16199849000, "otherLiab": 2161095000, "minorityInterest": 2188781000, "totalCurrentLiabilities": 3370629000, "totalLiab": 21731573000, "commonStock": 188338000, "treasuryStock": -2401693000, "otherStockholderEquity": -2401693000, "totalStockholderEquity": -2213355000, "netTangibleAssets": -13612005000}, {"maxAge": 1, "endDate": "2019-03-31", "cash": 216750000, "shortTermInvestments": 2047890000, "netReceivables": 46330000, "inventory": 1714310000, "otherCurrentAssets": 33630000, "totalCurrentAssets": 4087110000, "longTermInvestments": 950000, "propertyPlantEquipment": 658100000, "goodWill": 63510000, "intangibleAssets": 10801970000, "otherAssets": 4394080000, "deferredLongTermAssetCharges": 22280000, "totalAssets": 20005720000, "accountsPayable": 548610000, "shortLongTermDebt": 726870000, "otherCurrentLiab": 257500000, "longTermDebt": 16608430000, "otherLiab": 1751810000, "minorityInterest": 2052870000, "totalCurrentLiabilities": 2238670000, "totalLiab": 20598910000, "commonStock": 188340000, "retainedEarnings": -6013470000, "treasuryStock": 1314230000, "capitalSurplus": 1864840000, "otherStockholderEquity": 1314230000, "totalStockholderEquity": -2646060000, "netTangibleAssets": -13511540000}, {"maxAge": 1, "endDate": "2018-03-31", "cash": 240900000, "shortTermInvestments": 531810000, "netReceivables": 177170000, "inventory": 1715010000, "otherCurrentAssets": 39080000, "totalCurrentAssets": 2741130000, "longTermInvestments": 950000, "propertyPlantEquipment": 705470000, "goodWill": 63510000, "intangibleAssets": 11246650000, "otherAssets": 3661430000, "deferredLongTermAssetCharges": 1080000, "totalAssets": 18419140000, "accountsPayable": 265770000, "shortLongTermDebt": 402250000, "otherCurrentLiab": 271810000, "longTermDebt": 15802920000, "otherLiab": 2042880000, "minorityInterest": 1936310000, "totalCurrentLiabilities": 1560470000, "totalLiab": 19406270000, "commonStock": 188340000, "retainedEarnings": -6341340000, "treasuryStock": 1364720000, "capitalSurplus": 1864840000, "otherStockholderEquity": 1364720000, "totalStockholderEquity": -2923440000, "netTangibleAssets": -14233600000}, {"maxAge": 1, "endDate": "2017-03-31", "cash": 320547560, "shortTermInvestments": 231892894, "netReceivables": 245221165, "inventory": 1716218147, "otherCurrentAssets": 435023165, "totalCurrentAssets": 2983779828, "longTermInvestments": 1901101, "propertyPlantEquipment": 762059597, "goodWill": 63509091, "intangibleAssets": 11894131957, "otherAssets": 3035106472, "totalAssets": 18740488046, "accountsPayable": 202006103, "shortLongTermDebt": 160824349, "otherCurrentLiab": 611626446, "longTermDebt": 16773955064, "otherLiab": 1627635318, "minorityInterest": 1897900497, "totalCurrentLiabilities": 1595730603, "totalLiab": 19997320985, "commonStock": 188338140, "retainedEarnings": -6554556936, "treasuryStock": 1346641780, "capitalSurplus": 1864843580, "otherStockholderEquity": 1346641780, "totalStockholderEquity": -3154733436, "netTangibleAssets": -15112374484}], "maxAge": 86400}, "earningsTrend": {"trend": [{"maxAge": 1, "period": "0q", "endDate": null, "growth": {}, "earningsEstimate": {"avg": 0.0, "low": 0.0, "high": 0.0, "yearAgoEps": {}, "numberOfAnalysts": 0, "growth": {}}, "revenueEstimate": {"avg": 0, "low": 0, "high": 0, "numberOfAnalysts": 0, "yearAgoRevenue": {}, "growth": {}}, "epsTrend": {"current": 0.0, "7daysAgo": 0.0, "30daysAgo": 0.0, "60daysAgo": 0.0, "90daysAgo": 0.0}, "epsRevisions": {"upLast7days": 0, "upLast30days": 0, "downLast30days": 0, "downLast90days": {}}}, {"maxAge": 1, "period": "+1q", "endDate": null, "growth": {}, "earningsEstimate": {"avg": 0.0, "low": 0.0, "high": 0.0, "yearAgoEps": {}, "numberOfAnalysts": 0, "growth": {}}, "revenueEstimate": {"avg": 0, "low": 0, "high": 0, "numberOfAnalysts": 0, "yearAgoRevenue": {}, "growth": {}}, "epsTrend": {"current": 0.0, "7daysAgo": 0.0, "30daysAgo": 0.0, "60daysAgo": 0.0, "90daysAgo": 0.0}, "epsRevisions": {"upLast7days": 0, "upLast30days": 0, "downLast30days": 0, "downLast90days": {}}}, {"maxAge": 1, "period": "0y", "endDate": null, "growth": {}, "earningsEstimate": {"avg": 0.0, "low": 0.0, "high": 0.0, "yearAgoEps": {}, "numberOfAnalysts": 0, "growth": {}}, "revenueEstimate": {"avg": 0, "low": 0, "high": 0, "numberOfAnalysts": 0, "yearAgoRevenue": {}, "growth": {}}, "epsTrend": {"current": 0.0, "7daysAgo": 0.0, "30daysAgo": 0.0, "60daysAgo": 0.0, "90daysAgo": 0.0}, "epsRevisions": {"upLast7days": 0, "upLast30days": 0, "downLast30days": 0, "downLast90days": {}}}, {"maxAge": 1, "period": "+1y", "endDate": null, "growth": {}, "earningsEstimate": {"avg": 0.0, "low": 0.0, "high": 0.0, "yearAgoEps": {}, "numberOfAnalysts": 0, "growth": {}}, "revenueEstimate": {"avg": 0, "low": 0, "high": 0, "numberOfAnalysts": 0, "yearAgoRevenue": {}, "growth": {}}, "epsTrend": {"current": 0.0, "7daysAgo": 0.0, "30daysAgo": 0.0, "60daysAgo": 0.0, "90daysAgo": 0.0}, "epsRevisions": {"upLast7days": 0, "upLast30days": 0, "downLast30days": 0, "downLast90days": {}}}, {"maxAge": 1, "period": "+5y", "endDate": null, "growth": {}, "earningsEstimate": {"avg": {}, "low": {}, "high": {}, "yearAgoEps": {}, "numberOfAnalysts": {}, "growth": {}}, "revenueEstimate": {"avg": {}, "low": {}, "high": {}, "numberOfAnalysts": {}, "yearAgoRevenue": {}, "growth": {}}, "epsTrend": {"current": {}, "7daysAgo": {}, "30daysAgo": {}, "60daysAgo": {}, "90daysAgo": {}}, "epsRevisions": {"upLast7days": {}, "upLast30days": {}, "downLast30days": {}, "downLast90days": {}}}, {"maxAge": 1, "period": "-5y", "endDate": null, "growth": {}, "earningsEstimate": {"avg": {}, "low": {}, "high": {}, "yearAgoEps": {}, "numberOfAnalysts": {}, "growth": {}}, "revenueEstimate": {"avg": {}, "low": {}, "high": {}, "numberOfAnalysts": {}, "yearAgoRevenue": {}, "growth": {}}, "epsTrend": {"current": {}, "7daysAgo": {}, "30daysAgo": {}, "60daysAgo": {}, "90daysAgo": {}}, "epsRevisions": {"upLast7days": {}, "upLast30days": {}, "downLast30days": {}, "downLast90days": {}}}], "maxAge": 1}, "financialData": {"maxAge": 86400, "currentPrice": 283.45, "targetHighPrice": 917.0, "targetLowPrice": 917.0, "targetMeanPrice": 917.0, "targetMedianPrice": 917.0, "recommendationKey": "none", "numberOfAnalystOpinions": 1, "grossProfits": 4780966000, "financialCurrency": "INR"}}}