{"BFUTILITIE.NS": {"assetProfile": {"address1": "Pune Cantonment", "address2": "Mundhwa", "city": "Pune", "zip": "411036", "country": "India", "phone": "91 20 2672 5257", "website": "http://www.bfutilities.com", "industry": "Engineering & Construction", "sector": "Industrials", "longBusinessSummary": "BF Utilities Limited, together with its subsidiaries, primarily engages in the infrastructure business in India. It operates through Wind Mills and Infrastructure segments. The company develops the Bangalore Mysore Infrastructure Corridor Project, a 164 kilometers tolled expressway connecting Bengaluru and Mysuru; and operates a 30 kilometers bypass road connecting the twin cities of Hubli and Dharwad in North Karnataka. It also generates electricity through wind mills with an installed capacity of 18.33 megawatts. BF Utilities Limited was incorporated in 2000 and is based in Pune, India.", "fullTimeEmployees": 8, "companyOfficers": [{"maxAge": 1, "name": "Mr. Bhalchandra Shankar Mitkari", "age": 53, "title": "CEO, CFO, Compliance Officer, Company Sec. & Whole-time Director", "yearBorn": 1967, "fiscalYear": 2020, "totalPay": 11557165, "exercisedValue": 0, "unexercisedValue": 0}, {"maxAge": 1, "name": "Mr. Sudhindra S. Joshi", "title": "Head of Accounts & Fin.", "fiscalYear": 2020, "totalPay": 1837969, "exercisedValue": 0, "unexercisedValue": 0}, {"maxAge": 1, "name": "Mr. Ashok Kumar Kheny", "age": 70, "title": "Managing Director of Nandi Infrastructure Corridor Enterprise Limited", "yearBorn": 1950, "fiscalYear": 2011, "exercisedValue": 0, "unexercisedValue": 0}, {"maxAge": 1, "name": "Mr. Shivakumar M. Kheny", "age": 72, "title": "Managing Director of Nandi Highway Developers Limited", "yearBorn": 1948, "exercisedValue": 0, "unexercisedValue": 0}], "compensationAsOfEpochDate": "2020-12-31 05:30:00", "maxAge": 86400}, "cashflowStatementHistory": {"cashflowStatements": [{"maxAge": 1, "endDate": "2020-03-31", "netIncome": 197260000, "depreciation": 531400000, "changeToNetincome": 1937660000, "changeToAccountReceivables": 13100000, "changeToLiabilities": -59630000, "changeToInventory": -518220000, "changeToOperatingActivities": 994020000, "totalCashFromOperatingActivities": 3106450000, "capitalExpenditures": -1064450000, "investments": 193470000, "otherCashflowsFromInvestingActivities": 39530000, "totalCashflowsFromInvestingActivities": -830860000, "netBorrowings": -418020000, "otherCashflowsFromFinancingActivities": -1803320000, "totalCashFromFinancingActivities": -2221340000, "changeInCash": 54250000}, {"maxAge": 1, "endDate": "2019-03-31", "netIncome": 384020000, "depreciation": 520170000, "changeToNetincome": 2485150000, "changeToAccountReceivables": 1020000, "changeToLiabilities": 282830000, "changeToInventory": 700000, "changeToOperatingActivities": 355980000, "totalCashFromOperatingActivities": 4047990000, "capitalExpenditures": -49970000, "investments": -1561590000, "otherCashflowsFromInvestingActivities": 30270000, "totalCashflowsFromInvestingActivities": -1581200000, "dividendsPaid": -56140000, "netBorrowings": 1128570000, "otherCashflowsFromFinancingActivities": -3563360000, "totalCashFromFinancingActivities": -2490930000, "changeInCash": -24140000}, {"maxAge": 1, "endDate": "2018-03-31", "netIncome": 240430000, "depreciation": 625980000, "changeToNetincome": 1983440000, "changeToAccountReceivables": 73790000, "changeToLiabilities": 54120000, "changeToInventory": 1210000, "changeToOperatingActivities": -192810000, "totalCashFromOperatingActivities": 2812890000, "capitalExpenditures": -53730000, "investments": -231200000, "otherCashflowsFromInvestingActivities": 21230000, "totalCashflowsFromInvestingActivities": -242980000, "dividendsPaid": -28320000, "netBorrowings": -729620000, "otherCashflowsFromFinancingActivities": -1891640000, "totalCashFromFinancingActivities": -2649580000, "changeInCash": -79650000}, {"maxAge": 1, "endDate": "2017-03-31", "netIncome": 33246508, "depreciation": 597691099, "changeToNetincome": 1832534639, "changeToAccountReceivables": -85382118, "changeToLiabilities": 5544724, "changeToInventory": 4989162, "changeToOperatingActivities": 117401261, "totalCashFromOperatingActivities": 2538235762, "capitalExpenditures": -1129022424, "investments": 146039397, "otherCashflowsFromInvestingActivities": 1105589049, "totalCashflowsFromInvestingActivities": 123293924, "dividendsPaid": -28320000, "netBorrowings": -536430724, "otherCashflowsFromFinancingActivities": -2052437128, "totalCashFromFinancingActivities": -2588867852, "changeInCash": 72661834}], "maxAge": 86400}, "institutionOwnership": {"maxAge": 1, "ownershipList": []}, "majorHoldersBreakdown": {"maxAge": 1, "insidersPercentHeld": 0.6147, "institutionsPercentHeld": 0.00224, "institutionsFloatPercentHeld": 0.0058099995, "institutionsCount": 1}, "balanceSheetHistoryQuarterly": {"balanceSheetStatements": [{"maxAge": 1, "endDate": "2020-12-31", "totalStockholderEquity": -2417686000, "netTangibleAssets": -13565598000}, {"maxAge": 1, "endDate": "2020-09-30", "cash": 763403000, "shortTermInvestments": 2399521000, "netReceivables": 271486000, "inventory": 2232149000, "otherCurrentAssets": 78879000, "totalCurrentAssets": 5745438000, "longTermInvestments": 945000, "propertyPlantEquipment": 620765000, "goodWill": 63509000, "intangibleAssets": 11084403000, "otherAssets": 4491340000, "deferredLongTermAssetCharges": 7199000, "totalAssets": 22006400000, "accountsPayable": 560623000, "otherCurrentLiab": 2460576000, "longTermDebt": 16728591000, "otherLiab": 2436306000, "minorityInterest": 1819128000, "totalCurrentLiabilities": 3440061000, "totalLiab": 22604958000, "commonStock": 188338000, "treasuryStock": -2606024000, "otherStockholderEquity": -2606024000, "totalStockholderEquity": -2417686000, "netTangibleAssets": -13565598000}, {"maxAge": 1, "endDate": "2020-06-30", "totalStockholderEquity": -2213355000, "netTangibleAssets": -13612005000}, {"maxAge": 1, "endDate": "2020-03-31", "cash": 271000000, "shortTermInvestments": 352140000, "netReceivables": 286820000, "inventory": 2232530000, "otherCurrentAssets": 45770000, "totalCurrentAssets": 5186510000, "longTermInvestments": 950000, "propertyPlantEquipment": 654030000, "goodWill": 63510000, "intangibleAssets": 11335130000, "otherAssets": 4466830000, "totalAssets": 21706960000, "accountsPayable": 488980000, "shortLongTermDebt": 676490000, "otherCurrentLiab": 1482300000, "longTermDebt": 16199850000, "otherLiab": 2117180000, "minorityInterest": 2188760000, "totalCurrentLiabilities": 3370630000, "totalLiab": 21731570000, "commonStock": 188340000, "retainedEarnings": -5816210000, "treasuryStock": 1549670000, "capitalSurplus": 1864830000, "otherStockholderEquity": 1549670000, "totalStockholderEquity": -2213370000, "netTangibleAssets": -13612010000}], "maxAge": 86400}, "indexTrend": {"maxAge": 1, "symbol": "SP5", "peRatio": 19.7411, "pegRatio": 1.34172, "estimates": [{"period": "0q", "growth": 0.549}, {"period": "+1q", "growth": 0.431}, {"period": "0y", "growth": 0.305}, {"period": "+1y", "growth": 0.109}, {"period": "+5y", "growth": 0.120865}, {"period": "-5y"}]}, "defaultKeyStatistics": {"maxAge": 1, "priceHint": 2, "enterpriseValue": 21096396800, "profitMargins": -0.044899996, "floatShares": 6799011, "sharesOutstanding": 37667600, "heldPercentInsiders": 0.6147, "heldPercentInstitutions": 0.00224, "beta": 1.56327, "category": null, "bookValue": -58.761, "fundFamily": null, "legalType": null, "lastFiscalYearEnd": "2020-03-31 05:30:00", "nextFiscalYearEnd": "2022-03-31 05:30:00", "mostRecentQuarter": "2020-12-31 05:30:00", "earningsQuarterlyGrowth": 0.784, "netIncomeToCommon": -205080992, "trailingEps": -5.568, "lastSplitFactor": null, "enterpriseToRevenue": 4.618, "enterpriseToEbitda": 9.905, "52WeekChange": 0.7016492, "SandP52WeekChange": 0.48148263}, "summaryProfile": {"address1": "Pune Cantonment", "address2": "Mundhwa", "city": "Pune", "zip": "411036", "country": "India", "phone": "91 20 2672 5257", "website": "http://www.bfutilities.com", "industry": "Engineering & Construction", "sector": "Industrials", "longBusinessSummary": "BF Utilities Limited, together with its subsidiaries, primarily engages in the infrastructure business in India. It operates through Wind Mills and Infrastructure segments. The company develops the Bangalore Mysore Infrastructure Corridor Project, a 164 kilometers tolled expressway connecting Bengaluru and Mysuru; and operates a 30 kilometers bypass road connecting the twin cities of Hubli and Dharwad in North Karnataka. It also generates electricity through wind mills with an installed capacity of 18.33 megawatts. BF Utilities Limited was incorporated in 2000 and is based in Pune, India.", "fullTimeEmployees": 8, "companyOfficers": [], "maxAge": 86400}, "netSharePurchaseActivity": {"maxAge": 1, "period": "6m", "buyInfoCount": 0, "buyInfoShares": 0, "sellInfoCount": 0, "netInfoCount": 0, "netInfoShares": 0, "netPercentInsiderShares": 0.0, "totalInsiderShares": 11788429}, "insiderTransactions": {"transactions": [{"maxAge": 1, "shares": 4800, "filerUrl": "", "transactionText": "", "filerName": "Kheny (Ashok)", "filerRelation": "Promoter", "moneyText": "", "startDate": "2019-07-10", "ownership": "D"}, {"maxAge": 1, "shares": 4800, "filerUrl": "", "transactionText": "", "filerName": "Goud (A Rudra)", "filerRelation": "UNREPORTED", "moneyText": "", "startDate": "2019-07-08", "ownership": "D"}, {"maxAge": 1, "shares": 4000, "filerUrl": "", "transactionText": "", "filerName": "Kalyani (Sunita B)", "filerRelation": "UNREPORTED", "moneyText": "", "startDate": "2018-02-15", "ownership": "D"}, {"maxAge": 1, "shares": 28270, "filerUrl": "", "transactionText": "", "filerName": "Sundaram Trading & Investment Pvt. Ltd.", "filerRelation": "Promoter", "moneyText": "", "startDate": "2017-11-02", "ownership": "D"}, {"maxAge": 1, "shares": 63470, "filerUrl": "", "transactionText": "", "filerName": "Kalyani Investment Co Ltd", "filerRelation": "Promoter", "moneyText": "", "startDate": "2014-03-12", "ownership": "D"}, {"maxAge": 1, "shares": 34462, "filerUrl": "", "transactionText": "", "filerName": "Kalyani Investment Co Ltd", "filerRelation": "Promoter", "moneyText": "", "startDate": "2014-03-10", "ownership": "D"}, {"maxAge": 1, "shares": 16164, "filerUrl": "", "transactionText": "", "filerName": "Kalyani Investment Co Ltd", "filerRelation": "Promoter", "moneyText": "", "startDate": "2014-03-07", "ownership": "D"}, {"maxAge": 1, "shares": 21000, "filerUrl": "", "transactionText": "", "filerName": "Kalyani Investment Co Ltd", "filerRelation": "Promoter", "moneyText": "", "startDate": "2014-03-06", "ownership": "D"}, {"maxAge": 1, "shares": 1148650, "filerUrl": "", "transactionText": "", "filerName": "Sundaram Trading & Investment Pvt. Ltd.", "filerRelation": "Promoter", "moneyText": "", "startDate": "2014-01-28", "ownership": "D"}, {"maxAge": 1, "shares": 320500, "filerUrl": "", "transactionText": "", "filerName": "Sundaram Trading & Investment Pvt. Ltd.", "filerRelation": "Promoter", "moneyText": "", "startDate": "2014-01-21", "ownership": "D"}], "maxAge": 1}, "quoteType": {"exchange": "NSI", "quoteType": "EQUITY", "symbol": "BFUTILITIE.NS", "underlyingSymbol": "BFUTILITIE.NS", "shortName": "BF UTILITIES LTD", "longName": "BF Utilities Limited", "firstTradeDateEpochUtc": "2007-05-03 09:15:00", "timeZoneFullName": "Asia/Kolkata", "timeZoneShortName": "IST", "uuid": "1539f61d-140e-3833-8a7e-9d1cfdaadbef", "messageBoardId": "finmb_11064739", "gmtOffSetMilliseconds": 19800000, "maxAge": 1}, "incomeStatementHistory": {"incomeStatementHistory": [{"maxAge": 1, "endDate": "2020-03-31", "totalRevenue": 5351880000, "costOfRevenue": 570930000, "grossProfit": 4780950000, "researchDevelopment": {}, "sellingGeneralAdministrative": 324520000, "nonRecurring": {}, "otherOperatingExpenses": 1397880000, "totalOperatingExpenses": 2824730000, "operatingIncome": 2527150000, "totalOtherIncomeExpenseNet": -2188690000, "ebit": 2527150000, "interestExpense": -2017820000, "incomeBeforeTax": 338460000, "incomeTaxExpense": 64920000, "minorityInterest": 2188760000, "netIncomeFromContinuingOps": 273540000, "discontinuedOperations": {}, "extraordinaryItems": {}, "effectOfAccountingCharges": {}, "otherItems": {}, "netIncome": 197260000, "netIncomeApplicableToCommonShares": 197260000}, {"maxAge": 1, "endDate": "2019-03-31", "totalRevenue": 4481380000, "costOfRevenue": 513800000, "grossProfit": 3967580000, "researchDevelopment": {}, "sellingGeneralAdministrative": 184750000, "nonRecurring": {}, "otherOperatingExpenses": 339380000, "totalOperatingExpenses": 1558100000, "operatingIncome": 2923280000, "totalOtherIncomeExpenseNet": -2127930000, "ebit": 2923280000, "interestExpense": -1933620000, "incomeBeforeTax": 795350000, "incomeTaxExpense": 75370000, "minorityInterest": 2052870000, "netIncomeFromContinuingOps": 719980000, "discontinuedOperations": {}, "extraordinaryItems": {}, "effectOfAccountingCharges": {}, "otherItems": {}, "netIncome": 384020000, "netIncomeApplicableToCommonShares": 384020000}, {"maxAge": 1, "endDate": "2018-03-31", "totalRevenue": 4006090000, "costOfRevenue": 472950000, "grossProfit": 3533140000, "researchDevelopment": {}, "sellingGeneralAdministrative": 118730000, "nonRecurring": {}, "otherOperatingExpenses": 367840000, "totalOperatingExpenses": 1585510000, "operatingIncome": 2420580000, "totalOtherIncomeExpenseNet": -2010630000, "ebit": 2420580000, "interestExpense": -1968840000, "incomeBeforeTax": 409950000, "incomeTaxExpense": 49560000, "minorityInterest": 1936310000, "netIncomeFromContinuingOps": 360390000, "discontinuedOperations": {}, "extraordinaryItems": {}, "effectOfAccountingCharges": {}, "otherItems": {}, "netIncome": 240430000, "netIncomeApplicableToCommonShares": 240430000}, {"maxAge": 1, "endDate": "2017-03-31", "totalRevenue": 3362728123, "costOfRevenue": 416714758, "grossProfit": 2946013365, "researchDevelopment": {}, "sellingGeneralAdministrative": 55437550, "nonRecurring": {}, "otherOperatingExpenses": 357690233, "totalOperatingExpenses": 1427533640, "operatingIncome": 1935194483, "totalOtherIncomeExpenseNet": -2168862953, "ebit": 1935194483, "interestExpense": -2102271965, "incomeBeforeTax": -233668470, "incomeTaxExpense": 59458162, "minorityInterest": 1897900497, "netIncomeFromContinuingOps": -293126632, "discontinuedOperations": {}, "extraordinaryItems": {}, "effectOfAccountingCharges": {}, "otherItems": {}, "netIncome": 33246508, "netIncomeApplicableToCommonShares": 33246508}], "maxAge": 86400}, "fundOwnership": {"maxAge": 1, "ownershipList": [{"maxAge": 1, "reportDate": "2021-01-31", "organization": "DFA Emerging Markets Small Cap Series", "pctHeld": 0.0022, "position": 82031, "value": 22074542}, {"maxAge": 1, "reportDate": "2021-01-31", "organization": "DFA Emerging Markets Sustainability Core 1 Portfolio", "pctHeld": 0.0001, "position": 2290, "value": 616239}]}, "summaryDetail": {"maxAge": 1, "priceHint": 2, "previousClose": 286.95, "open": 282.9, "dayLow": 275.4, "dayHigh": 296.5, "regularMarketPreviousClose": 286.95, "regularMarketOpen": 282.9, "regularMarketDayLow": 275.4, "regularMarketDayHigh": 296.5, "payoutRatio": 0.0, "beta": 1.56327, "volume": 970832, "regularMarketVolume": 970832, "averageVolume": 316212, "averageVolume10days": 940827, "averageDailyVolume10Day": 940827, "bid": 0.0, "ask": 0.0, "bidSize": 0, "askSize": 0, "marketCap": 10673285120, "fiftyTwoWeekLow": 135.6, "fiftyTwoWeekHigh": 317.9, "priceToSalesTrailing12Months": 2.3366318, "fiftyDayAverage": 252.66286, "twoHundredDayAverage": 267.90347, "currency": "INR", "fromCurrency": null, "toCurrency": null, "lastMarket": null, "algorithm": null, "tradeable": false}, "incomeStatementHistoryQuarterly": {"incomeStatementHistory": [{"maxAge": 1, "endDate": "2020-12-31", "totalRevenue": 1113941000, "costOfRevenue": 143230000, "grossProfit": 970711000, "researchDevelopment": {}, "sellingGeneralAdministrative": {}, "nonRecurring": {}, "otherOperatingExpenses": 169079000, "totalOperatingExpenses": 454761000, "operatingIncome": 659180000, "totalOtherIncomeExpenseNet": -468456000, "ebit": 659180000, "interestExpense": -536109000, "incomeBeforeTax": 190724000, "incomeTaxExpense": 19628000, "minorityInterest": {}, "netIncomeFromContinuingOps": 171096000, "discontinuedOperations": {}, "extraordinaryItems": {}, "effectOfAccountingCharges": {}, "otherItems": {}, "netIncome": 87066000, "netIncomeApplicableToCommonShares": 87066000}, {"maxAge": 1, "endDate": "2020-09-30", "totalRevenue": 932824000, "costOfRevenue": 129425000, "grossProfit": 803399000, "researchDevelopment": {}, "sellingGeneralAdministrative": {}, "nonRecurring": {}, "otherOperatingExpenses": 362557000, "totalOperatingExpenses": 634610000, "operatingIncome": 298214000, "totalOtherIncomeExpenseNet": -523392000, "ebit": 298214000, "interestExpense": -568251000, "incomeBeforeTax": -225178000, "incomeTaxExpense": -1017000, "minorityInterest": 1819128000, "netIncomeFromContinuingOps": -224161000, "discontinuedOperations": {}, "extraordinaryItems": {}, "effectOfAccountingCharges": {}, "otherItems": {}, "netIncome": -62160000, "netIncomeApplicableToCommonShares": -62160000}, {"maxAge": 1, "endDate": "2020-06-30", "totalRevenue": 526354000, "costOfRevenue": 127640000, "grossProfit": 398714000, "researchDevelopment": {}, "sellingGeneralAdministrative": {}, "nonRecurring": {}, "otherOperatingExpenses": 163017000, "totalOperatingExpenses": 432176000, "operatingIncome": 94178000, "totalOtherIncomeExpenseNet": -446874000, "ebit": 94178000, "interestExpense": -541191000, "incomeBeforeTax": -352696000, "incomeTaxExpense": -2674000, "minorityInterest": 1819128000, "netIncomeFromContinuingOps": -350022000, "discontinuedOperations": {}, "extraordinaryItems": {}, "effectOfAccountingCharges": {}, "otherItems": {}, "netIncome": -142369000, "netIncomeApplicableToCommonShares": -142369000}, {"maxAge": 1, "endDate": "2020-03-31", "totalRevenue": 1994644000, "costOfRevenue": 145106000, "grossProfit": 1849538000, "researchDevelopment": {}, "sellingGeneralAdministrative": 324520000, "nonRecurring": {}, "otherOperatingExpenses": 838639000, "totalOperatingExpenses": 1441972000, "operatingIncome": 552672000, "totalOtherIncomeExpenseNet": -789221000, "ebit": 552672000, "interestExpense": -417477000, "incomeBeforeTax": -236549000, "incomeTaxExpense": 18888000, "minorityInterest": 2188760000, "netIncomeFromContinuingOps": -255437000, "discontinuedOperations": {}, "extraordinaryItems": {}, "effectOfAccountingCharges": {}, "otherItems": {}, "netIncome": -87621000, "netIncomeApplicableToCommonShares": -87621000}], "maxAge": 86400}, "cashflowStatementHistoryQuarterly": {"cashflowStatements": [{"maxAge": 1, "endDate": "2020-12-31", "netIncome": 87066000, "changeToLiabilities": 0}, {"maxAge": 1, "endDate": "2020-09-30", "netIncome": -62160000, "changeToLiabilities": 0}, {"maxAge": 1, "endDate": "2020-06-30", "netIncome": -142369000, "changeToLiabilities": 0}, {"maxAge": 1, "endDate": "2020-03-31", "netIncome": -87621000, "changeToLiabilities": 0}], "maxAge": 86400}, "insiderHolders": {"holders": [{"maxAge": 1, "name": "Goud (A Rudra)", "relation": "UNREPORTED", "url": "", "transactionDescription": "Acquisition", "latestTransDate": "2019-07-08", "positionDirect": 4800, "positionDirectDate": "2019-07-08"}, {"maxAge": 1, "name": "Kalyani (Sunita B)", "relation": "UNREPORTED", "url": "", "transactionDescription": "Purchase", "latestTransDate": "2018-02-15", "positionDirect": 4000, "positionDirectDate": "2018-02-15"}, {"maxAge": 1, "name": "Kalyani Investment Co Ltd", "relation": "Promoter", "url": "", "transactionDescription": "Sale", "latestTransDate": "2014-03-12", "positionDirect": 6195046, "positionDirectDate": "2014-03-12"}, {"maxAge": 1, "name": "Kheny (Ashok)", "relation": "Promoter", "url": "", "transactionDescription": "Acquisition", "latestTransDate": "2019-07-10", "positionDirect": 5472, "positionDirectDate": "2019-07-10"}, {"maxAge": 1, "name": "Sundaram Trading & Investment Pvt. Ltd.", "relation": "Promoter", "url": "", "transactionDescription": "Acquisition", "latestTransDate": "2017-11-02", "positionDirect": 239373, "positionDirectDate": "2017-11-02"}], "maxAge": 1}, "calendarEvents": {"maxAge": 1, "earnings": {"earningsDate": []}}, "price": {"maxAge": 1, "regularMarketChangePercent": -0.011151811, "regularMarketChange": -3.2000122, "regularMarketTime": "2021-04-30 15:29:58", "priceHint": 2, "regularMarketPrice": 283.75, "regularMarketDayHigh": 296.5, "regularMarketDayLow": 275.4, "regularMarketVolume": 970832, "averageDailyVolume10Day": 940827, "averageDailyVolume3Month": 316212, "regularMarketPreviousClose": 286.95, "regularMarketSource": "FREE_REALTIME", "regularMarketOpen": 282.9, "exchange": "NSI", "exchangeName": "NSE", "exchangeDataDelayedBy": 15, "marketState": "CLOSED", "quoteType": "EQUITY", "symbol": "BFUTILITIE.NS", "underlyingSymbol": null, "shortName": "BF UTILITIES LTD", "longName": "BF Utilities Limited", "currency": "INR", "quoteSourceName": "Delayed Quote", "currencySymbol": "\u20b9", "fromCurrency": null, "toCurrency": null, "lastMarket": null, "marketCap": 10673285120}, "balanceSheetHistory": {"balanceSheetStatements": [{"maxAge": 1, "endDate": "2020-03-31", "cash": 271000000, "shortTermInvestments": 352140000, "netReceivables": 286820000, "inventory": 2232530000, "otherCurrentAssets": 45770000, "totalCurrentAssets": 5186510000, "longTermInvestments": 950000, "propertyPlantEquipment": 654030000, "goodWill": 63510000, "intangibleAssets": 11335130000, "otherAssets": 4466830000, "totalAssets": 21706960000, "accountsPayable": 488980000, "shortLongTermDebt": 676490000, "otherCurrentLiab": 1482300000, "longTermDebt": 16199850000, "otherLiab": 2117180000, "minorityInterest": 2188760000, "totalCurrentLiabilities": 3370630000, "totalLiab": 21731570000, "commonStock": 188340000, "retainedEarnings": -5816210000, "treasuryStock": 1549670000, "capitalSurplus": 1864830000, "otherStockholderEquity": 1549670000, "totalStockholderEquity": -2213370000, "netTangibleAssets": -13612010000}, {"maxAge": 1, "endDate": "2019-03-31", "cash": 216750000, "shortTermInvestments": 621800000, "netReceivables": 52940000, "inventory": 1714310000, "otherCurrentAssets": 33640000, "totalCurrentAssets": 4087120000, "longTermInvestments": 950000, "propertyPlantEquipment": 658090000, "goodWill": 63510000, "intangibleAssets": 10801960000, "otherAssets": 4392900000, "deferredLongTermAssetCharges": 22280000, "totalAssets": 20004530000, "accountsPayable": 548610000, "shortLongTermDebt": 726870000, "otherCurrentLiab": 257500000, "longTermDebt": 16608430000, "otherLiab": 1751810000, "minorityInterest": 2052870000, "totalCurrentLiabilities": 2237490000, "totalLiab": 20597730000, "commonStock": 188340000, "retainedEarnings": -6013470000, "treasuryStock": 1314230000, "capitalSurplus": 1864830000, "otherStockholderEquity": 1314230000, "totalStockholderEquity": -2646070000, "netTangibleAssets": -13511540000}, {"maxAge": 1, "endDate": "2018-03-31", "cash": 240900000, "shortTermInvestments": 454240000, "netReceivables": 177170000, "inventory": 1715010000, "otherCurrentAssets": 39080000, "totalCurrentAssets": 2741130000, "longTermInvestments": 950000, "propertyPlantEquipment": 705470000, "goodWill": 63510000, "intangibleAssets": 11246650000, "otherAssets": 3661430000, "deferredLongTermAssetCharges": 1080000, "totalAssets": 18419140000, "accountsPayable": 265770000, "shortLongTermDebt": 402250000, "otherCurrentLiab": 271810000, "longTermDebt": 15802920000, "otherLiab": 2042880000, "minorityInterest": 1936310000, "totalCurrentLiabilities": 1560470000, "totalLiab": 19406270000, "commonStock": 188340000, "retainedEarnings": -6341340000, "treasuryStock": 1364720000, "capitalSurplus": 1864840000, "otherStockholderEquity": 1364720000, "totalStockholderEquity": -2923440000, "netTangibleAssets": -14233600000}, {"maxAge": 1, "endDate": "2017-03-31", "cash": 320547560, "shortTermInvestments": 231892894, "netReceivables": 245221165, "inventory": 1716218147, "otherCurrentAssets": 435023165, "totalCurrentAssets": 2983779828, "longTermInvestments": 1901101, "propertyPlantEquipment": 762059597, "goodWill": 63509091, "intangibleAssets": 11894131957, "otherAssets": 3035106472, "totalAssets": 18740488046, "accountsPayable": 202006103, "shortLongTermDebt": 160824349, "otherCurrentLiab": 611626446, "longTermDebt": 16773955064, "otherLiab": 1627635318, "minorityInterest": 1897900497, "totalCurrentLiabilities": 1595730603, "totalLiab": 19997320985, "commonStock": 188338140, "retainedEarnings": -6554556936, "treasuryStock": 1346641780, "capitalSurplus": 1864843580, "otherStockholderEquity": 1346641780, "totalStockholderEquity": -3154733436, "netTangibleAssets": -15112374484}], "maxAge": 86400}, "financialData": {"maxAge": 86400, "currentPrice": 283.75, "recommendationKey": "none", "totalCash": 3162924032, "totalCashPerShare": 164.929, "ebitda": 2129944064, "totalDebt": 16937198592, "totalRevenue": 4567808000, "revenuePerShare": 124.015, "grossProfits": 4780950000, "earningsGrowth": 0.924, "revenueGrowth": 0.024, "grossMargins": 0.8806, "ebitdaMargins": 0.46629003, "operatingMargins": 0.35121, "profitMargins": -0.044899996, "financialCurrency": "INR"}}}