{"BGJL.BO": {"cashflowStatementHistory": {"cashflowStatements": [{"maxAge": 1, "endDate": "2019-03-31", "netIncome": 661682, "depreciation": 85560, "changeToNetincome": 903224, "changeToAccountReceivables": -18160247, "changeToLiabilities": -7497211, "changeToInventory": -40178192, "changeToOperatingActivities": 3690255, "totalCashFromOperatingActivities": -60481049, "investments": 16021004, "totalCashflowsFromInvestingActivities": 16021004, "netBorrowings": 2458884, "otherCashflowsFromFinancingActivities": -878856, "totalCashFromFinancingActivities": 41579988, "changeInCash": -2880057, "issuanceOfStock": 39999960}, {"maxAge": 1, "endDate": "2018-03-31", "netIncome": 1851757, "depreciation": 79892, "changeToNetincome": 716394, "changeToAccountReceivables": -34930418, "changeToLiabilities": 3684084, "changeToInventory": -21631000, "changeToOperatingActivities": 5696717, "totalCashFromOperatingActivities": -44532574, "capitalExpenditures": -1038162, "investments": -19596531, "otherCashflowsFromInvestingActivities": 1, "totalCashflowsFromInvestingActivities": -20634693, "netBorrowings": 27824656, "otherCashflowsFromFinancingActivities": -814219, "totalCashFromFinancingActivities": 66372991, "changeInCash": 1205724, "issuanceOfStock": 39362554}, {"maxAge": 1, "endDate": "2017-03-31", "netIncome": 1715979, "depreciation": 52363, "changeToNetincome": 1372492, "changeToAccountReceivables": -1982488, "changeToLiabilities": 2646265, "changeToInventory": -4277634, "changeToOperatingActivities": 8975064, "totalCashFromOperatingActivities": 8742905, "capitalExpenditures": -111102, "investments": -19596531, "otherCashflowsFromInvestingActivities": 1, "totalCashflowsFromInvestingActivities": -111102, "netBorrowings": -16284993, "otherCashflowsFromFinancingActivities": -9249275, "totalCashFromFinancingActivities": 8791732, "changeInCash": 159929, "issuanceOfStock": 34326000}, {"maxAge": 1, "endDate": "2017-02-28", "netIncome": 5350909, "depreciation": 48000, "changeToNetincome": -62182, "changeToAccountReceivables": -12634908, "changeToLiabilities": 2324727, "changeToInventory": -11290908, "changeToOperatingActivities": 13780362, "totalCashFromOperatingActivities": -2480727, "capitalExpenditures": -17455, "investments": -19596531, "otherCashflowsFromInvestingActivities": 266182, "totalCashflowsFromInvestingActivities": 248727, "netBorrowings": -17765453, "otherCashflowsFromFinancingActivities": -652364, "totalCashFromFinancingActivities": 15714544, "changeInCash": 13482544, "issuanceOfStock": 34132361}], "maxAge": 86400}, "institutionOwnership": {"ownershipList": [], "maxAge": 1}, "balanceSheetHistoryQuarterly": {"balanceSheetStatements": [{"maxAge": 1, "endDate": "2020-06-30"}, {"maxAge": 1, "endDate": "2019-12-31", "totalStockholderEquity": 146297000, "netTangibleAssets": 146297000}, {"maxAge": 1, "endDate": "2019-09-30", "cash": 4339000, "netReceivables": 91357000, "inventory": 63747000, "otherCurrentAssets": 1311000, "totalCurrentAssets": 160754000, "propertyPlantEquipment": 1650000, "otherAssets": 7387000, "totalAssets": 169791000, "accountsPayable": 2504000, "otherCurrentLiab": 191000, "otherLiab": 27000, "deferredLongTermLiab": 4089000, "totalCurrentLiabilities": 23467000, "totalLiab": 23494000, "commonStock": 87186000, "treasuryStock": 59111000, "otherStockholderEquity": 59111000, "totalStockholderEquity": 146297000, "netTangibleAssets": 146297000}, {"maxAge": 1, "endDate": "2019-06-30", "cash": 4339000, "netReceivables": 91357000, "inventory": 63747000, "otherCurrentAssets": 1311000, "totalCurrentAssets": 160754000, "propertyPlantEquipment": 1650000, "otherAssets": 7387000, "totalAssets": 169791000, "accountsPayable": 2504000, "otherCurrentLiab": 191000, "otherLiab": 27000, "deferredLongTermLiab": 4089000, "totalCurrentLiabilities": 23467000, "totalLiab": 23494000, "commonStock": 87186000, "treasuryStock": 59111000, "otherStockholderEquity": 59111000, "totalStockholderEquity": 146297000, "netTangibleAssets": 146297000}], "maxAge": 86400}, "indexTrend": {"maxAge": 1, "symbol": "SP5", "peRatio": 19.7411, "pegRatio": 1.34172, "estimates": [{"period": "0q", "growth": 0.549}, {"period": "+1q", "growth": 0.431}, {"period": "0y", "growth": 0.305}, {"period": "+1y", "growth": 0.109}, {"period": "+5y", "growth": 0.120859005}, {"period": "-5y"}]}, "insiderTransactions": {"transactions": [{"maxAge": 1, "shares": 227700, "filerUrl": "", "transactionText": "", "filerName": "Mehta (Akshay Sevantilal)", "filerRelation": "Director (Executive)", "moneyText": "", "startDate": "2020-01-30", "ownership": "D"}, {"maxAge": 1, "shares": 462658, "filerUrl": "", "transactionText": "", "filerName": "Mehta (Akshay Sevantilal)", "filerRelation": "Director (Executive)", "moneyText": "", "startDate": "2020-01-28", "ownership": "D"}, {"maxAge": 1, "shares": 240632, "filerUrl": "", "transactionText": "", "filerName": "Mehta (Varshaben Akshay)", "filerRelation": "Wholetime Director", "moneyText": "", "startDate": "2020-01-28", "ownership": "D"}, {"maxAge": 1, "shares": 714285, "filerUrl": "", "transactionText": "", "filerName": "Mehta (Akshay Sevantilal)", "filerRelation": "Promoter", "moneyText": "", "startDate": "2018-12-17", "ownership": "D"}, {"maxAge": 1, "shares": 714285, "filerUrl": "", "transactionText": "", "filerName": "Mehta (Varshaben Akshay)", "filerRelation": "Promoter", "moneyText": "", "startDate": "2018-12-17", "ownership": "D"}, {"maxAge": 1, "shares": 150000, "filerUrl": "", "transactionText": "", "filerName": "Mehta (Akshay Sevantilal)", "filerRelation": "Promoter", "moneyText": "", "startDate": "2018-03-19", "ownership": "D"}, {"maxAge": 1, "shares": 150000, "filerUrl": "", "transactionText": "", "filerName": "Mehta (Varshaben Akshay)", "filerRelation": "Promoter", "moneyText": "", "startDate": "2018-03-19", "ownership": "D"}], "maxAge": 1}, "quoteType": {"exchange": "BSE", "quoteType": "EQUITY", "symbol": "BGJL.BO", "underlyingSymbol": "BGJL.BO", "shortName": "Bhakti Gems And Jewellery Limi", "longName": "Bhakti Gems and Jewellery Limited", "firstTradeDateEpochUtc": "2017-05-30 09:15:00", "timeZoneFullName": "Asia/Kolkata", "timeZoneShortName": "IST", "uuid": "4ff5dea1-7bcd-30cf-a648-19cec9083928", "gmtOffSetMilliseconds": 19800000, "maxAge": 1}, "incomeStatementHistory": {"incomeStatementHistory": [{"maxAge": 1, "endDate": "2019-03-31", "totalRevenue": 623393601, "costOfRevenue": 612487864, "grossProfit": 10905737, "researchDevelopment": {}, "sellingGeneralAdministrative": 9004150, "nonRecurring": {}, "otherOperatingExpenses": 37241, "totalOperatingExpenses": 621628695, "operatingIncome": 1764906, "totalOtherIncomeExpenseNet": -878856, "ebit": 1764906, "interestExpense": -1250000, "incomeBeforeTax": 886050, "incomeTaxExpense": 224368, "minorityInterest": {}, "netIncomeFromContinuingOps": 661682, "discontinuedOperations": {}, "extraordinaryItems": {}, "effectOfAccountingCharges": {}, "otherItems": {}, "netIncome": 661682, "netIncomeApplicableToCommonShares": 661682}, {"maxAge": 1, "endDate": "2018-03-31", "totalRevenue": 388492866, "costOfRevenue": 377618970, "grossProfit": 10873896, "researchDevelopment": {}, "sellingGeneralAdministrative": 7904556, "nonRecurring": {}, "otherOperatingExpenses": 31879, "totalOperatingExpenses": 385635297, "operatingIncome": 2857569, "totalOtherIncomeExpenseNet": -331083, "ebit": 2857569, "interestExpense": -2836, "incomeBeforeTax": 2526486, "incomeTaxExpense": 674729, "minorityInterest": {}, "netIncomeFromContinuingOps": 1851757, "discontinuedOperations": {}, "extraordinaryItems": {}, "effectOfAccountingCharges": {}, "otherItems": {}, "netIncome": 1851757, "netIncomeApplicableToCommonShares": 1851757}, {"maxAge": 1, "endDate": "2017-03-31", "totalRevenue": 228542964, "costOfRevenue": 221493921, "grossProfit": 7049043, "researchDevelopment": {}, "sellingGeneralAdministrative": 4378998, "nonRecurring": {}, "otherOperatingExpenses": 34841, "totalOperatingExpenses": 225960123, "operatingIncome": 2582841, "totalOtherIncomeExpenseNet": -133666, "ebit": 2582841, "interestExpense": -6780, "incomeBeforeTax": 2449175, "incomeTaxExpense": 733196, "minorityInterest": {}, "netIncomeFromContinuingOps": 1715979, "discontinuedOperations": {}, "extraordinaryItems": {}, "effectOfAccountingCharges": {}, "otherItems": {}, "netIncome": 1715979, "netIncomeApplicableToCommonShares": 1715979}, {"maxAge": 1, "endDate": "2017-02-28", "totalRevenue": 224618163, "costOfRevenue": 211945073, "grossProfit": 12673090, "researchDevelopment": {}, "sellingGeneralAdministrative": 3278182, "nonRecurring": {}, "otherOperatingExpenses": 1744363, "totalOperatingExpenses": 217018891, "operatingIncome": 7599272, "totalOtherIncomeExpenseNet": 233455, "ebit": 7599272, "interestExpense": -187636, "incomeBeforeTax": 7832727, "incomeTaxExpense": 2481818, "minorityInterest": {}, "netIncomeFromContinuingOps": 5350909, "discontinuedOperations": {}, "extraordinaryItems": {}, "effectOfAccountingCharges": {}, "otherItems": {}, "netIncome": 5350909, "netIncomeApplicableToCommonShares": 5350909}], "maxAge": 86400}, "fundOwnership": {"ownershipList": [], "maxAge": 1}, "summaryDetail": {"maxAge": 1, "priceHint": 2, "previousClose": 28.2, "open": 27.65, "dayLow": 27.65, "dayHigh": 27.65, "regularMarketPreviousClose": 28.2, "regularMarketOpen": 27.65, "regularMarketDayLow": 27.65, "regularMarketDayHigh": 27.65, "trailingPE": 45.179737, "volume": 1502, "regularMarketVolume": 1502, "averageVolume": 30125, "averageVolume10days": 54434, "averageDailyVolume10Day": 54434, "bid": 0.0, "ask": 27.65, "bidSize": 0, "askSize": 0, "marketCap": 277227200, "fiftyTwoWeekLow": 27.65, "fiftyTwoWeekHigh": 66.35, "fiftyDayAverage": 53.477272, "twoHundredDayAverage": 55.786396, "currency": "INR", "fromCurrency": null, "lastMarket": null, "algorithm": null, "tradeable": false}, "incomeStatementHistoryQuarterly": {"incomeStatementHistory": [{"maxAge": 1, "endDate": "2020-06-30", "totalRevenue": 16998000, "costOfRevenue": 12270000, "grossProfit": 4728000, "researchDevelopment": {}, "sellingGeneralAdministrative": 369000, "nonRecurring": {}, "otherOperatingExpenses": 219000, "totalOperatingExpenses": 12866000, "operatingIncome": 4132000, "totalOtherIncomeExpenseNet": 0, "ebit": 4132000, "interestExpense": {}, "incomeBeforeTax": 4132000, "incomeTaxExpense": 1240000, "minorityInterest": {}, "netIncomeFromContinuingOps": 2892000, "discontinuedOperations": {}, "extraordinaryItems": {}, "effectOfAccountingCharges": {}, "otherItems": {}, "netIncome": 2892000, "netIncomeApplicableToCommonShares": 2892000}, {"maxAge": 1, "endDate": "2019-12-31", "totalRevenue": 151612000, "costOfRevenue": 142914800, "grossProfit": 8697200, "researchDevelopment": {}, "sellingGeneralAdministrative": 882000, "nonRecurring": {}, "otherOperatingExpenses": 697000, "totalOperatingExpenses": 144519800, "operatingIncome": 7092200, "totalOtherIncomeExpenseNet": -35200, "ebit": 7092200, "interestExpense": -35000, "incomeBeforeTax": 7057000, "incomeTaxExpense": 2117000, "minorityInterest": {}, "netIncomeFromContinuingOps": 4940000, "discontinuedOperations": {}, "extraordinaryItems": {}, "effectOfAccountingCharges": {}, "otherItems": {}, "netIncome": 4940000, "netIncomeApplicableToCommonShares": 4940000}, {"maxAge": 1, "endDate": "2019-09-30", "totalRevenue": 106516000, "costOfRevenue": 102795500, "grossProfit": 3720500, "researchDevelopment": {}, "sellingGeneralAdministrative": 771500, "nonRecurring": {}, "otherOperatingExpenses": 2351500, "totalOperatingExpenses": 105945500, "operatingIncome": 570500, "totalOtherIncomeExpenseNet": -252500, "ebit": 570500, "interestExpense": -253000, "incomeBeforeTax": 318000, "incomeTaxExpense": 95500, "minorityInterest": {}, "netIncomeFromContinuingOps": 222500, "discontinuedOperations": {}, "extraordinaryItems": {}, "effectOfAccountingCharges": {}, "otherItems": {}, "netIncome": 222500, "netIncomeApplicableToCommonShares": 222500}, {"maxAge": 1, "endDate": "2019-06-30", "totalRevenue": 106516000, "costOfRevenue": 102795500, "grossProfit": 3720500, "researchDevelopment": {}, "sellingGeneralAdministrative": 771500, "nonRecurring": {}, "otherOperatingExpenses": 2351500, "totalOperatingExpenses": 105945500, "operatingIncome": 570500, "totalOtherIncomeExpenseNet": -252500, "ebit": 570500, "interestExpense": -253000, "incomeBeforeTax": 318000, "incomeTaxExpense": 95500, "minorityInterest": {}, "netIncomeFromContinuingOps": 222500, "discontinuedOperations": {}, "extraordinaryItems": {}, "effectOfAccountingCharges": {}, "otherItems": {}, "netIncome": 222500, "netIncomeApplicableToCommonShares": 222500}], "maxAge": 86400}, "cashflowStatementHistoryQuarterly": {"cashflowStatements": [{"maxAge": 1, "endDate": "2020-06-30", "netIncome": 2892000, "changeToLiabilities": 0}, {"maxAge": 1, "endDate": "2019-12-31", "netIncome": 4940000, "changeToLiabilities": 0}, {"maxAge": 1, "endDate": "2019-09-30", "netIncome": 222500, "depreciation": 27000, "changeToNetincome": 252500, "changeToAccountReceivables": -10075000, "changeToLiabilities": 0, "changeToInventory": 16376000, "changeToOperatingActivities": 96500, "totalCashFromOperatingActivities": 6899500, "capitalExpenditures": -21000, "investments": 211000, "totalCashflowsFromInvestingActivities": 190000, "netBorrowings": -4752500, "otherCashflowsFromFinancingActivities": -253000, "totalCashFromFinancingActivities": -5005500, "changeInCash": 2084000}, {"maxAge": 1, "endDate": "2019-06-30", "netIncome": 222500, "depreciation": 27000, "changeToNetincome": 252500, "changeToAccountReceivables": -10075000, "changeToLiabilities": 0, "changeToInventory": 16376000, "changeToOperatingActivities": 96500, "totalCashFromOperatingActivities": 6899500, "capitalExpenditures": -21000, "investments": 211000, "totalCashflowsFromInvestingActivities": 190000, "netBorrowings": -4752500, "otherCashflowsFromFinancingActivities": -253000, "totalCashFromFinancingActivities": -5005500, "changeInCash": 2084000}], "maxAge": 86400}, "insiderHolders": {"holders": [{"maxAge": 1, "name": "Mehta (Akshay Sevantilal)", "relation": "Director (Executive)", "url": "", "transactionDescription": "Sale", "latestTransDate": "2020-01-30", "positionDirect": 5251343, "positionDirectDate": "2020-01-30"}, {"maxAge": 1, "name": "Mehta (Varshaben Akshay)", "relation": "Wholetime Director", "url": "", "transactionDescription": "Sale", "latestTransDate": "2020-01-28", "positionDirect": 823153, "positionDirectDate": "2020-01-28"}], "maxAge": 1}, "calendarEvents": {"maxAge": 1, "earnings": {"earningsDate": ["2020-09-12 05:30:S"]}}, "upgradeDowngradeHistory": {"history": [], "maxAge": 86400}, "price": {"maxAge": 1, "regularMarketChangePercent": -0.019503586, "regularMarketChange": -0.55000114, "regularMarketTime": "2021-04-30 15:18:54", "priceHint": 2, "regularMarketPrice": 27.65, "regularMarketDayHigh": 27.65, "regularMarketDayLow": 27.65, "regularMarketVolume": 1502, "averageDailyVolume10Day": 54434, "averageDailyVolume3Month": 30125, "regularMarketPreviousClose": 28.2, "regularMarketSource": "FREE_REALTIME", "regularMarketOpen": 27.65, "exchange": "BSE", "exchangeName": "BSE", "exchangeDataDelayedBy": 0, "marketState": "CLOSED", "quoteType": "EQUITY", "symbol": "BGJL.BO", "underlyingSymbol": null, "shortName": "Bhakti Gems And Jewellery Limi", "longName": "Bhakti Gems and Jewellery Limited", "currency": "INR", "quoteSourceName": "Delayed Quote", "currencySymbol": "\u20b9", "fromCurrency": null, "lastMarket": null, "marketCap": 277227200}, "balanceSheetHistory": {"balanceSheetStatements": [{"maxAge": 1, "endDate": "2019-03-31", "cash": 170995, "netReceivables": 73584796, "inventory": 96498927, "otherCurrentAssets": 1882784, "totalCurrentAssets": 172137502, "propertyPlantEquipment": 1536735, "intangibleAssets": 71745, "otherAssets": 6086441, "totalAssets": 179832423, "accountsPayable": 3179708, "otherCurrentLiab": 426190, "otherLiab": 52292, "deferredLongTermLiab": 4510968, "totalCurrentLiabilities": 33928248, "totalLiab": 33980540, "commonStock": 87185600, "retainedEarnings": 4119242, "capitalSurplus": 54547041, "totalStockholderEquity": 145851883, "netTangibleAssets": 145780138}, {"maxAge": 1, "endDate": "2018-03-31", "cash": 3051052, "netReceivables": 55963287, "inventory": 56320735, "otherCurrentAssets": 549752, "totalCurrentAssets": 115884826, "longTermInvestments": 16523339, "propertyPlantEquipment": 1622297, "intangibleAssets": 85625, "otherAssets": 10817153, "totalAssets": 144933240, "accountsPayable": 10676919, "otherCurrentLiab": 755450, "longTermDebt": 370000, "otherLiab": 27927, "deferredLongTermLiab": 4012149, "totalCurrentLiabilities": 39234895, "totalLiab": 39632822, "commonStock": 68138000, "retainedEarnings": 3567737, "capitalSurplus": 33594681, "totalStockholderEquity": 105300418, "netTangibleAssets": 105214793}, {"maxAge": 1, "endDate": "2017-03-31", "cash": 1845328, "netReceivables": 18171281, "inventory": 34689735, "otherCurrentAssets": 99329, "totalCurrentAssets": 54838257, "longTermInvestments": 13500000, "propertyPlantEquipment": 692575, "intangibleAssets": 57077, "otherAssets": 3283403, "totalAssets": 72371312, "accountsPayable": 6992835, "otherCurrentLiab": 1141621, "otherLiab": 3196, "deferredLongTermLiab": 935441, "totalCurrentLiabilities": 8159456, "totalLiab": 8162652, "commonStock": 48518000, "retainedEarnings": 1838533, "capitalSurplus": 13852127, "totalStockholderEquity": 64208660, "netTangibleAssets": 64151583}, {"maxAge": 1, "endDate": "2017-02-28", "cash": 14096000, "netReceivables": 29857000, "inventory": 40974000, "otherCurrentAssets": 74000, "totalCurrentAssets": 85001000, "propertyPlantEquipment": 595000, "intangibleAssets": 65000, "otherAssets": 536000, "totalAssets": 86197000, "accountsPayable": 6424000, "otherCurrentLiab": 6213000, "otherLiab": 71000, "deferredLongTermLiab": 536000, "totalCurrentLiabilities": 21784000, "totalLiab": 21855000, "commonStock": 47768000, "retainedEarnings": 5354000, "capitalSurplus": 11220000, "totalStockholderEquity": 64342000, "netTangibleAssets": 64277000}], "maxAge": 86400}, "financialData": {"maxAge": 86400, "currentPrice": 27.65, "recommendationKey": "none", "grossProfits": 10905737, "financialCurrency": "INR"}}}