{"BGRENERGY.BO": {"recommendationTrend": {"trend": [{"period": "0m", "strongBuy": 0, "buy": 0, "hold": 0, "sell": 0, "strongSell": 0}, {"period": "-1m", "strongBuy": 0, "buy": 0, "hold": 0, "sell": 0, "strongSell": 0}, {"period": "-2m", "strongBuy": 0, "buy": 0, "hold": 0, "sell": 0, "strongSell": 0}, {"period": "-3m", "strongBuy": 0, "buy": 0, "hold": 0, "sell": 0, "strongSell": 0}], "maxAge": 86400}, "cashflowStatementHistory": {"cashflowStatements": [{"maxAge": 1, "endDate": "2020-03-31", "netIncome": -28600000, "depreciation": 341300000, "changeToNetincome": 1852300000, "changeToAccountReceivables": 6749900000, "changeToLiabilities": -1769600000, "changeToInventory": -65600000, "changeToOperatingActivities": -3390700000, "totalCashFromOperatingActivities": 3696300000, "capitalExpenditures": -31000000, "investments": -4600000, "totalCashflowsFromInvestingActivities": 417900000, "netBorrowings": -1353500000, "otherCashflowsFromFinancingActivities": -2774700000, "totalCashFromFinancingActivities": -4128200000, "changeInCash": -14000000}, {"maxAge": 1, "endDate": "2019-03-31", "netIncome": 193000000, "depreciation": 280900000, "changeToNetincome": 2858900000, "changeToAccountReceivables": 65500000, "changeToLiabilities": -1486200000, "changeToInventory": 71800000, "changeToOperatingActivities": 518500000, "totalCashFromOperatingActivities": 2502400000, "capitalExpenditures": -264800000, "investments": -300000, "otherCashflowsFromInvestingActivities": 200000, "totalCashflowsFromInvestingActivities": -254200000, "netBorrowings": 346000000, "otherCashflowsFromFinancingActivities": -2661600000, "totalCashFromFinancingActivities": -2315600000, "changeInCash": -67400000}, {"maxAge": 1, "endDate": "2018-03-31", "netIncome": 163800000, "depreciation": 254000000, "changeToNetincome": 3429400000, "changeToAccountReceivables": -10790800000, "changeToLiabilities": 529900000, "changeToInventory": 167800000, "changeToOperatingActivities": 6484000000, "totalCashFromOperatingActivities": 238100000, "capitalExpenditures": -313700000, "investments": -300000, "otherCashflowsFromInvestingActivities": 100000, "totalCashflowsFromInvestingActivities": -309300000, "netBorrowings": 2116300000, "otherCashflowsFromFinancingActivities": -3022800000, "totalCashFromFinancingActivities": -906500000, "changeInCash": -977700000}, {"maxAge": 1, "endDate": "2017-03-31", "netIncome": 728800000, "depreciation": 244200000, "changeToNetincome": 2578000000, "changeToAccountReceivables": 5407700000, "changeToLiabilities": -322200000, "changeToInventory": -349200000, "changeToOperatingActivities": -2838600000, "totalCashFromOperatingActivities": 5448700000, "capitalExpenditures": -187100000, "investments": -300000, "otherCashflowsFromInvestingActivities": 4600000, "totalCashflowsFromInvestingActivities": -180400000, "netBorrowings": -2867100000, "otherCashflowsFromFinancingActivities": -2474100000, "totalCashFromFinancingActivities": -5341200000, "changeInCash": -72900000}], "maxAge": 86400}, "institutionOwnership": {"maxAge": 1, "ownershipList": []}, "balanceSheetHistoryQuarterly": {"balanceSheetStatements": [{"maxAge": 1, "endDate": "2020-06-30", "totalStockholderEquity": 11788700000, "netTangibleAssets": 11759500000}, {"maxAge": 1, "endDate": "2020-03-31", "cash": 3812400000, "netReceivables": 35918700000, "inventory": 437300000, "otherCurrentAssets": 5403900000, "totalCurrentAssets": 45712300000, "longTermInvestments": 4200000, "propertyPlantEquipment": 4004200000, "goodWill": 5900000, "intangibleAssets": 23300000, "otherAssets": 12701700000, "totalAssets": 62451600000, "accountsPayable": 11654200000, "otherCurrentLiab": 13755900000, "otherLiab": 3806400000, "minorityInterest": -115900000, "totalCurrentLiabilities": 46913100000, "totalLiab": 50778800000, "commonStock": 721600000, "retainedEarnings": 7872200000, "treasuryStock": 5400000, "capitalSurplus": 3189500000, "otherStockholderEquity": 5400000, "totalStockholderEquity": 11788700000, "netTangibleAssets": 11759500000}, {"maxAge": 1, "endDate": "2019-12-31", "totalStockholderEquity": 11822200000, "netTangibleAssets": 11789300000}, {"maxAge": 1, "endDate": "2019-09-30", "cash": 3982200000, "shortTermInvestments": 118200000, "netReceivables": 29264000000, "inventory": 542300000, "otherCurrentAssets": 12588400000, "totalCurrentAssets": 46495100000, "longTermInvestments": 1445800000, "propertyPlantEquipment": 4816800000, "intangibleAssets": 32900000, "otherAssets": 11291600000, "totalAssets": 64082200000, "accountsPayable": 14224900000, "shortLongTermDebt": 1196800000, "otherCurrentLiab": 11389300000, "otherLiab": 4481700000, "minorityInterest": 79400000, "totalCurrentLiabilities": 47698900000, "totalLiab": 52180600000, "commonStock": 721600000, "treasuryStock": 11100600000, "otherStockholderEquity": 11100600000, "totalStockholderEquity": 11822200000, "netTangibleAssets": 11789300000}], "maxAge": 86400}, "earningsHistory": {"history": [{"maxAge": 1, "epsActual": {}, "epsEstimate": {}, "epsDifference": {}, "surprisePercent": {}, "quarter": {}, "period": "-4q"}, {"maxAge": 1, "epsActual": {}, "epsEstimate": {}, "epsDifference": {}, "surprisePercent": {}, "quarter": {}, "period": "-3q"}, {"maxAge": 1, "epsActual": {}, "epsEstimate": {}, "epsDifference": {}, "surprisePercent": {}, "quarter": {}, "period": "-2q"}, {"maxAge": 1, "epsActual": {}, "epsEstimate": {}, "epsDifference": {}, "surprisePercent": {}, "quarter": {}, "period": "-1q"}], "maxAge": 86400}, "indexTrend": {"maxAge": 1, "symbol": "SP5", "peRatio": 19.7411, "pegRatio": 1.34172, "estimates": [{"period": "0q", "growth": 0.549}, {"period": "+1q", "growth": 0.431}, {"period": "0y", "growth": 0.305}, {"period": "+1y", "growth": 0.109}, {"period": "+5y", "growth": 0.120865}, {"period": "-5y"}]}, "industryTrend": {"maxAge": 1, "symbol": null, "estimates": []}, "insiderTransactions": {"transactions": [{"maxAge": 1, "shares": 4540320, "filerUrl": "", "transactionText": "", "filerName": "Arjun Securities Pvt. Ltd.", "filerRelation": "Promoter", "moneyText": "", "startDate": "2014-03-19", "ownership": "D"}, {"maxAge": 1, "shares": 5428080, "filerUrl": "", "transactionText": "", "filerName": "Vani Securities Pvt. Ltd.", "filerRelation": "Promoter", "moneyText": "", "startDate": "2014-03-19", "ownership": "D"}, {"maxAge": 1, "shares": 8640000, "filerUrl": "", "transactionText": "", "filerName": "Priya Securities Pvt. Ltd.", "filerRelation": "Promoter", "moneyText": "", "startDate": "2014-03-19", "ownership": "D"}, {"maxAge": 1, "shares": 18608400, "filerUrl": "", "transactionText": "", "filerName": "BGR Investment Holdings Co Ltd", "filerRelation": "Promoter", "moneyText": "", "startDate": "2014-03-19", "ownership": "D"}, {"maxAge": 1, "shares": 19712160, "filerUrl": "", "transactionText": "", "filerName": "Raghupathy (Sasikala)", "filerRelation": "Director (Non-Executive)", "moneyText": "", "startDate": "2013-09-13", "ownership": "D"}, {"maxAge": 1, "shares": 19712160, "filerUrl": "", "transactionText": "", "filerName": "Raghupathy (B G)", "filerRelation": "Promoter", "moneyText": "", "startDate": "2013-09-13", "ownership": "D"}, {"maxAge": 1, "shares": 2175364, "filerUrl": "", "transactionText": "", "filerName": "Raghupathy (Sasikala)", "filerRelation": "Director (Non-Executive)", "moneyText": "", "startDate": "2013-07-05", "ownership": "D"}, {"maxAge": 1, "shares": 2247466, "filerUrl": "", "transactionText": "", "filerName": "Raghupathy (Sasikala)", "filerRelation": "Director (Non-Executive)", "moneyText": "", "startDate": "2013-06-03", "ownership": "D"}, {"maxAge": 1, "shares": 2000, "filerUrl": "", "transactionText": "", "filerName": "Kumar (Ramesh R)", "filerRelation": "President", "moneyText": "", "startDate": "2011-04-04", "ownership": "D"}, {"maxAge": 1, "shares": 1000, "filerUrl": "", "transactionText": "", "filerName": "Kumar (Ramesh R)", "filerRelation": "President", "moneyText": "", "startDate": "2010-12-31", "ownership": "D"}, {"maxAge": 1, "shares": 1000, "filerUrl": "", "transactionText": "", "filerName": "Kumar (Ramesh R)", "filerRelation": "President", "moneyText": "", "startDate": "2010-11-26", "ownership": "D"}, {"maxAge": 1, "shares": 500, "filerUrl": "", "transactionText": "", "filerName": "Rathinam (S)", "filerRelation": "Director", "moneyText": "", "startDate": "2010-11-22", "ownership": "D"}, {"maxAge": 1, "shares": 3000, "filerUrl": "", "transactionText": "", "filerName": "Kumar (Ramesh R)", "filerRelation": "President", "moneyText": "", "startDate": "2010-10-18", "ownership": "D"}, {"maxAge": 1, "shares": 2325, "filerUrl": "", "transactionText": "", "filerName": "Swaminathan (A.)", "filerRelation": "President", "moneyText": "", "startDate": "2010-09-04", "ownership": "D"}, {"maxAge": 1, "shares": 4500, "filerUrl": "", "transactionText": "", "filerName": "Mahadevan (V R)", "filerRelation": "Director", "moneyText": "", "startDate": "2010-08-17", "ownership": "D"}, {"maxAge": 1, "shares": 5000, "filerUrl": "", "transactionText": "", "filerName": "Rathinam (S)", "filerRelation": "Director", "moneyText": "", "startDate": "2010-08-03", "ownership": "D"}], "maxAge": 1}, "quoteType": {"exchange": "BSE", "quoteType": "EQUITY", "symbol": "BGRENERGY.BO", "underlyingSymbol": "BGRENERGY.BO", "shortName": "BGR ENERGY SYSTEMS LTD.", "longName": "BGR Energy Systems Limited", "firstTradeDateEpochUtc": "2008-01-03 09:15:00", "timeZoneFullName": "Asia/Kolkata", "timeZoneShortName": "IST", "uuid": "2f53e2d8-04e5-343c-b588-83d98d080ef8", "messageBoardId": null, "gmtOffSetMilliseconds": 19800000, "maxAge": 1}, "incomeStatementHistory": {"incomeStatementHistory": [{"maxAge": 1, "endDate": "2020-03-31", "totalRevenue": 26919700000, "costOfRevenue": 22326900000, "grossProfit": 4592800000, "researchDevelopment": {}, "sellingGeneralAdministrative": 2064300000, "nonRecurring": {}, "otherOperatingExpenses": 174800000, "totalOperatingExpenses": 25295700000, "operatingIncome": 1624000000, "totalOtherIncomeExpenseNet": -2421100000, "ebit": 1624000000, "interestExpense": -2774700000, "incomeBeforeTax": -797100000, "incomeTaxExpense": -701400000, "minorityInterest": -115900000, "netIncomeFromContinuingOps": -95700000, "discontinuedOperations": {}, "extraordinaryItems": {}, "effectOfAccountingCharges": {}, "otherItems": {}, "netIncome": -28600000, "netIncomeApplicableToCommonShares": -28600000}, {"maxAge": 1, "endDate": "2019-03-31", "totalRevenue": 32728300000, "costOfRevenue": 26625500000, "grossProfit": 6102800000, "researchDevelopment": {}, "sellingGeneralAdministrative": 2470100000, "nonRecurring": {}, "otherOperatingExpenses": 692600000, "totalOperatingExpenses": 30069100000, "operatingIncome": 2659200000, "totalOtherIncomeExpenseNet": -2381200000, "ebit": 2659200000, "interestExpense": -2696500000, "incomeBeforeTax": 278000000, "incomeTaxExpense": 127000000, "minorityInterest": 158600000, "netIncomeFromContinuingOps": 151000000, "discontinuedOperations": {}, "extraordinaryItems": {}, "effectOfAccountingCharges": {}, "otherItems": {}, "netIncome": 193000000, "netIncomeApplicableToCommonShares": 193000000}, {"maxAge": 1, "endDate": "2018-03-31", "totalRevenue": 32983500000, "costOfRevenue": 25464400000, "grossProfit": 7519100000, "researchDevelopment": {}, "sellingGeneralAdministrative": 2352900000, "nonRecurring": {}, "otherOperatingExpenses": 970800000, "totalOperatingExpenses": 29739900000, "operatingIncome": 3243600000, "totalOtherIncomeExpenseNet": -2869800000, "ebit": 3243600000, "interestExpense": -2870000000, "incomeBeforeTax": 373800000, "incomeTaxExpense": 319100000, "minorityInterest": 571800000, "netIncomeFromContinuingOps": 54700000, "discontinuedOperations": {}, "extraordinaryItems": {}, "effectOfAccountingCharges": {}, "otherItems": {}, "netIncome": 163800000, "netIncomeApplicableToCommonShares": 163800000}, {"maxAge": 1, "endDate": "2017-03-31", "totalRevenue": 34409500000, "costOfRevenue": 27086300000, "grossProfit": 7323200000, "researchDevelopment": {}, "sellingGeneralAdministrative": 2125000000, "nonRecurring": {}, "otherOperatingExpenses": 803800000, "totalOperatingExpenses": 30738500000, "operatingIncome": 3671000000, "totalOtherIncomeExpenseNet": -2464400000, "ebit": 3671000000, "interestExpense": -2626800000, "incomeBeforeTax": 1206600000, "incomeTaxExpense": 354600000, "minorityInterest": 650500000, "netIncomeFromContinuingOps": 852000000, "discontinuedOperations": {}, "extraordinaryItems": {}, "effectOfAccountingCharges": {}, "otherItems": {}, "netIncome": 728800000, "netIncomeApplicableToCommonShares": 728800000}], "maxAge": 86400}, "fundOwnership": {"maxAge": 1, "ownershipList": []}, "summaryDetail": {"maxAge": 1, "priceHint": 2, "previousClose": 45.7, "open": 45.3, "dayLow": 44.1, "dayHigh": 47.95, "regularMarketPreviousClose": 45.7, "regularMarketOpen": 45.3, "regularMarketDayLow": 44.1, "regularMarketDayHigh": 47.95, "volume": 36776, "regularMarketVolume": 36776, "averageVolume": 34381, "averageVolume10days": 29831, "averageDailyVolume10Day": 29831, "bid": 45.85, "ask": 46.45, "bidSize": 0, "askSize": 0, "marketCap": 3283352832, "fiftyTwoWeekLow": 18.95, "fiftyTwoWeekHigh": 65.1, "fiftyDayAverage": 44.275715, "twoHundredDayAverage": 40.313137, "currency": "INR", "fromCurrency": null, "toCurrency": null, "lastMarket": null, "algorithm": null, "tradeable": false}, "sectorTrend": {"maxAge": 1, "symbol": null, "estimates": []}, "incomeStatementHistoryQuarterly": {"incomeStatementHistory": [{"maxAge": 1, "endDate": "2020-06-30", "totalRevenue": 1274700000, "costOfRevenue": 1157100000, "grossProfit": 117600000, "researchDevelopment": {}, "sellingGeneralAdministrative": 298600000, "nonRecurring": {}, "otherOperatingExpenses": 114100000, "totalOperatingExpenses": 1653600000, "operatingIncome": -378900000, "totalOtherIncomeExpenseNet": -615300000, "ebit": -378900000, "interestExpense": -618200000, "incomeBeforeTax": -994200000, "incomeTaxExpense": -250000000, "minorityInterest": {}, "netIncomeFromContinuingOps": -744200000, "discontinuedOperations": {}, "extraordinaryItems": {}, "effectOfAccountingCharges": {}, "otherItems": {}, "netIncome": -740300000, "netIncomeApplicableToCommonShares": -740300000}, {"maxAge": 1, "endDate": "2020-03-31", "totalRevenue": 2793800000, "costOfRevenue": 2542200000, "grossProfit": 251600000, "researchDevelopment": {}, "sellingGeneralAdministrative": 523300000, "nonRecurring": {}, "otherOperatingExpenses": -348400000, "totalOperatingExpenses": 3181700000, "operatingIncome": -387900000, "totalOtherIncomeExpenseNet": -370100000, "ebit": -387900000, "interestExpense": -707900000, "incomeBeforeTax": -758000000, "incomeTaxExpense": -710900000, "minorityInterest": -115900000, "netIncomeFromContinuingOps": -47100000, "discontinuedOperations": {}, "extraordinaryItems": {}, "effectOfAccountingCharges": {}, "otherItems": {}, "netIncome": -1300000, "netIncomeApplicableToCommonShares": -1300000}, {"maxAge": 1, "endDate": "2019-12-31", "totalRevenue": 11708900000, "costOfRevenue": 9848000000, "grossProfit": 1860900000, "researchDevelopment": {}, "sellingGeneralAdministrative": 492900000, "nonRecurring": {}, "otherOperatingExpenses": 195900000, "totalOperatingExpenses": 10646600000, "operatingIncome": 1062300000, "totalOtherIncomeExpenseNet": -675000000, "ebit": 1062300000, "interestExpense": -680300000, "incomeBeforeTax": 387300000, "incomeTaxExpense": 121900000, "minorityInterest": -115900000, "netIncomeFromContinuingOps": 265400000, "discontinuedOperations": {}, "extraordinaryItems": {}, "effectOfAccountingCharges": {}, "otherItems": {}, "netIncome": 271200000, "netIncomeApplicableToCommonShares": 271200000}, {"maxAge": 1, "endDate": "2019-09-30", "totalRevenue": 6097200000, "costOfRevenue": 4821400000, "grossProfit": 1275800000, "researchDevelopment": {}, "sellingGeneralAdministrative": 509600000, "nonRecurring": {}, "otherOperatingExpenses": 226000000, "totalOperatingExpenses": 5634100000, "operatingIncome": 463100000, "totalOtherIncomeExpenseNet": -696300000, "ebit": 463100000, "interestExpense": -701400000, "incomeBeforeTax": -233200000, "incomeTaxExpense": -44100000, "minorityInterest": 79400000, "netIncomeFromContinuingOps": -189100000, "discontinuedOperations": {}, "extraordinaryItems": {}, "effectOfAccountingCharges": {}, "otherItems": {}, "netIncome": -180900000, "netIncomeApplicableToCommonShares": -180900000}], "maxAge": 86400}, "cashflowStatementHistoryQuarterly": {"cashflowStatements": [{"maxAge": 1, "endDate": "2020-06-30", "netIncome": -740300000, "changeToLiabilities": 0}, {"maxAge": 1, "endDate": "2020-03-31", "netIncome": -1300000, "changeToLiabilities": 0}, {"maxAge": 1, "endDate": "2019-12-31", "netIncome": 271200000, "changeToLiabilities": 0}, {"maxAge": 1, "endDate": "2019-09-30", "netIncome": -180900000, "changeToLiabilities": 0}], "maxAge": 86400}, "insiderHolders": {"holders": [{"maxAge": 1, "name": "Arjun Securities Pvt. Ltd.", "relation": "Promoter", "url": "", "transactionDescription": "Other", "latestTransDate": "2014-03-19", "positionDirect": 0, "positionDirectDate": "2014-03-19"}, {"maxAge": 1, "name": "BGR Investment Holdings Co Ltd", "relation": "Promoter", "url": "", "transactionDescription": "Other", "latestTransDate": "2014-03-19", "positionDirect": 27248400, "positionDirectDate": "2014-03-19"}, {"maxAge": 1, "name": "Kumar (Ramesh R)", "relation": "President", "url": "", "transactionDescription": "Sale", "latestTransDate": "2011-04-04", "positionDirect": 5546, "positionDirectDate": "2011-04-04"}, {"maxAge": 1, "name": "Mahadevan (V R)", "relation": "Director", "url": "", "transactionDescription": "Sale", "latestTransDate": "2010-08-17", "positionDirect": 716, "positionDirectDate": "2010-08-17"}, {"maxAge": 1, "name": "Priya Securities Pvt. Ltd.", "relation": "Promoter", "url": "", "transactionDescription": "Other", "latestTransDate": "2014-03-19", "positionDirect": 0, "positionDirectDate": "2014-03-19"}, {"maxAge": 1, "name": "Raghupathy (B G)", "relation": "Promoter", "url": "", "transactionDescription": "Other", "latestTransDate": "2013-09-13", "positionDirect": 0, "positionDirectDate": "2013-09-13"}, {"maxAge": 1, "name": "Raghupathy (Sasikala)", "relation": "Director (Non-Executive)", "url": "", "transactionDescription": "Other", "latestTransDate": "2013-09-13", "positionDirect": 26868450, "positionDirectDate": "2013-09-13"}, {"maxAge": 1, "name": "Rathinam (S)", "relation": "Director", "url": "", "transactionDescription": "Acquisition", "latestTransDate": "2010-11-22", "positionDirect": 12050, "positionDirectDate": "2010-11-22"}, {"maxAge": 1, "name": "Swaminathan (A.)", "relation": "President", "url": "", "transactionDescription": "Acquisition", "latestTransDate": "2010-09-04", "positionDirect": 18000, "positionDirectDate": "2010-09-04"}, {"maxAge": 1, "name": "Vani Securities Pvt. Ltd.", "relation": "Promoter", "url": "", "transactionDescription": "Other", "latestTransDate": "2014-03-19", "positionDirect": 0, "positionDirectDate": "2014-03-19"}], "maxAge": 1}, "earnings": {"maxAge": 86400, "earningsChart": {"quarterly": [], "earningsDate": []}, "financialsChart": {"yearly": [{"date": 2017, "revenue": 34409500000, "earnings": 728800000}, {"date": 2018, "revenue": 32983500000, "earnings": 163800000}, {"date": 2019, "revenue": 32728300000, "earnings": 193000000}, {"date": 2020, "revenue": 26919700000, "earnings": -28600000}], "quarterly": [{"date": "3Q2019", "revenue": 6097200000, "earnings": -180900000}, {"date": "4Q2019", "revenue": 11708900000, "earnings": 271200000}, {"date": "1Q2020", "revenue": 2793800000, "earnings": -1300000}, {"date": "2Q2020", "revenue": 1274700000, "earnings": -740300000}]}, "financialCurrency": "INR"}, "calendarEvents": {"maxAge": 1, "earnings": {"earningsDate": []}}, "price": {"maxAge": 1, "regularMarketChangePercent": -0.0043763844, "regularMarketChange": -0.20000076, "regularMarketTime": "2021-04-30 15:56:55", "priceHint": 2, "regularMarketPrice": 45.5, "regularMarketDayHigh": 47.95, "regularMarketDayLow": 44.1, "regularMarketVolume": 36776, "averageDailyVolume10Day": 29831, "averageDailyVolume3Month": 34381, "regularMarketPreviousClose": 45.7, "regularMarketSource": "FREE_REALTIME", "regularMarketOpen": 45.3, "exchange": "BSE", "exchangeName": "BSE", "exchangeDataDelayedBy": 0, "marketState": "CLOSED", "quoteType": "EQUITY", "symbol": "BGRENERGY.BO", "underlyingSymbol": null, "shortName": "BGR ENERGY SYSTEMS LTD.", "longName": "BGR Energy Systems Limited", "currency": "INR", "quoteSourceName": "Delayed Quote", "currencySymbol": "\u20b9", "fromCurrency": null, "toCurrency": null, "lastMarket": null, "marketCap": 3283352832}, "balanceSheetHistory": {"balanceSheetStatements": [{"maxAge": 1, "endDate": "2020-03-31", "cash": 3812400000, "netReceivables": 35918700000, "inventory": 437300000, "otherCurrentAssets": 5403900000, "totalCurrentAssets": 45712300000, "longTermInvestments": 4200000, "propertyPlantEquipment": 4004200000, "goodWill": 5900000, "intangibleAssets": 23300000, "otherAssets": 12701700000, "totalAssets": 62451600000, "accountsPayable": 11654200000, "otherCurrentLiab": 13755900000, "otherLiab": 3806400000, "minorityInterest": -115900000, "totalCurrentLiabilities": 46913100000, "totalLiab": 50778800000, "commonStock": 721600000, "retainedEarnings": 7872200000, "treasuryStock": 5400000, "capitalSurplus": 3189500000, "otherStockholderEquity": 5400000, "totalStockholderEquity": 11788700000, "netTangibleAssets": 11759500000}, {"maxAge": 1, "endDate": "2019-03-31", "cash": 3960800000, "netReceivables": 39271200000, "inventory": 371700000, "otherCurrentAssets": 5249100000, "totalCurrentAssets": 48957000000, "longTermInvestments": 8800000, "propertyPlantEquipment": 4890500000, "goodWill": 5900000, "intangibleAssets": 30000000, "otherAssets": 13149000000, "totalAssets": 67041200000, "accountsPayable": 13780800000, "shortLongTermDebt": 1347900000, "otherCurrentLiab": 13257200000, "longTermDebt": 356800000, "otherLiab": 4843700000, "minorityInterest": 158600000, "totalCurrentLiabilities": 49407100000, "totalLiab": 54607600000, "commonStock": 721600000, "retainedEarnings": 7825800000, "treasuryStock": 538100000, "capitalSurplus": 3189500000, "otherStockholderEquity": 538100000, "totalStockholderEquity": 12275000000, "netTangibleAssets": 12239100000}, {"maxAge": 1, "endDate": "2018-03-31", "cash": 3724100000, "netReceivables": 41841900000, "inventory": 443500000, "otherCurrentAssets": 3719100000, "totalCurrentAssets": 49811500000, "longTermInvestments": 9100000, "propertyPlantEquipment": 4901700000, "goodWill": 5900000, "intangibleAssets": 26800000, "otherAssets": 13017100000, "totalAssets": 67772100000, "accountsPayable": 13893900000, "shortLongTermDebt": 1030800000, "otherCurrentLiab": 13124300000, "longTermDebt": 1704700000, "otherLiab": 4521400000, "minorityInterest": 571800000, "totalCurrentLiabilities": 47743400000, "totalLiab": 53969500000, "commonStock": 721600000, "retainedEarnings": 8774800000, "treasuryStock": 544900000, "capitalSurplus": 3189500000, "otherStockholderEquity": 544900000, "totalStockholderEquity": 13230800000, "netTangibleAssets": 13198100000}, {"maxAge": 1, "endDate": "2017-03-31", "cash": 5317200000, "netReceivables": 38231400000, "inventory": 611300000, "otherCurrentAssets": 4637600000, "totalCurrentAssets": 48865100000, "longTermInvestments": 8400000, "propertyPlantEquipment": 4859400000, "goodWill": 5900000, "intangibleAssets": 19100000, "otherAssets": 10502600000, "totalAssets": 64260500000, "accountsPayable": 14115600000, "shortLongTermDebt": 753200000, "otherCurrentLiab": 10251600000, "longTermDebt": 2735500000, "otherLiab": 5833000000, "minorityInterest": 650500000, "totalCurrentLiabilities": 41902000000, "totalLiab": 50470500000, "commonStock": 721600000, "retainedEarnings": 8681200000, "treasuryStock": 547200000, "capitalSurplus": 3189500000, "otherStockholderEquity": 547200000, "totalStockholderEquity": 13139500000, "netTangibleAssets": 13114500000}], "maxAge": 86400}, "earningsTrend": {"trend": [{"maxAge": 1, "period": "0q", "endDate": null, "growth": {}, "earningsEstimate": {"avg": 0.0, "low": 0.0, "high": 0.0, "yearAgoEps": {}, "numberOfAnalysts": 0, "growth": {}}, "revenueEstimate": {"avg": 0, "low": 0, "high": 0, "numberOfAnalysts": 0, "yearAgoRevenue": {}, "growth": {}}, "epsTrend": {"current": 0.0, "7daysAgo": 0.0, "30daysAgo": 0.0, "60daysAgo": 0.0, "90daysAgo": 0.0}, "epsRevisions": {"upLast7days": 0, "upLast30days": 0, "downLast30days": 0, "downLast90days": {}}}, {"maxAge": 1, "period": "+1q", "endDate": null, "growth": {}, "earningsEstimate": {"avg": 0.0, "low": 0.0, "high": 0.0, "yearAgoEps": {}, "numberOfAnalysts": 0, "growth": {}}, "revenueEstimate": {"avg": 0, "low": 0, "high": 0, "numberOfAnalysts": 0, "yearAgoRevenue": {}, "growth": {}}, "epsTrend": {"current": 0.0, "7daysAgo": 0.0, "30daysAgo": 0.0, "60daysAgo": 0.0, "90daysAgo": 0.0}, "epsRevisions": {"upLast7days": 0, "upLast30days": 0, "downLast30days": 0, "downLast90days": {}}}, {"maxAge": 1, "period": "0y", "endDate": null, "growth": {}, "earningsEstimate": {"avg": 0.0, "low": 0.0, "high": 0.0, "yearAgoEps": {}, "numberOfAnalysts": 0, "growth": {}}, "revenueEstimate": {"avg": 0, "low": 0, "high": 0, "numberOfAnalysts": 0, "yearAgoRevenue": {}, "growth": {}}, "epsTrend": {"current": 0.0, "7daysAgo": 0.0, "30daysAgo": 0.0, "60daysAgo": 0.0, "90daysAgo": 0.0}, "epsRevisions": {"upLast7days": 0, "upLast30days": 0, "downLast30days": 0, "downLast90days": {}}}, {"maxAge": 1, "period": "+1y", "endDate": null, "growth": {}, "earningsEstimate": {"avg": 0.0, "low": 0.0, "high": 0.0, "yearAgoEps": {}, "numberOfAnalysts": 0, "growth": {}}, "revenueEstimate": {"avg": 0, "low": 0, "high": 0, "numberOfAnalysts": 0, "yearAgoRevenue": {}, "growth": {}}, "epsTrend": {"current": 0.0, "7daysAgo": 0.0, "30daysAgo": 0.0, "60daysAgo": 0.0, "90daysAgo": 0.0}, "epsRevisions": {"upLast7days": 0, "upLast30days": 0, "downLast30days": 0, "downLast90days": {}}}, {"maxAge": 1, "period": "+5y", "endDate": null, "growth": -0.156, "earningsEstimate": {"avg": {}, "low": {}, "high": {}, "yearAgoEps": {}, "numberOfAnalysts": {}, "growth": {}}, "revenueEstimate": {"avg": {}, "low": {}, "high": {}, "numberOfAnalysts": {}, "yearAgoRevenue": {}, "growth": {}}, "epsTrend": {"current": {}, "7daysAgo": {}, "30daysAgo": {}, "60daysAgo": {}, "90daysAgo": {}}, "epsRevisions": {"upLast7days": {}, "upLast30days": {}, "downLast30days": {}, "downLast90days": {}}}, {"maxAge": 1, "period": "-5y", "endDate": null, "growth": {}, "earningsEstimate": {"avg": {}, "low": {}, "high": {}, "yearAgoEps": {}, "numberOfAnalysts": {}, "growth": {}}, "revenueEstimate": {"avg": {}, "low": {}, "high": {}, "numberOfAnalysts": {}, "yearAgoRevenue": {}, "growth": {}}, "epsTrend": {"current": {}, "7daysAgo": {}, "30daysAgo": {}, "60daysAgo": {}, "90daysAgo": {}}, "epsRevisions": {"upLast7days": {}, "upLast30days": {}, "downLast30days": {}, "downLast90days": {}}}], "maxAge": 1}, "financialData": {"maxAge": 86400, "currentPrice": 45.5, "targetHighPrice": 93.0, "targetLowPrice": 93.0, "targetMeanPrice": 93.0, "targetMedianPrice": 93.0, "recommendationKey": "none", "numberOfAnalystOpinions": 1, "grossProfits": 4592800000, "financialCurrency": "INR"}}}