{"BGWTATO.BO": {"cashflowStatementHistory": {"cashflowStatements": [{"maxAge": 1, "endDate": "2020-03-31", "netIncome": 21621000, "depreciation": 23864000, "changeToNetincome": 10427000, "changeToAccountReceivables": 6835000, "changeToLiabilities": 2336000, "changeToInventory": -3969000, "totalCashFromOperatingActivities": 61305000, "capitalExpenditures": -25322000, "otherCashflowsFromInvestingActivities": 149000, "totalCashflowsFromInvestingActivities": -23593000, "dividendsPaid": -2830000, "netBorrowings": -23804000, "otherCashflowsFromFinancingActivities": -10256000, "totalCashFromFinancingActivities": -36890000, "changeInCash": 822000}, {"maxAge": 1, "endDate": "2019-03-31", "netIncome": 36910000, "depreciation": 22896000, "changeToNetincome": 9325000, "changeToAccountReceivables": -2806000, "changeToLiabilities": -35662000, "changeToInventory": 5717000, "totalCashFromOperatingActivities": 36804000, "capitalExpenditures": -39879000, "otherCashflowsFromInvestingActivities": 221000, "totalCashflowsFromInvestingActivities": -39240000, "dividendsPaid": -2234000, "netBorrowings": 10503000, "otherCashflowsFromFinancingActivities": -10857000, "totalCashFromFinancingActivities": -2588000, "changeInCash": -5026000}, {"maxAge": 1, "endDate": "2018-03-31", "netIncome": 11092000, "depreciation": 20677000, "changeToNetincome": 6363000, "changeToAccountReceivables": -88315000, "changeToLiabilities": 100559000, "changeToInventory": -11767000, "totalCashFromOperatingActivities": 39081000, "capitalExpenditures": -17596000, "otherCashflowsFromInvestingActivities": 985000, "totalCashflowsFromInvestingActivities": -16611000, "dividendsPaid": -2270000, "netBorrowings": -9823000, "otherCashflowsFromFinancingActivities": -9916000, "totalCashFromFinancingActivities": -22009000, "changeInCash": 461000}, {"maxAge": 1, "endDate": "2017-03-31", "netIncome": 12777000, "depreciation": 22323000, "changeToNetincome": 14129000, "changeToAccountReceivables": -20286000, "changeToLiabilities": -28161000, "changeToInventory": -9661000, "totalCashFromOperatingActivities": -8754000, "capitalExpenditures": -10420000, "otherCashflowsFromInvestingActivities": 19000, "totalCashflowsFromInvestingActivities": -10401000, "dividendsPaid": -1975000, "netBorrowings": 32911000, "otherCashflowsFromFinancingActivities": -7719000, "totalCashFromFinancingActivities": 23217000, "changeInCash": 4062000}], "maxAge": 86400}, "institutionOwnership": {"maxAge": 1, "ownershipList": []}, "balanceSheetHistoryQuarterly": {"balanceSheetStatements": [{"maxAge": 1, "endDate": "2020-06-30", "totalStockholderEquity": 267137000, "netTangibleAssets": 267055000}, {"maxAge": 1, "endDate": "2020-03-31", "cash": 1379000, "netReceivables": 290730000, "inventory": 63444000, "otherCurrentAssets": 8951000, "totalCurrentAssets": 365706000, "propertyPlantEquipment": 161656000, "intangibleAssets": 82000, "otherAssets": 1957000, "totalAssets": 529401000, "accountsPayable": 163566000, "shortLongTermDebt": 7416000, "otherCurrentLiab": 2539000, "longTermDebt": 8856000, "otherLiab": 14966000, "totalCurrentLiabilities": 238442000, "totalLiab": 262264000, "commonStock": 28807000, "retainedEarnings": 213359000, "capitalSurplus": 24971000, "totalStockholderEquity": 267137000, "netTangibleAssets": 267055000}, {"maxAge": 1, "endDate": "2019-12-31", "totalStockholderEquity": 263044000, "netTangibleAssets": 262785000}, {"maxAge": 1, "endDate": "2019-09-30", "cash": 3628000, "netReceivables": 314575000, "inventory": 52621000, "otherCurrentAssets": 5256000, "totalCurrentAssets": 376080000, "propertyPlantEquipment": 164816000, "intangibleAssets": 259000, "otherAssets": 2985000, "totalAssets": 544140000, "accountsPayable": 145884000, "otherCurrentLiab": 32793000, "longTermDebt": 12680000, "otherLiab": 14772000, "totalCurrentLiabilities": 253644000, "totalLiab": 281096000, "commonStock": 28807000, "treasuryStock": 234237000, "otherStockholderEquity": 234237000, "totalStockholderEquity": 263044000, "netTangibleAssets": 262785000}], "maxAge": 86400}, "indexTrend": {"maxAge": 1, "symbol": "SP5", "peRatio": 19.7411, "pegRatio": 1.34172, "estimates": [{"period": "0q", "growth": 0.549}, {"period": "+1q", "growth": 0.431}, {"period": "0y", "growth": 0.305}, {"period": "+1y", "growth": 0.109}, {"period": "+5y", "growth": 0.120859005}, {"period": "-5y"}]}, "insiderTransactions": {"transactions": [{"maxAge": 1, "shares": 6832, "value": 9533, "filerUrl": "", "transactionText": "Acquisition at price 1.40 per share.", "filerName": "Bhagwati (Aanal Pravin)", "filerRelation": "Promoter", "moneyText": "", "startDate": "2020-09-22", "ownership": "D"}, {"maxAge": 1, "shares": 10984, "value": 15347, "filerUrl": "", "transactionText": "Acquisition at price 1.40 per share.", "filerName": "Bhagwati (Reena Pravin)", "filerRelation": "Promoter", "moneyText": "", "startDate": "2020-09-18", "ownership": "D"}, {"maxAge": 1, "shares": 9093, "filerUrl": "", "transactionText": "", "filerName": "Bhagwati (Reena Pravin)", "filerRelation": "Joint Managing director", "moneyText": "", "startDate": "2020-03-30", "ownership": "D"}, {"maxAge": 1, "shares": 9493, "filerUrl": "", "transactionText": "", "filerName": "Bhagwati (Reena Pravin)", "filerRelation": "Joint Managing director", "moneyText": "", "startDate": "2020-03-17", "ownership": "D"}, {"maxAge": 1, "shares": 11715, "filerUrl": "", "transactionText": "", "filerName": "Bhagwati (Reena Pravin)", "filerRelation": "Joint Managing director", "moneyText": "", "startDate": "2020-03-04", "ownership": "D"}, {"maxAge": 1, "shares": 28400, "filerUrl": "", "transactionText": "", "filerName": "Bhagwati (Reena Pravin)", "filerRelation": "Director", "moneyText": "", "startDate": "2020-02-12", "ownership": "D"}, {"maxAge": 1, "shares": 13932, "filerUrl": "", "transactionText": "", "filerName": "Bhagwati (Reena Pravin)", "filerRelation": "Joint Managing director", "moneyText": "", "startDate": "2019-03-26", "ownership": "D"}], "maxAge": 1}, "quoteType": {"exchange": "BSE", "quoteType": "EQUITY", "symbol": "BGWTATO.BO", "underlyingSymbol": "BGWTATO.BO", "shortName": "BHAGWATI AUTOCAST LTD.", "longName": "Bhagwati Autocast Limited", "firstTradeDateEpochUtc": "2000-01-03 09:15:00", "timeZoneFullName": "Asia/Kolkata", "timeZoneShortName": "IST", "uuid": "9477c735-48be-3175-9b77-a4775f805c29", "messageBoardId": null, "gmtOffSetMilliseconds": 19800000, "maxAge": 1}, "incomeStatementHistory": {"incomeStatementHistory": [{"maxAge": 1, "endDate": "2020-03-31", "totalRevenue": 1005003000, "costOfRevenue": 452034000, "grossProfit": 552969000, "researchDevelopment": {}, "sellingGeneralAdministrative": 122260000, "nonRecurring": {}, "otherOperatingExpenses": 367413000, "totalOperatingExpenses": 965762000, "operatingIncome": 39241000, "totalOtherIncomeExpenseNet": -8796000, "ebit": 39241000, "interestExpense": -8724000, "incomeBeforeTax": 30445000, "incomeTaxExpense": 8824000, "minorityInterest": {}, "netIncomeFromContinuingOps": 21621000, "discontinuedOperations": {}, "extraordinaryItems": {}, "effectOfAccountingCharges": {}, "otherItems": {}, "netIncome": 21621000, "netIncomeApplicableToCommonShares": 21621000}, {"maxAge": 1, "endDate": "2019-03-31", "totalRevenue": 1199624000, "costOfRevenue": 598861000, "grossProfit": 600763000, "researchDevelopment": {}, "sellingGeneralAdministrative": 124330000, "nonRecurring": {}, "otherOperatingExpenses": 393236000, "totalOperatingExpenses": 1139747000, "operatingIncome": 59877000, "totalOtherIncomeExpenseNet": -10574000, "ebit": 59877000, "interestExpense": -9342000, "incomeBeforeTax": 49303000, "incomeTaxExpense": 12393000, "minorityInterest": {}, "netIncomeFromContinuingOps": 36910000, "discontinuedOperations": {}, "extraordinaryItems": {}, "effectOfAccountingCharges": {}, "otherItems": {}, "netIncome": 36910000, "netIncomeApplicableToCommonShares": 36910000}, {"maxAge": 1, "endDate": "2018-03-31", "totalRevenue": 895080000, "costOfRevenue": 401319000, "grossProfit": 493761000, "researchDevelopment": {}, "sellingGeneralAdministrative": 112062000, "nonRecurring": {}, "otherOperatingExpenses": 336573000, "totalOperatingExpenses": 871103000, "operatingIncome": 23977000, "totalOtherIncomeExpenseNet": -9448000, "ebit": 23977000, "interestExpense": -7820000, "incomeBeforeTax": 14529000, "incomeTaxExpense": 3437000, "minorityInterest": {}, "netIncomeFromContinuingOps": 11092000, "discontinuedOperations": {}, "extraordinaryItems": {}, "effectOfAccountingCharges": {}, "otherItems": {}, "netIncome": 11092000, "netIncomeApplicableToCommonShares": 11092000}, {"maxAge": 1, "endDate": "2017-03-31", "totalRevenue": 704247000, "costOfRevenue": 276688000, "grossProfit": 427559000, "researchDevelopment": {}, "sellingGeneralAdministrative": 97203000, "nonRecurring": {}, "otherOperatingExpenses": 278486000, "totalOperatingExpenses": 674825000, "operatingIncome": 29422000, "totalOtherIncomeExpenseNet": -7104000, "ebit": 29422000, "interestExpense": -6289000, "incomeBeforeTax": 22318000, "incomeTaxExpense": 9541000, "minorityInterest": {}, "netIncomeFromContinuingOps": 12777000, "discontinuedOperations": {}, "extraordinaryItems": {}, "effectOfAccountingCharges": {}, "otherItems": {}, "netIncome": 12777000, "netIncomeApplicableToCommonShares": 12777000}], "maxAge": 86400}, "fundOwnership": {"maxAge": 1, "ownershipList": []}, "summaryDetail": {"maxAge": 1, "priceHint": 2, "previousClose": 165.4, "open": 161.6, "dayLow": 157.15, "dayHigh": 161.6, "regularMarketPreviousClose": 165.4, "regularMarketOpen": 161.6, "regularMarketDayLow": 157.15, "regularMarketDayHigh": 161.6, "trailingPE": 72.57259, "volume": 1347, "regularMarketVolume": 1347, "averageVolume": 365, "averageVolume10days": 557, "averageDailyVolume10Day": 557, "bid": 157.4, "ask": 159.9, "bidSize": 0, "askSize": 0, "marketCap": 460764768, "fiftyTwoWeekLow": 72.5, "fiftyTwoWeekHigh": 161.6, "fiftyDayAverage": 122.38857, "twoHundredDayAverage": 112.93261, "trailingAnnualDividendRate": 1.0, "trailingAnnualDividendYield": 0.0060459496, "currency": "INR", "fromCurrency": null, "toCurrency": null, "lastMarket": null, "algorithm": null, "tradeable": false}, "incomeStatementHistoryQuarterly": {"incomeStatementHistory": [{"maxAge": 1, "endDate": "2020-06-30", "totalRevenue": 121743000, "costOfRevenue": 88318000, "grossProfit": 33425000, "researchDevelopment": {}, "sellingGeneralAdministrative": 25437000, "nonRecurring": {}, "otherOperatingExpenses": 11671000, "totalOperatingExpenses": 131092000, "operatingIncome": -9349000, "totalOtherIncomeExpenseNet": -739000, "ebit": -9349000, "interestExpense": -798000, "incomeBeforeTax": -10088000, "incomeTaxExpense": -409000, "minorityInterest": {}, "netIncomeFromContinuingOps": -9679000, "discontinuedOperations": {}, "extraordinaryItems": {}, "effectOfAccountingCharges": {}, "otherItems": {}, "netIncome": -9679000, "netIncomeApplicableToCommonShares": -9679000}, {"maxAge": 1, "endDate": "2020-03-31", "totalRevenue": 237577000, "costOfRevenue": -109002000, "grossProfit": 346579000, "researchDevelopment": {}, "sellingGeneralAdministrative": 30327000, "nonRecurring": {}, "otherOperatingExpenses": 301838000, "totalOperatingExpenses": 228820000, "operatingIncome": 8757000, "totalOtherIncomeExpenseNet": -2294000, "ebit": 8757000, "interestExpense": -1087000, "incomeBeforeTax": 6463000, "incomeTaxExpense": 2154000, "minorityInterest": {}, "netIncomeFromContinuingOps": 4309000, "discontinuedOperations": {}, "extraordinaryItems": {}, "effectOfAccountingCharges": {}, "otherItems": {}, "netIncome": 4309000, "netIncomeApplicableToCommonShares": 4309000}, {"maxAge": 1, "endDate": "2019-12-31", "totalRevenue": 238701000, "costOfRevenue": 177527000, "grossProfit": 61174000, "researchDevelopment": {}, "sellingGeneralAdministrative": 31619000, "nonRecurring": {}, "otherOperatingExpenses": 21859000, "totalOperatingExpenses": 237277000, "operatingIncome": 1424000, "totalOtherIncomeExpenseNet": -1847000, "ebit": 1424000, "interestExpense": -2104000, "incomeBeforeTax": -423000, "incomeTaxExpense": -342000, "minorityInterest": {}, "netIncomeFromContinuingOps": -81000, "discontinuedOperations": {}, "extraordinaryItems": {}, "effectOfAccountingCharges": {}, "otherItems": {}, "netIncome": -81000, "netIncomeApplicableToCommonShares": -81000}, {"maxAge": 1, "endDate": "2019-09-30", "totalRevenue": 298450000, "costOfRevenue": 216374000, "grossProfit": 82076000, "researchDevelopment": {}, "sellingGeneralAdministrative": 31959000, "nonRecurring": {}, "otherOperatingExpenses": 24437000, "totalOperatingExpenses": 278834000, "operatingIncome": 19616000, "totalOtherIncomeExpenseNet": -2699000, "ebit": 19616000, "interestExpense": -2834000, "incomeBeforeTax": 16917000, "incomeTaxExpense": 5120000, "minorityInterest": {}, "netIncomeFromContinuingOps": 11797000, "discontinuedOperations": {}, "extraordinaryItems": {}, "effectOfAccountingCharges": {}, "otherItems": {}, "netIncome": 11797000, "netIncomeApplicableToCommonShares": 11797000}], "maxAge": 86400}, "cashflowStatementHistoryQuarterly": {"cashflowStatements": [{"maxAge": 1, "endDate": "2020-06-30", "netIncome": -9679000, "changeToLiabilities": 0}, {"maxAge": 1, "endDate": "2020-03-31", "netIncome": 4309000, "changeToLiabilities": 0}, {"maxAge": 1, "endDate": "2019-12-31", "netIncome": -81000, "changeToLiabilities": 0}, {"maxAge": 1, "endDate": "2019-09-30", "netIncome": 11797000, "changeToLiabilities": 0}], "maxAge": 86400}, "insiderHolders": {"holders": [{"maxAge": 1, "name": "Bhagwati (Aanal Pravin)", "relation": "Promoter", "url": "", "transactionDescription": "Acquisition", "latestTransDate": "2020-09-22", "positionDirect": 47961, "positionDirectDate": "2020-09-22"}, {"maxAge": 1, "name": "Bhagwati (Reena Pravin)", "relation": "Promoter", "url": "", "transactionDescription": "Acquisition", "latestTransDate": "2020-09-18", "positionDirect": 980158, "positionDirectDate": "2020-09-18"}], "maxAge": 1}, "calendarEvents": {"maxAge": 1, "earnings": {"earningsDate": ["2020-09-02 05:30:S"]}}, "price": {"maxAge": 1, "regularMarketChangePercent": -0.032950405, "regularMarketChange": -5.449997, "regularMarketTime": "2021-04-30 14:40:06", "priceHint": 2, "regularMarketPrice": 159.95, "regularMarketDayHigh": 161.6, "regularMarketDayLow": 157.15, "regularMarketVolume": 1347, "averageDailyVolume10Day": 557, "averageDailyVolume3Month": 365, "regularMarketPreviousClose": 165.4, "regularMarketSource": "FREE_REALTIME", "regularMarketOpen": 161.6, "exchange": "BSE", "exchangeName": "BSE", "exchangeDataDelayedBy": 0, "marketState": "CLOSED", "quoteType": "EQUITY", "symbol": "BGWTATO.BO", "underlyingSymbol": null, "shortName": "BHAGWATI AUTOCAST LTD.", "longName": "Bhagwati Autocast Limited", "currency": "INR", "quoteSourceName": "Delayed Quote", "currencySymbol": "\u20b9", "fromCurrency": null, "toCurrency": null, "lastMarket": null, "marketCap": 460764768}, "balanceSheetHistory": {"balanceSheetStatements": [{"maxAge": 1, "endDate": "2020-03-31", "cash": 1379000, "netReceivables": 290730000, "inventory": 63444000, "otherCurrentAssets": 8951000, "totalCurrentAssets": 365706000, "propertyPlantEquipment": 161656000, "intangibleAssets": 82000, "otherAssets": 1957000, "totalAssets": 529401000, "accountsPayable": 163566000, "shortLongTermDebt": 7416000, "otherCurrentLiab": 2539000, "longTermDebt": 8856000, "otherLiab": 14966000, "totalCurrentLiabilities": 238442000, "totalLiab": 262264000, "commonStock": 28807000, "retainedEarnings": 213359000, "capitalSurplus": 24971000, "totalStockholderEquity": 267137000, "netTangibleAssets": 267055000}, {"maxAge": 1, "endDate": "2019-03-31", "cash": 557000, "netReceivables": 296714000, "inventory": 59475000, "otherCurrentAssets": 5537000, "totalCurrentAssets": 363608000, "propertyPlantEquipment": 161016000, "intangibleAssets": 273000, "otherAssets": 6578000, "totalAssets": 531475000, "accountsPayable": 157903000, "shortLongTermDebt": 2347000, "otherCurrentLiab": 5309000, "longTermDebt": 4240000, "otherLiab": 14018000, "totalCurrentLiabilities": 264128000, "totalLiab": 282386000, "commonStock": 28807000, "retainedEarnings": 195311000, "treasuryStock": 220282000, "capitalSurplus": 24971000, "otherStockholderEquity": 220282000, "totalStockholderEquity": 249089000, "netTangibleAssets": 248816000}, {"maxAge": 1, "endDate": "2018-03-31", "cash": 5583000, "netReceivables": 293757000, "inventory": 65192000, "otherCurrentAssets": 6131000, "totalCurrentAssets": 371856000, "propertyPlantEquipment": 143934000, "intangibleAssets": 1030000, "otherAssets": 7102000, "totalAssets": 523922000, "accountsPayable": 193070000, "otherCurrentLiab": 5165000, "otherLiab": 15773000, "totalCurrentLiabilities": 293262000, "totalLiab": 309035000, "commonStock": 28807000, "retainedEarnings": 161109000, "capitalSurplus": 24971000, "totalStockholderEquity": 214887000, "netTangibleAssets": 213857000}, {"maxAge": 1, "endDate": "2017-03-31", "cash": 5122000, "netReceivables": 211607000, "inventory": 53424000, "otherCurrentAssets": 7866000, "totalCurrentAssets": 278814000, "propertyPlantEquipment": 147537000, "intangibleAssets": 1395000, "otherAssets": 323000, "totalAssets": 428069000, "accountsPayable": 98682000, "shortLongTermDebt": 5327000, "otherCurrentLiab": 2598000, "longTermDebt": 4482000, "otherLiab": 19154000, "totalCurrentLiabilities": 197746000, "totalLiab": 221382000, "commonStock": 28807000, "retainedEarnings": 152909000, "capitalSurplus": 24971000, "totalStockholderEquity": 206687000, "netTangibleAssets": 205292000}], "maxAge": 86400}, "financialData": {"maxAge": 86400, "currentPrice": 159.95, "recommendationKey": "none", "grossProfits": 552969000, "financialCurrency": "INR"}}}