{"BHAGYNAGAR.BO": {"recommendationTrend": {"trend": [{"period": "0m", "strongBuy": 0, "buy": 0, "hold": 0, "sell": 0, "strongSell": 0}, {"period": "-1m", "strongBuy": 0, "buy": 0, "hold": 0, "sell": 0, "strongSell": 0}, {"period": "-2m", "strongBuy": 0, "buy": 0, "hold": 0, "sell": 0, "strongSell": 0}, {"period": "-3m", "strongBuy": 0, "buy": 0, "hold": 0, "sell": 0, "strongSell": 0}], "maxAge": 86400}, "cashflowStatementHistory": {"cashflowStatements": [{"maxAge": 1, "endDate": "2020-03-31", "netIncome": 10374551, "depreciation": 51249575, "changeToNetincome": 44435382, "changeToAccountReceivables": -94600474, "changeToLiabilities": 49948626, "changeToInventory": 411603287, "changeToOperatingActivities": 12551338, "totalCashFromOperatingActivities": 485922285, "capitalExpenditures": -146103143, "otherCashflowsFromInvestingActivities": 18227816, "totalCashflowsFromInvestingActivities": -125402527, "netBorrowings": -288274379, "otherCashflowsFromFinancingActivities": -64502798, "totalCashFromFinancingActivities": -352777177, "changeInCash": 7742581}, {"maxAge": 1, "endDate": "2019-03-31", "netIncome": 63393810, "depreciation": 39038712, "changeToNetincome": 74348222, "changeToAccountReceivables": -35508894, "changeToLiabilities": 14252776, "changeToInventory": -612562802, "changeToOperatingActivities": -24342556, "totalCashFromOperatingActivities": -481020732, "capitalExpenditures": -179126959, "otherCashflowsFromInvestingActivities": 5742000, "totalCashflowsFromInvestingActivities": -170221771, "dividendsPaid": -149003, "netBorrowings": 617492327, "otherCashflowsFromFinancingActivities": -73058892, "totalCashFromFinancingActivities": 544284432, "changeInCash": -106958071}, {"maxAge": 1, "endDate": "2018-03-31", "netIncome": 127106339, "depreciation": 37117709, "changeToNetincome": -58852779, "changeToAccountReceivables": -21568132, "changeToLiabilities": -829853, "changeToInventory": 141738124, "changeToOperatingActivities": 53858412, "totalCashFromOperatingActivities": 279082450, "capitalExpenditures": -38125221, "investments": 13238987, "otherCashflowsFromInvestingActivities": 21989723, "totalCashflowsFromInvestingActivities": 314636483, "dividendsPaid": -207271, "netBorrowings": -457414458, "otherCashflowsFromFinancingActivities": -30823601, "totalCashFromFinancingActivities": -488445330, "changeInCash": 105273603}, {"maxAge": 1, "endDate": "2017-03-31", "netIncome": 51676956, "depreciation": 46606169, "changeToNetincome": 100351, "changeToAccountReceivables": -67276326, "changeToLiabilities": -46643628, "changeToInventory": -175729683, "changeToOperatingActivities": 47035563, "totalCashFromOperatingActivities": -143717968, "capitalExpenditures": -9673585, "investments": 223638566, "otherCashflowsFromInvestingActivities": 61044865, "totalCashflowsFromInvestingActivities": 279089877, "dividendsPaid": -592407, "netBorrowings": -32678331, "otherCashflowsFromFinancingActivities": -97814881, "totalCashFromFinancingActivities": -131085619, "changeInCash": 4286290}], "maxAge": 86400}, "institutionOwnership": {"maxAge": 1, "ownershipList": []}, "balanceSheetHistoryQuarterly": {"balanceSheetStatements": [{"maxAge": 1, "endDate": "2020-06-30", "totalStockholderEquity": 1229529000, "netTangibleAssets": 1229529000}, {"maxAge": 1, "endDate": "2020-03-31", "cash": 38284116, "netReceivables": 485342868, "inventory": 569314673, "otherCurrentAssets": 101231367, "totalCurrentAssets": 1194173024, "longTermInvestments": 200000, "propertyPlantEquipment": 813900097, "otherAssets": 25707967, "deferredLongTermAssetCharges": 12670891, "totalAssets": 2033981088, "accountsPayable": 104169970, "shortLongTermDebt": 46245068, "otherCurrentLiab": 24018833, "longTermDebt": 213086883, "totalCurrentLiabilities": 591364284, "totalLiab": 804451167, "commonStock": 63990000, "retainedEarnings": 1079179103, "treasuryStock": 86360818, "otherStockholderEquity": 86360818, "totalStockholderEquity": 1229529921, "netTangibleAssets": 1229529921}, {"maxAge": 1, "endDate": "2019-12-31", "totalStockholderEquity": 1235772000, "netTangibleAssets": 1235772000}, {"maxAge": 1, "endDate": "2019-09-30", "cash": 36434000, "netReceivables": 464368000, "inventory": 985751000, "otherCurrentAssets": 178614000, "totalCurrentAssets": 1665167000, "longTermInvestments": 200000, "propertyPlantEquipment": 829094000, "otherAssets": 25037000, "deferredLongTermAssetCharges": 11962000, "totalAssets": 2519498000, "accountsPayable": 120402000, "otherCurrentLiab": 152729000, "longTermDebt": 132229000, "totalCurrentLiabilities": 1151497000, "totalLiab": 1283726000, "commonStock": 63990000, "treasuryStock": 1171782000, "otherStockholderEquity": 1171782000, "totalStockholderEquity": 1235772000, "netTangibleAssets": 1235772000}], "maxAge": 86400}, "earningsHistory": {"history": [{"maxAge": 1, "epsActual": {}, "epsEstimate": {}, "epsDifference": {}, "surprisePercent": {}, "quarter": {}, "period": "-4q"}, {"maxAge": 1, "epsActual": {}, "epsEstimate": {}, "epsDifference": {}, "surprisePercent": {}, "quarter": {}, "period": "-3q"}, {"maxAge": 1, "epsActual": {}, "epsEstimate": {}, "epsDifference": {}, "surprisePercent": {}, "quarter": {}, "period": "-2q"}, {"maxAge": 1, "epsActual": 0.6, "epsEstimate": 0.52, "epsDifference": 0.08, "surprisePercent": 0.154, "quarter": "2017-12-31", "period": "-1q"}], "maxAge": 86400}, "indexTrend": {"maxAge": 1, "symbol": "SP5", "peRatio": 19.7411, "pegRatio": 1.34172, "estimates": [{"period": "0q", "growth": 0.549}, {"period": "+1q", "growth": 0.431}, {"period": "0y", "growth": 0.305}, {"period": "+1y", "growth": 0.109}, {"period": "+5y", "growth": 0.120859005}, {"period": "-5y"}]}, "industryTrend": {"maxAge": 1, "symbol": null, "estimates": []}, "insiderTransactions": {"transactions": [{"maxAge": 1, "shares": 7407, "value": 1835, "filerUrl": "", "transactionText": "Acquisition at price 0.25 per share.", "filerName": "Surana (Sresha)", "filerRelation": "Promoter", "moneyText": "", "startDate": "2020-09-30", "ownership": "D"}, {"maxAge": 1, "shares": 57940, "value": 13766, "filerUrl": "", "transactionText": "Acquisition at price 0.24 per share.", "filerName": "Gupta (Nikita)", "filerRelation": "UNREPORTED", "moneyText": "", "startDate": "2020-09-25", "ownership": "D"}, {"maxAge": 1, "shares": 4800, "value": 1179, "filerUrl": "", "transactionText": "Acquisition at price 0.25 per share.", "filerName": "Surana (Sresha)", "filerRelation": "Promoter", "moneyText": "", "startDate": "2020-09-23", "ownership": "D"}, {"maxAge": 1, "shares": 480088, "value": 113732, "filerUrl": "", "transactionText": "Acquisition at price 0.24 per share.", "filerName": "Surana (Sresha)", "filerRelation": "Promoter", "moneyText": "", "startDate": "2020-09-16", "ownership": "D"}, {"maxAge": 1, "shares": 693954, "filerUrl": "", "transactionText": "", "filerName": "Surana (Advait)", "filerRelation": "Promoter", "moneyText": "", "startDate": "2019-06-29", "ownership": "D"}, {"maxAge": 1, "shares": 1710990, "filerUrl": "", "transactionText": "", "filerName": "Surana (G M)", "filerRelation": "Chairman Emeritus", "moneyText": "", "startDate": "2019-06-29", "ownership": "D"}, {"maxAge": 1, "shares": 853196, "filerUrl": "", "transactionText": "", "filerName": "Surana (Manish)", "filerRelation": "Promoter", "moneyText": "", "startDate": "2019-06-29", "ownership": "D"}, {"maxAge": 1, "shares": 1302, "filerUrl": "", "transactionText": "", "filerName": "Surana (Narender)", "filerRelation": "Managing Director", "moneyText": "", "startDate": "2019-02-25", "ownership": "D"}, {"maxAge": 1, "shares": 52600, "filerUrl": "", "transactionText": "", "filerName": "Surana (Narender)", "filerRelation": "Managing Director", "moneyText": "", "startDate": "2019-01-30", "ownership": "D"}], "maxAge": 1}, "quoteType": {"exchange": "BSE", "quoteType": "EQUITY", "symbol": "BHAGYNAGAR.BO", "underlyingSymbol": "BHAGYNAGAR.BO", "shortName": "BHAGYANAGAR INDIA LTD.", "longName": "Bhagyanagar India Limited", "firstTradeDateEpochUtc": "2000-07-28 09:15:00", "timeZoneFullName": "Asia/Kolkata", "timeZoneShortName": "IST", "uuid": "1d05304a-f398-33d3-96b0-1b2e915a6b78", "messageBoardId": null, "gmtOffSetMilliseconds": 19800000, "maxAge": 1}, "incomeStatementHistory": {"incomeStatementHistory": [{"maxAge": 1, "endDate": "2020-03-31", "totalRevenue": 5623567072, "costOfRevenue": 5085758576, "grossProfit": 537808496, "researchDevelopment": {}, "sellingGeneralAdministrative": 71437475, "nonRecurring": {}, "otherOperatingExpenses": 316453376, "totalOperatingExpenses": 5524899000, "operatingIncome": 98668072, "totalOtherIncomeExpenseNet": -86940733, "ebit": 98668072, "interestExpense": -87048074, "incomeBeforeTax": 11727339, "incomeTaxExpense": 1352788, "minorityInterest": {}, "netIncomeFromContinuingOps": 10374551, "discontinuedOperations": {}, "extraordinaryItems": {}, "effectOfAccountingCharges": {}, "otherItems": {}, "netIncome": 10374551, "netIncomeApplicableToCommonShares": 10374551}, {"maxAge": 1, "endDate": "2019-03-31", "totalRevenue": 5692379051, "costOfRevenue": 5149944745, "grossProfit": 542434306, "researchDevelopment": {}, "sellingGeneralAdministrative": 62120089, "nonRecurring": {}, "otherOperatingExpenses": 268427255, "totalOperatingExpenses": 5519530801, "operatingIncome": 172848250, "totalOtherIncomeExpenseNet": -86869890, "ebit": 172848250, "interestExpense": -67537856, "incomeBeforeTax": 85978360, "incomeTaxExpense": 22584550, "minorityInterest": {}, "netIncomeFromContinuingOps": 63393810, "discontinuedOperations": {}, "extraordinaryItems": {}, "effectOfAccountingCharges": {}, "otherItems": {}, "netIncome": 63393810, "netIncomeApplicableToCommonShares": 63393810}, {"maxAge": 1, "endDate": "2018-03-31", "totalRevenue": 4468696453, "costOfRevenue": 4065012529, "grossProfit": 403683924, "researchDevelopment": {}, "sellingGeneralAdministrative": 60731032, "nonRecurring": {}, "otherOperatingExpenses": 215887655, "totalOperatingExpenses": 4378748925, "operatingIncome": 89947528, "totalOtherIncomeExpenseNet": 76381420, "ebit": 89947528, "interestExpense": -30115333, "incomeBeforeTax": 166328948, "incomeTaxExpense": 39222609, "minorityInterest": {}, "netIncomeFromContinuingOps": 127106339, "discontinuedOperations": {}, "extraordinaryItems": {}, "effectOfAccountingCharges": {}, "otherItems": {}, "netIncome": 127106339, "netIncomeApplicableToCommonShares": 127106339}, {"maxAge": 1, "endDate": "2017-03-31", "totalRevenue": 2973743037, "costOfRevenue": 2586239082, "grossProfit": 387503955, "researchDevelopment": {}, "sellingGeneralAdministrative": 53009701, "nonRecurring": {}, "otherOperatingExpenses": 178550574, "totalOperatingExpenses": 2864405526, "operatingIncome": 109337511, "totalOtherIncomeExpenseNet": -57672547, "ebit": 109337511, "interestExpense": -49979268, "incomeBeforeTax": 51664964, "incomeTaxExpense": -1888509, "minorityInterest": 11154729, "netIncomeFromContinuingOps": 53553473, "discontinuedOperations": {}, "extraordinaryItems": {}, "effectOfAccountingCharges": {}, "otherItems": {}, "netIncome": 51676956, "netIncomeApplicableToCommonShares": 51676956}], "maxAge": 86400}, "fundOwnership": {"maxAge": 1, "ownershipList": []}, "summaryDetail": {"maxAge": 1, "priceHint": 2, "previousClose": 47.95, "open": 46.95, "dayLow": 46.95, "dayHigh": 50.0, "regularMarketPreviousClose": 47.95, "regularMarketOpen": 46.95, "regularMarketDayLow": 46.95, "regularMarketDayHigh": 50.0, "trailingPE": 385.82675, "forwardPE": 10.69869, "volume": 9072, "regularMarketVolume": 9072, "averageVolume": 14716, "averageVolume10days": 7941, "averageDailyVolume10Day": 7941, "bid": 48.05, "ask": 49.1, "bidSize": 0, "askSize": 0, "marketCap": 1567755008, "fiftyTwoWeekLow": 10.8, "fiftyTwoWeekHigh": 50.0, "fiftyDayAverage": 33.287144, "twoHundredDayAverage": 23.36168, "currency": "INR", "fromCurrency": null, "toCurrency": null, "lastMarket": null, "algorithm": null, "tradeable": false}, "sectorTrend": {"maxAge": 1, "symbol": null, "estimates": []}, "incomeStatementHistoryQuarterly": {"incomeStatementHistory": [{"maxAge": 1, "endDate": "2020-06-30", "totalRevenue": 834819000, "costOfRevenue": 728538000, "grossProfit": 106281000, "researchDevelopment": {}, "sellingGeneralAdministrative": 30777000, "nonRecurring": {}, "otherOperatingExpenses": 45340000, "totalOperatingExpenses": 817557000, "operatingIncome": 17262000, "totalOtherIncomeExpenseNet": -14697000, "ebit": 17262000, "interestExpense": -16312000, "incomeBeforeTax": 2565000, "incomeTaxExpense": 237000, "minorityInterest": {}, "netIncomeFromContinuingOps": 2328000, "discontinuedOperations": {}, "extraordinaryItems": {}, "effectOfAccountingCharges": {}, "otherItems": {}, "netIncome": 2328000, "netIncomeApplicableToCommonShares": 2328000}, {"maxAge": 1, "endDate": "2020-03-31", "totalRevenue": 1669373072, "costOfRevenue": 1641868576, "grossProfit": 27504496, "researchDevelopment": {}, "sellingGeneralAdministrative": -130687525, "nonRecurring": {}, "otherOperatingExpenses": 147495376, "totalOperatingExpenses": 1671212000, "operatingIncome": -1838928, "totalOtherIncomeExpenseNet": -14842733, "ebit": -1838928, "interestExpense": -8940074, "incomeBeforeTax": -16681661, "incomeTaxExpense": -3051212, "minorityInterest": {}, "netIncomeFromContinuingOps": -13630449, "discontinuedOperations": {}, "extraordinaryItems": {}, "effectOfAccountingCharges": {}, "otherItems": {}, "netIncome": -13630449, "netIncomeApplicableToCommonShares": -13630449}, {"maxAge": 1, "endDate": "2019-12-31", "totalRevenue": 1591876000, "costOfRevenue": 1393044000, "grossProfit": 198832000, "researchDevelopment": {}, "sellingGeneralAdministrative": 85006000, "nonRecurring": {}, "otherOperatingExpenses": 67303000, "totalOperatingExpenses": 1559253000, "operatingIncome": 32623000, "totalOtherIncomeExpenseNet": -24718000, "ebit": 32623000, "interestExpense": -26870000, "incomeBeforeTax": 7905000, "incomeTaxExpense": 517000, "minorityInterest": {}, "netIncomeFromContinuingOps": 7388000, "discontinuedOperations": {}, "extraordinaryItems": {}, "effectOfAccountingCharges": {}, "otherItems": {}, "netIncome": 7388000, "netIncomeApplicableToCommonShares": 7388000}, {"maxAge": 1, "endDate": "2019-09-30", "totalRevenue": 1087554000, "costOfRevenue": 929475000, "grossProfit": 158079000, "researchDevelopment": {}, "sellingGeneralAdministrative": 63888000, "nonRecurring": {}, "otherOperatingExpenses": 45968000, "totalOperatingExpenses": 1051626000, "operatingIncome": 35928000, "totalOtherIncomeExpenseNet": -27040000, "ebit": 35928000, "interestExpense": -27295000, "incomeBeforeTax": 8888000, "incomeTaxExpense": 812000, "minorityInterest": {}, "netIncomeFromContinuingOps": 8076000, "discontinuedOperations": {}, "extraordinaryItems": {}, "effectOfAccountingCharges": {}, "otherItems": {}, "netIncome": 8076000, "netIncomeApplicableToCommonShares": 8076000}], "maxAge": 86400}, "cashflowStatementHistoryQuarterly": {"cashflowStatements": [{"maxAge": 1, "endDate": "2020-06-30", "netIncome": 2328000, "changeToLiabilities": 0}, {"maxAge": 1, "endDate": "2020-03-31", "netIncome": -13630449, "changeToLiabilities": 0}, {"maxAge": 1, "endDate": "2019-12-31", "netIncome": 7388000, "changeToLiabilities": 0}, {"maxAge": 1, "endDate": "2019-09-30", "netIncome": 8076000, "changeToLiabilities": 0}], "maxAge": 86400}, "insiderHolders": {"holders": [{"maxAge": 1, "name": "Gupta (Nikita)", "relation": "UNREPORTED", "url": "", "transactionDescription": "Acquisition", "latestTransDate": "2020-09-25", "positionDirect": 57940, "positionDirectDate": "2020-09-25"}, {"maxAge": 1, "name": "Surana (Advait)", "relation": "Promoter", "url": "", "transactionDescription": "Gift", "latestTransDate": "2019-06-29", "positionDirect": 1017036, "positionDirectDate": "2019-06-29"}, {"maxAge": 1, "name": "Surana (G M)", "relation": "Chairman Emeritus", "url": "", "transactionDescription": "Gift", "latestTransDate": "2019-06-29", "positionDirect": 0, "positionDirectDate": "2019-06-29"}, {"maxAge": 1, "name": "Surana (Manish)", "relation": "Promoter", "url": "", "transactionDescription": "Gift", "latestTransDate": "2019-06-29", "positionDirect": 3192709, "positionDirectDate": "2019-06-29"}, {"maxAge": 1, "name": "Surana (Narender)", "relation": "Managing Director", "url": "", "transactionDescription": "Acquisition", "latestTransDate": "2019-02-25", "positionDirect": 3235370, "positionDirectDate": "2019-02-25"}, {"maxAge": 1, "name": "Surana (Sresha)", "relation": "Promoter", "url": "", "transactionDescription": "Acquisition", "latestTransDate": "2020-09-30", "positionDirect": 666593, "positionDirectDate": "2020-09-30"}], "maxAge": 1}, "earnings": {"maxAge": 86400, "earningsChart": {"quarterly": [{"date": "4Q2017", "actual": 0.6, "estimate": 0.52}], "currentQuarterEstimateDate": "1Q", "currentQuarterEstimateYear": 2018, "earningsDate": []}, "financialsChart": {"yearly": [{"date": 2017, "revenue": 2973743037, "earnings": 51676956}, {"date": 2018, "revenue": 4468696453, "earnings": 127106339}, {"date": 2019, "revenue": 5692379051, "earnings": 63393810}, {"date": 2020, "revenue": 5623567072, "earnings": 10374551}], "quarterly": [{"date": "3Q2019", "revenue": 1087554000, "earnings": 8076000}, {"date": "4Q2019", "revenue": 1591876000, "earnings": 7388000}, {"date": "1Q2020", "revenue": 1669373072, "earnings": -13630449}, {"date": "2Q2020", "revenue": 834819000, "earnings": 2328000}]}, "financialCurrency": "INR"}, "calendarEvents": {"maxAge": 1, "earnings": {"earningsDate": [], "revenueAverage": 2641440000}}, "price": {"maxAge": 1, "regularMarketChangePercent": 0.021897795, "regularMarketChange": 1.0499992, "regularMarketTime": "2021-04-30 15:29:34", "priceHint": 2, "regularMarketPrice": 49.0, "regularMarketDayHigh": 50.0, "regularMarketDayLow": 46.95, "regularMarketVolume": 9072, "averageDailyVolume10Day": 7941, "averageDailyVolume3Month": 14716, "regularMarketPreviousClose": 47.95, "regularMarketSource": "FREE_REALTIME", "regularMarketOpen": 46.95, "exchange": "BSE", "exchangeName": "BSE", "exchangeDataDelayedBy": 0, "marketState": "CLOSED", "quoteType": "EQUITY", "symbol": "BHAGYNAGAR.BO", "underlyingSymbol": null, "shortName": "BHAGYANAGAR INDIA LTD.", "longName": "Bhagyanagar India Limited", "currency": "INR", "quoteSourceName": "Delayed Quote", "currencySymbol": "\u20b9", "fromCurrency": null, "toCurrency": null, "lastMarket": null, "marketCap": 1567755008}, "balanceSheetHistory": {"balanceSheetStatements": [{"maxAge": 1, "endDate": "2020-03-31", "cash": 38284116, "netReceivables": 485342868, "inventory": 569314673, "otherCurrentAssets": 101231367, "totalCurrentAssets": 1194173024, "longTermInvestments": 200000, "propertyPlantEquipment": 813900097, "otherAssets": 25707967, "deferredLongTermAssetCharges": 12670891, "totalAssets": 2033981088, "accountsPayable": 104169970, "shortLongTermDebt": 46245068, "otherCurrentLiab": 24018833, "longTermDebt": 213086883, "totalCurrentLiabilities": 591364284, "totalLiab": 804451167, "commonStock": 63990000, "retainedEarnings": 1079179103, "treasuryStock": 86360818, "otherStockholderEquity": 86360818, "totalStockholderEquity": 1229529921, "netTangibleAssets": 1229529921}, {"maxAge": 1, "endDate": "2019-03-31", "cash": 40257376, "netReceivables": 388599711, "inventory": 980917960, "otherCurrentAssets": 207700161, "totalCurrentAssets": 1617475208, "longTermInvestments": 300000, "propertyPlantEquipment": 770986623, "otherAssets": 24984444, "deferredLongTermAssetCharges": 11962368, "totalAssets": 2413746275, "accountsPayable": 42475270, "shortLongTermDebt": 178408935, "otherCurrentLiab": 5314883, "longTermDebt": 96384629, "otherLiab": -1000, "totalCurrentLiabilities": 1098267828, "totalLiab": 1194652457, "commonStock": 63990000, "retainedEarnings": 1068743000, "treasuryStock": 86360818, "otherStockholderEquity": 86360818, "totalStockholderEquity": 1219093818, "netTangibleAssets": 1219093818}, {"maxAge": 1, "endDate": "2018-03-31", "cash": 150517995, "netReceivables": 357745756, "inventory": 368355158, "otherCurrentAssets": 127817544, "totalCurrentAssets": 1004436453, "longTermInvestments": 300000, "propertyPlantEquipment": 632467662, "otherAssets": 24323714, "deferredLongTermAssetCharges": 14342918, "totalAssets": 1661527829, "accountsPayable": 22314151, "shortLongTermDebt": 115679422, "otherCurrentLiab": 14961667, "longTermDebt": 159888525, "totalCurrentLiabilities": 345939298, "totalLiab": 505827823, "commonStock": 63990000, "retainedEarnings": 1005349188, "treasuryStock": 86360818, "otherStockholderEquity": 86360818, "totalStockholderEquity": 1155700006, "netTangibleAssets": 1155700006}, {"maxAge": 1, "endDate": "2017-03-31", "cash": 54281155, "netReceivables": 420188215, "inventory": 510093282, "otherCurrentAssets": 171958752, "totalCurrentAssets": 1156521404, "longTermInvestments": 1002896, "propertyPlantEquipment": 724045711, "otherAssets": 51343616, "deferredLongTermAssetCharges": 42212539, "totalAssets": 1932913627, "accountsPayable": 20298348, "shortLongTermDebt": 71324000, "otherCurrentLiab": 98671576, "longTermDebt": 288711551, "minorityInterest": 11154729, "totalCurrentLiabilities": 597462214, "totalLiab": 886173765, "commonStock": 63990000, "retainedEarnings": 933898610, "treasuryStock": 37696523, "otherStockholderEquity": 37696523, "totalStockholderEquity": 1035585133, "netTangibleAssets": 1035585133}], "maxAge": 86400}, "earningsTrend": {"trend": [{"maxAge": 1, "period": "0q", "endDate": "2018-03-31", "growth": {}, "earningsEstimate": {"avg": 0.0, "low": 0.0, "high": 0.0, "yearAgoEps": {}, "numberOfAnalysts": 0, "growth": {}}, "revenueEstimate": {"avg": 2641440000, "low": 0, "high": 0, "numberOfAnalysts": 0, "yearAgoRevenue": {}, "growth": {}}, "epsTrend": {"current": 0.0, "7daysAgo": 0.0, "30daysAgo": 0.0, "60daysAgo": 0.0, "90daysAgo": 0.0}, "epsRevisions": {"upLast7days": 0, "upLast30days": 0, "downLast30days": 0, "downLast90days": {}}}, {"maxAge": 1, "period": "+1q", "endDate": "2018-06-30", "growth": {}, "earningsEstimate": {"avg": 0.0, "low": 0.0, "high": 0.0, "yearAgoEps": {}, "numberOfAnalysts": 0, "growth": {}}, "revenueEstimate": {"avg": 1291990000, "low": 0, "high": 0, "numberOfAnalysts": 0, "yearAgoRevenue": {}, "growth": {}}, "epsTrend": {"current": 0.0, "7daysAgo": 0.0, "30daysAgo": 0.0, "60daysAgo": 0.0, "90daysAgo": 0.0}, "epsRevisions": {"upLast7days": 0, "upLast30days": 0, "downLast30days": 0, "downLast90days": {}}}, {"maxAge": 1, "period": "0y", "endDate": "2018-03-31", "growth": {}, "earningsEstimate": {"avg": 0.0, "low": 0.0, "high": 0.0, "yearAgoEps": {}, "numberOfAnalysts": 0, "growth": {}}, "revenueEstimate": {"avg": 4468700000, "low": 4678650000, "high": 4678650000, "numberOfAnalysts": 1, "yearAgoRevenue": {}, "growth": {}}, "epsTrend": {"current": 0.0, "7daysAgo": 2.17, "30daysAgo": 2.17, "60daysAgo": 2.17, "90daysAgo": 2.17}, "epsRevisions": {"upLast7days": 0, "upLast30days": 0, "downLast30days": 0, "downLast90days": {}}}, {"maxAge": 1, "period": "+1y", "endDate": "2019-03-31", "growth": {}, "earningsEstimate": {"avg": 0.0, "low": 0.0, "high": 0.0, "yearAgoEps": {}, "numberOfAnalysts": 0, "growth": {}}, "revenueEstimate": {"avg": 5412880000, "low": 5412880000, "high": 5412880000, "numberOfAnalysts": 1, "yearAgoRevenue": 4468700000, "growth": 0.21100001}, "epsTrend": {"current": 0.0, "7daysAgo": 4.58, "30daysAgo": 4.58, "60daysAgo": 4.58, "90daysAgo": 4.58}, "epsRevisions": {"upLast7days": 0, "upLast30days": 0, "downLast30days": 0, "downLast90days": {}}}, {"maxAge": 1, "period": "+5y", "endDate": null, "growth": {}, "earningsEstimate": {"avg": {}, "low": {}, "high": {}, "yearAgoEps": {}, "numberOfAnalysts": {}, "growth": {}}, "revenueEstimate": {"avg": {}, "low": {}, "high": {}, "numberOfAnalysts": {}, "yearAgoRevenue": {}, "growth": {}}, "epsTrend": {"current": {}, "7daysAgo": {}, "30daysAgo": {}, "60daysAgo": {}, "90daysAgo": {}}, "epsRevisions": {"upLast7days": {}, "upLast30days": {}, "downLast30days": {}, "downLast90days": {}}}, {"maxAge": 1, "period": "-5y", "endDate": null, "growth": {}, "earningsEstimate": {"avg": {}, "low": {}, "high": {}, "yearAgoEps": {}, "numberOfAnalysts": {}, "growth": {}}, "revenueEstimate": {"avg": {}, "low": {}, "high": {}, "numberOfAnalysts": {}, "yearAgoRevenue": {}, "growth": {}}, "epsTrend": {"current": {}, "7daysAgo": {}, "30daysAgo": {}, "60daysAgo": {}, "90daysAgo": {}}, "epsRevisions": {"upLast7days": {}, "upLast30days": {}, "downLast30days": {}, "downLast90days": {}}}], "maxAge": 1}, "financialData": {"maxAge": 86400, "currentPrice": 49.0, "recommendationKey": "none", "grossProfits": 537808496, "financialCurrency": "INR"}}}