{"BHAGYAPROP.BO": {"cashflowStatementHistory": {"cashflowStatements": [{"maxAge": 1, "endDate": "2020-03-31", "netIncome": 96193793, "depreciation": 1309855, "changeToNetincome": -20076501, "changeToAccountReceivables": -1739294, "changeToLiabilities": 3656506, "changeToOperatingActivities": -12196548, "totalCashFromOperatingActivities": 67147811, "capitalExpenditures": -30390438, "otherCashflowsFromInvestingActivities": 7570214, "totalCashflowsFromInvestingActivities": 257388193, "netBorrowings": 119999455, "otherCashflowsFromFinancingActivities": -493579194, "totalCashFromFinancingActivities": -373579739, "changeInCash": -49043736}, {"maxAge": 1, "endDate": "2019-03-31", "netIncome": 65337778, "depreciation": 423663, "changeToNetincome": -14963847, "changeToAccountReceivables": -3459368, "changeToLiabilities": 1127474, "changeToOperatingActivities": 24363753, "totalCashFromOperatingActivities": 72829453, "capitalExpenditures": -18507220, "otherCashflowsFromInvestingActivities": 3439236, "totalCashflowsFromInvestingActivities": -26786394, "netBorrowings": 16721247, "otherCashflowsFromFinancingActivities": -13288605, "totalCashFromFinancingActivities": 3432642, "changeInCash": 49475701}, {"maxAge": 1, "endDate": "2018-03-31", "netIncome": 4964861, "depreciation": 153361, "changeToNetincome": -5611971, "changeToAccountReceivables": -446485, "changeToLiabilities": 0, "changeToOperatingActivities": 37976536, "totalCashFromOperatingActivities": 37036302, "capitalExpenditures": -1505592, "otherCashflowsFromInvestingActivities": 5390743, "totalCashflowsFromInvestingActivities": 3885151, "netBorrowings": 16721247, "otherCashflowsFromFinancingActivities": -40166522, "totalCashFromFinancingActivities": -40166522, "changeInCash": 754932}, {"maxAge": 1, "endDate": "2017-03-31", "netIncome": 11173071, "depreciation": 228629, "changeToNetincome": -17654301, "changeToAccountReceivables": 42794, "changeToLiabilities": 0, "changeToOperatingActivities": -5312508, "totalCashFromOperatingActivities": -11522315, "capitalExpenditures": -4521646, "otherCashflowsFromInvestingActivities": 11575, "totalCashflowsFromInvestingActivities": 50489929, "netBorrowings": -5765000, "otherCashflowsFromFinancingActivities": -35010417, "totalCashFromFinancingActivities": -40775417, "changeInCash": -1807803}], "maxAge": 86400}, "institutionOwnership": {"maxAge": 1, "ownershipList": []}, "balanceSheetHistoryQuarterly": {"balanceSheetStatements": [{"maxAge": 1, "endDate": "2020-06-30", "totalStockholderEquity": 1163104000, "netTangibleAssets": 1163104000}, {"maxAge": 1, "endDate": "2020-03-31", "cash": 1656828, "netReceivables": 6207603, "otherCurrentAssets": 61571684, "totalCurrentAssets": 69436115, "propertyPlantEquipment": 795520635, "otherAssets": 575042891, "totalAssets": 1439999641, "accountsPayable": 4783980, "shortLongTermDebt": 6624058, "otherCurrentLiab": 48629769, "longTermDebt": 179736826, "otherLiab": 13759925, "minorityInterest": 9837566, "totalCurrentLiabilities": 73561312, "totalLiab": 267058063, "commonStock": 63990000, "retainedEarnings": 1099114012, "totalStockholderEquity": 1163104012, "netTangibleAssets": 1163104012}, {"maxAge": 1, "endDate": "2019-12-31", "totalStockholderEquity": 1029422000, "netTangibleAssets": 1029422000}, {"maxAge": 1, "endDate": "2019-09-30", "cash": 2034000, "netReceivables": 4002000, "otherCurrentAssets": 20472000, "totalCurrentAssets": 26508000, "propertyPlantEquipment": 827474000, "otherAssets": 541956000, "totalAssets": 1395938000, "accountsPayable": 2624000, "otherCurrentLiab": 253769000, "longTermDebt": 90748000, "otherLiab": 9492000, "minorityInterest": 9883000, "totalCurrentLiabilities": 256393000, "totalLiab": 356633000, "commonStock": 63990000, "retainedEarnings": 965432000, "totalStockholderEquity": 1029422000, "netTangibleAssets": 1029422000}], "maxAge": 86400}, "indexTrend": {"maxAge": 1, "symbol": "SP5", "peRatio": 19.7411, "pegRatio": 1.34172, "estimates": [{"period": "0q", "growth": 0.549}, {"period": "+1q", "growth": 0.431}, {"period": "0y", "growth": 0.305}, {"period": "+1y", "growth": 0.109}, {"period": "+5y", "growth": 0.120865}, {"period": "-5y"}]}, "insiderTransactions": {"transactions": [{"maxAge": 1, "shares": 1, "filerUrl": "", "transactionText": "", "filerName": "Surana (Sunita)", "filerRelation": "UNREPORTED", "moneyText": "", "startDate": "2019-06-29", "ownership": "D"}, {"maxAge": 1, "shares": 855495, "filerUrl": "", "transactionText": "", "filerName": "Surana (Sunita)", "filerRelation": "UNREPORTED", "moneyText": "", "startDate": "2019-06-29", "ownership": "D"}, {"maxAge": 1, "shares": 1710990, "filerUrl": "", "transactionText": "", "filerName": "Surana (G M)", "filerRelation": "Chairman Emeritus", "moneyText": "", "startDate": "2019-06-29", "ownership": "D"}, {"maxAge": 1, "shares": 855495, "filerUrl": "", "transactionText": "", "filerName": "Surana (Namrata)", "filerRelation": "UNREPORTED", "moneyText": "", "startDate": "2019-06-29", "ownership": "D"}], "maxAge": 1}, "quoteType": {"exchange": "BSE", "quoteType": "EQUITY", "symbol": "BHAGYAPROP.BO", "underlyingSymbol": "BHAGYAPROP.BO", "shortName": "Bhagyanagar Properties Ltd", "longName": "Bhagyanagar Properties Limited", "firstTradeDateEpochUtc": "2017-07-20 09:15:00", "timeZoneFullName": "Asia/Kolkata", "timeZoneShortName": "IST", "uuid": "f973e3fb-4753-32ed-9a00-d6c3c57f6415", "messageBoardId": null, "gmtOffSetMilliseconds": 19800000, "maxAge": 1}, "incomeStatementHistory": {"incomeStatementHistory": [{"maxAge": 1, "endDate": "2020-03-31", "totalRevenue": 143147514, "costOfRevenue": 0, "grossProfit": 143147514, "researchDevelopment": {}, "sellingGeneralAdministrative": 7210432, "nonRecurring": {}, "otherOperatingExpenses": 34319679, "totalOperatingExpenses": 43254736, "operatingIncome": 99892778, "totalOtherIncomeExpenseNet": 3954451, "ebit": 99892778, "interestExpense": -17372833, "incomeBeforeTax": 103847229, "incomeTaxExpense": 6953280, "minorityInterest": 9837566, "netIncomeFromContinuingOps": 96893949, "discontinuedOperations": {}, "extraordinaryItems": {}, "effectOfAccountingCharges": {}, "otherItems": {}, "netIncome": 96193793, "netIncomeApplicableToCommonShares": 96193793}, {"maxAge": 1, "endDate": "2019-03-31", "totalRevenue": 90586675, "costOfRevenue": 0, "grossProfit": 90586675, "researchDevelopment": {}, "sellingGeneralAdministrative": 6143221, "nonRecurring": {}, "otherOperatingExpenses": 20286282, "totalOperatingExpenses": 26853166, "operatingIncome": 63733509, "totalOtherIncomeExpenseNet": 3139777, "ebit": 63733509, "interestExpense": -27173, "incomeBeforeTax": 66873286, "incomeTaxExpense": 1563368, "minorityInterest": 9137410, "netIncomeFromContinuingOps": 65309918, "discontinuedOperations": {}, "extraordinaryItems": {}, "effectOfAccountingCharges": {}, "otherItems": {}, "netIncome": 65337778, "netIncomeApplicableToCommonShares": 65337778}, {"maxAge": 1, "endDate": "2018-03-31", "totalRevenue": 8649428, "costOfRevenue": 0, "grossProfit": 8649428, "researchDevelopment": {}, "sellingGeneralAdministrative": 5106849, "nonRecurring": {}, "otherOperatingExpenses": 2688651, "totalOperatingExpenses": 7948861, "operatingIncome": 700567, "totalOtherIncomeExpenseNet": 5394775, "ebit": 700567, "interestExpense": -208790, "incomeBeforeTax": 6095342, "incomeTaxExpense": 1174563, "minorityInterest": 9165270, "netIncomeFromContinuingOps": 4920779, "discontinuedOperations": {}, "extraordinaryItems": {}, "effectOfAccountingCharges": {}, "otherItems": {}, "netIncome": 4964861, "netIncomeApplicableToCommonShares": 4964861}, {"maxAge": 1, "endDate": "2017-03-31", "totalRevenue": 24886881, "costOfRevenue": 0, "grossProfit": 24886881, "researchDevelopment": {}, "sellingGeneralAdministrative": 2401039, "nonRecurring": {}, "otherOperatingExpenses": 8290865, "totalOperatingExpenses": 10920533, "operatingIncome": 13966348, "totalOtherIncomeExpenseNet": -162221, "ebit": 13966348, "interestExpense": -173796, "incomeBeforeTax": 13804127, "incomeTaxExpense": 2667250, "minorityInterest": 9209352, "netIncomeFromContinuingOps": 11136877, "discontinuedOperations": {}, "extraordinaryItems": {}, "effectOfAccountingCharges": {}, "otherItems": {}, "netIncome": 11173071, "netIncomeApplicableToCommonShares": 11173071}], "maxAge": 86400}, "fundOwnership": {"maxAge": 1, "ownershipList": []}, "summaryDetail": {"maxAge": 1, "priceHint": 2, "previousClose": 28.0, "open": 26.85, "dayLow": 26.0, "dayHigh": 32.3, "regularMarketPreviousClose": 28.0, "regularMarketOpen": 26.85, "regularMarketDayLow": 26.0, "regularMarketDayHigh": 32.3, "trailingPE": 8.696375, "volume": 6307, "regularMarketVolume": 6307, "averageVolume": 6354, "averageVolume10days": 4165, "averageDailyVolume10Day": 4165, "bid": 26.15, "ask": 27.4, "bidSize": 0, "askSize": 0, "marketCap": 836669248, "fiftyTwoWeekLow": 16.55, "fiftyTwoWeekHigh": 32.3, "fiftyDayAverage": 25.134285, "twoHundredDayAverage": 23.346716, "currency": "INR", "fromCurrency": null, "toCurrency": null, "lastMarket": null, "algorithm": null, "tradeable": false}, "incomeStatementHistoryQuarterly": {"incomeStatementHistory": [{"maxAge": 1, "endDate": "2020-06-30", "totalRevenue": 10118000, "costOfRevenue": 0, "grossProfit": 10118000, "researchDevelopment": {}, "sellingGeneralAdministrative": 1617000, "nonRecurring": {}, "otherOperatingExpenses": 5002000, "totalOperatingExpenses": 7087000, "operatingIncome": 3031000, "totalOtherIncomeExpenseNet": -4744000, "ebit": 3031000, "interestExpense": -4744000, "incomeBeforeTax": -1713000, "incomeTaxExpense": 223000, "minorityInterest": {}, "netIncomeFromContinuingOps": -1936000, "discontinuedOperations": {}, "extraordinaryItems": {}, "effectOfAccountingCharges": {}, "otherItems": {}, "netIncome": -2239000, "netIncomeApplicableToCommonShares": -2239000}, {"maxAge": 1, "endDate": "2020-03-31", "totalRevenue": 33986514, "costOfRevenue": 0, "grossProfit": 33986514, "researchDevelopment": {}, "sellingGeneralAdministrative": 2735432, "nonRecurring": {}, "otherOperatingExpenses": 11585679, "totalOperatingExpenses": 14816736, "operatingIncome": 19169778, "totalOtherIncomeExpenseNet": -2766549, "ebit": 19169778, "interestExpense": -2635833, "incomeBeforeTax": 16403229, "incomeTaxExpense": -9177720, "minorityInterest": 9837566, "netIncomeFromContinuingOps": 25580949, "discontinuedOperations": {}, "extraordinaryItems": {}, "effectOfAccountingCharges": {}, "otherItems": {}, "netIncome": 25884793, "netIncomeApplicableToCommonShares": 25884793}, {"maxAge": 1, "endDate": "2019-12-31", "totalRevenue": 9877000, "costOfRevenue": 0, "grossProfit": 9877000, "researchDevelopment": {}, "sellingGeneralAdministrative": 1725000, "nonRecurring": {}, "otherOperatingExpenses": 7691000, "totalOperatingExpenses": 9907000, "operatingIncome": -30000, "totalOtherIncomeExpenseNet": 13403000, "ebit": -30000, "interestExpense": -7601000, "incomeBeforeTax": 13373000, "incomeTaxExpense": 1317000, "minorityInterest": 9837566, "netIncomeFromContinuingOps": 12056000, "discontinuedOperations": {}, "extraordinaryItems": {}, "effectOfAccountingCharges": {}, "otherItems": {}, "netIncome": 11798000, "netIncomeApplicableToCommonShares": 11798000}, {"maxAge": 1, "endDate": "2019-09-30", "totalRevenue": 69108000, "costOfRevenue": 0, "grossProfit": 69108000, "researchDevelopment": {}, "sellingGeneralAdministrative": 1364000, "nonRecurring": {}, "otherOperatingExpenses": 6825000, "totalOperatingExpenses": 8542000, "operatingIncome": 60566000, "totalOtherIncomeExpenseNet": -4013000, "ebit": 60566000, "interestExpense": -4305000, "incomeBeforeTax": 56553000, "incomeTaxExpense": 11287000, "minorityInterest": 9883000, "netIncomeFromContinuingOps": 45266000, "discontinuedOperations": {}, "extraordinaryItems": {}, "effectOfAccountingCharges": {}, "otherItems": {}, "netIncome": 44465000, "netIncomeApplicableToCommonShares": 44465000}], "maxAge": 86400}, "cashflowStatementHistoryQuarterly": {"cashflowStatements": [{"maxAge": 1, "endDate": "2020-06-30", "netIncome": -2239000, "changeToLiabilities": 0}, {"maxAge": 1, "endDate": "2020-03-31", "netIncome": 25884793, "changeToLiabilities": 0}, {"maxAge": 1, "endDate": "2019-12-31", "netIncome": 11798000, "changeToLiabilities": 0}, {"maxAge": 1, "endDate": "2019-09-30", "netIncome": 44465000, "changeToLiabilities": 0}], "maxAge": 86400}, "insiderHolders": {"holders": [{"maxAge": 1, "name": "Surana (G M)", "relation": "Chairman Emeritus", "url": "", "transactionDescription": "Gift", "latestTransDate": "2019-06-29", "positionDirect": 0, "positionDirectDate": "2019-06-29"}, {"maxAge": 1, "name": "Surana (Namrata)", "relation": "UNREPORTED", "url": "", "transactionDescription": "Gift", "latestTransDate": "2019-06-29", "positionDirect": 2725837, "positionDirectDate": "2019-06-29"}, {"maxAge": 1, "name": "Surana (Sunita)", "relation": "UNREPORTED", "url": "", "transactionDescription": "Sale", "latestTransDate": "2019-06-29", "positionDirect": 2497133, "positionDirectDate": "2019-06-29"}], "maxAge": 1}, "calendarEvents": {"maxAge": 1, "earnings": {"earningsDate": []}}, "price": {"maxAge": 1, "regularMarketChangePercent": -0.06607144, "regularMarketChange": -1.8500004, "regularMarketTime": "2021-04-30 15:06:24", "priceHint": 2, "regularMarketPrice": 26.15, "regularMarketDayHigh": 32.3, "regularMarketDayLow": 26.0, "regularMarketVolume": 6307, "averageDailyVolume10Day": 4165, "averageDailyVolume3Month": 6354, "regularMarketPreviousClose": 28.0, "regularMarketSource": "FREE_REALTIME", "regularMarketOpen": 26.85, "exchange": "BSE", "exchangeName": "BSE", "exchangeDataDelayedBy": 0, "marketState": "CLOSED", "quoteType": "EQUITY", "symbol": "BHAGYAPROP.BO", "underlyingSymbol": null, "shortName": "Bhagyanagar Properties Ltd", "longName": "Bhagyanagar Properties Limited", "currency": "INR", "quoteSourceName": "Delayed Quote", "currencySymbol": "\u20b9", "fromCurrency": null, "toCurrency": null, "lastMarket": null, "marketCap": 836669248}, "balanceSheetHistory": {"balanceSheetStatements": [{"maxAge": 1, "endDate": "2020-03-31", "cash": 1656828, "netReceivables": 6207603, "otherCurrentAssets": 61571684, "totalCurrentAssets": 69436115, "propertyPlantEquipment": 795520635, "otherAssets": 575042891, "totalAssets": 1439999641, "accountsPayable": 4783980, "shortLongTermDebt": 6624058, "otherCurrentLiab": 48629769, "longTermDebt": 179736826, "otherLiab": 13759925, "minorityInterest": 9837566, "totalCurrentLiabilities": 73561312, "totalLiab": 267058063, "commonStock": 63990000, "retainedEarnings": 1099114012, "totalStockholderEquity": 1163104012, "netTangibleAssets": 1163104012}, {"maxAge": 1, "endDate": "2019-03-31", "cash": 50700563, "netReceivables": 4601148, "otherCurrentAssets": 18061769, "totalCurrentAssets": 73363480, "propertyPlantEquipment": 948028759, "otherAssets": 81463697, "totalAssets": 1102855936, "accountsPayable": 1127474, "shortLongTermDebt": 1751669, "otherCurrentLiab": 40679574, "longTermDebt": 59737371, "otherLiab": 18692974, "minorityInterest": 9137410, "totalCurrentLiabilities": 46236550, "totalLiab": 124666895, "commonStock": 63990000, "retainedEarnings": 905061631, "totalStockholderEquity": 969051631, "netTangibleAssets": 969051631}, {"maxAge": 1, "endDate": "2018-03-31", "cash": 923594, "netReceivables": 3070244, "otherCurrentAssets": 3075065, "totalCurrentAssets": 7068903, "propertyPlantEquipment": 1009430027, "otherAssets": 75176940, "totalAssets": 1091675870, "otherCurrentLiab": 34313749, "longTermDebt": 43016124, "otherLiab": 3149363, "minorityInterest": 9165270, "totalCurrentLiabilities": 34680922, "totalLiab": 80846409, "commonStock": 63990000, "retainedEarnings": 937674191, "totalStockholderEquity": 1001664191, "netTangibleAssets": 1001664191}, {"maxAge": 1, "endDate": "2017-03-31", "cash": 168662, "netReceivables": 329456, "otherCurrentAssets": 44828185, "totalCurrentAssets": 45326303, "propertyPlantEquipment": 1008077796, "otherAssets": 35010417, "totalAssets": 1088414516, "otherCurrentLiab": 34390840, "longTermDebt": 43016124, "otherLiab": 2427559, "minorityInterest": 9209352, "totalCurrentLiabilities": 39877990, "totalLiab": 85321673, "commonStock": 63990000, "retainedEarnings": 929893491, "totalStockholderEquity": 993883491, "netTangibleAssets": 993883491}], "maxAge": 86400}, "financialData": {"maxAge": 86400, "currentPrice": 26.15, "recommendationKey": "none", "grossProfits": 143147514, "financialCurrency": "INR"}}}