{"BHARATWIRE.NS": {"assetProfile": {"address1": "A-701, Trade World Building", "address2": "Kamala Mills Senapati Bapat Marg Lower Parel (West)", "city": "Mumbai", "zip": "400013", "country": "India", "phone": "91 22 6682 4600", "fax": "91 22 6682 4666", "website": "http://www.bharatwireropes.com", "industry": "Steel", "sector": "Basic Materials", "longBusinessSummary": "Bharat Wire Ropes Limited manufactures and sells steel wire ropes in India. It offers wires, wire ropes, stranded wires, and slings, as well as mechanically spliced slings, hand spliced slings, earth wires, stay wires, guy wires, and spiral strands for use in oil and gas, mining, fishing, ports and marine, elevator, power transmission, railways, construction, infrastructure, defense, crane manufacturing, and other industries. The company serves consumers, private clients, and defense segment clients, as well as for government and semi-government organizations. Bharat Wire Ropes Limited also exports its products to the United States, Singapore, Australia, South Africa, Kuwait, New Zealand, Vietnam, Bangladesh, and Nepal. The company was formerly known as Bharat Ropes Limited and changed its name to Bharat Wire Ropes Limited in July 1996. Bharat Wire Ropes Limited was founded in 1986 and is based in Mumbai, India.", "fullTimeEmployees": 510, "companyOfficers": [{"maxAge": 1, "name": "Mr. Mahender Singh Arora", "title": "Chief Exec. Officer", "exercisedValue": 0, "unexercisedValue": 0}, {"maxAge": 1, "name": "Mr. Rakesh Kumar Jain", "age": 62, "title": "Chief Financial Officer", "yearBorn": 1958, "exercisedValue": 0, "unexercisedValue": 0}, {"maxAge": 1, "name": "Mr. Murarilal Ramsukh Mittal", "age": 62, "title": "MD & Exec. Director", "yearBorn": 1958, "exercisedValue": 0, "unexercisedValue": 0}, {"maxAge": 1, "name": "Mr. Venkateswararao Laxmanamurty Kandikuppa", "age": 55, "title": "Whole Time Director", "yearBorn": 1965, "exercisedValue": 0, "unexercisedValue": 0}, {"maxAge": 1, "name": "Mr. Sumit Kumar Modak", "age": 67, "title": "Project Head of Chalisgaon Plant & Whole Time Director", "yearBorn": 1953, "exercisedValue": 0, "unexercisedValue": 0}, {"maxAge": 1, "name": "Mr. Mayank Murarilal Mittal", "age": 34, "title": "Joint MD & Additional Director", "yearBorn": 1986, "exercisedValue": 0, "unexercisedValue": 0}, {"maxAge": 1, "name": "Mr. Sharwan Kumar Mittal", "age": 73, "title": "Director of Admin.", "yearBorn": 1947, "fiscalYear": 2015, "totalPay": 900000, "exercisedValue": 0, "unexercisedValue": 0}, {"maxAge": 1, "name": "Mrs. Sneha  Shanbag", "age": 60, "title": "VP of Marketing", "yearBorn": 1960, "exercisedValue": 0, "unexercisedValue": 0}, {"maxAge": 1, "name": "Mr. Surendra Bahadur Singh", "age": 64, "title": "Deputy Gen. Mang. of Human Resource & Admin.", "yearBorn": 1956, "exercisedValue": 0, "unexercisedValue": 0}, {"maxAge": 1, "name": "Mr. Jayanta  Paral", "age": 53, "title": "Sr. VP of Chalisgaon Plant Operations", "yearBorn": 1967, "exercisedValue": 0, "unexercisedValue": 0}], "compensationAsOfEpochDate": "2015-12-31 05:30:00", "maxAge": 86400}, "cashflowStatementHistory": {"cashflowStatements": [{"maxAge": 1, "endDate": "2020-03-31", "netIncome": -609577000, "depreciation": 217900000, "changeToNetincome": 689649000, "changeToAccountReceivables": 67828000, "changeToLiabilities": -209587000, "changeToInventory": 112112000, "changeToOperatingActivities": 1240181000, "totalCashFromOperatingActivities": 1509034000, "capitalExpenditures": -2748000, "totalCashflowsFromInvestingActivities": -2498000, "netBorrowings": -621758000, "otherCashflowsFromFinancingActivities": -894695000, "totalCashFromFinancingActivities": -1516453000, "changeInCash": -9917000}, {"maxAge": 1, "endDate": "2019-03-31", "netIncome": -445558000, "depreciation": 210632000, "changeToNetincome": 440946000, "changeToAccountReceivables": -129414000, "changeToLiabilities": -56665000, "changeToInventory": -154075000, "changeToOperatingActivities": 961821000, "totalCashFromOperatingActivities": 827717000, "capitalExpenditures": -143580000, "totalCashflowsFromInvestingActivities": -143380000, "netBorrowings": -170660000, "otherCashflowsFromFinancingActivities": -726292000, "totalCashFromFinancingActivities": -896952000, "changeInCash": -212615000}, {"maxAge": 1, "endDate": "2018-03-31", "netIncome": 2491000, "depreciation": 123861000, "changeToNetincome": 279845000, "changeToAccountReceivables": -62974000, "changeToLiabilities": 178544000, "changeToInventory": -297427000, "changeToOperatingActivities": 94273000, "totalCashFromOperatingActivities": 318613000, "capitalExpenditures": -2385857000, "otherCashflowsFromInvestingActivities": 1399283000, "totalCashflowsFromInvestingActivities": -984154000, "netBorrowings": 1150133000, "otherCashflowsFromFinancingActivities": -251843000, "totalCashFromFinancingActivities": 898290000, "changeInCash": 232749000}, {"maxAge": 1, "endDate": "2017-03-31", "netIncome": 24402000, "depreciation": 38460000, "changeToNetincome": 1885000, "changeToAccountReceivables": -475000, "changeToLiabilities": 77189000, "changeToInventory": -92893000, "changeToOperatingActivities": 121150000, "totalCashFromOperatingActivities": 170110000, "capitalExpenditures": -2802692000, "otherCashflowsFromInvestingActivities": 176929000, "totalCashflowsFromInvestingActivities": -2587887000, "netBorrowings": 1748734000, "otherCashflowsFromFinancingActivities": -25419000, "totalCashFromFinancingActivities": 1723315000, "changeInCash": -694463000}], "maxAge": 86400}, "institutionOwnership": {"maxAge": 1, "ownershipList": []}, "majorHoldersBreakdown": {"maxAge": 1, "insidersPercentHeld": 0.83283997, "institutionsPercentHeld": 0.0, "institutionsFloatPercentHeld": 0.0, "institutionsCount": 0}, "balanceSheetHistoryQuarterly": {"balanceSheetStatements": [{"maxAge": 1, "endDate": "2020-12-31", "totalStockholderEquity": 75117000, "netTangibleAssets": 72840000}, {"maxAge": 1, "endDate": "2020-09-30", "cash": 79813000, "shortTermInvestments": 16566000, "netReceivables": 394060000, "inventory": 561958000, "otherCurrentAssets": 485517000, "totalCurrentAssets": 1537914000, "propertyPlantEquipment": 5279032000, "intangibleAssets": 2277000, "otherAssets": 706469000, "deferredLongTermAssetCharges": 578840000, "totalAssets": 7525692000, "accountsPayable": 42002000, "shortLongTermDebt": 3635336000, "otherCurrentLiab": 175926000, "longTermDebt": 2267064000, "otherLiab": 49715000, "totalCurrentLiabilities": 5133796000, "totalLiab": 7450575000, "commonStock": 449522000, "treasuryStock": -374405000, "otherStockholderEquity": -374405000, "totalStockholderEquity": 75117000, "netTangibleAssets": 72840000}, {"maxAge": 1, "endDate": "2020-06-30", "totalStockholderEquity": 390551000, "netTangibleAssets": 388335000}, {"maxAge": 1, "endDate": "2020-03-31", "cash": 27806000, "shortTermInvestments": 5263000, "netReceivables": 295881000, "inventory": 776504000, "otherCurrentAssets": 430457000, "totalCurrentAssets": 1539883000, "propertyPlantEquipment": 5389448000, "intangibleAssets": 2216000, "otherAssets": 591679000, "deferredLongTermAssetCharges": 464148000, "totalAssets": 7523226000, "accountsPayable": 108078000, "shortLongTermDebt": 2681064000, "otherCurrentLiab": 147079000, "longTermDebt": 2785053000, "otherLiab": 49715000, "totalCurrentLiabilities": 4297907000, "totalLiab": 7132675000, "commonStock": 449522000, "retainedEarnings": -914630000, "treasuryStock": 41479000, "capitalSurplus": 814180000, "otherStockholderEquity": 41479000, "totalStockholderEquity": 390551000, "netTangibleAssets": 388335000}], "maxAge": 86400}, "indexTrend": {"maxAge": 1, "symbol": "SP5", "peRatio": 19.7411, "pegRatio": 1.34172, "estimates": [{"period": "0q", "growth": 0.549}, {"period": "+1q", "growth": 0.431}, {"period": "0y", "growth": 0.305}, {"period": "+1y", "growth": 0.109}, {"period": "+5y", "growth": 0.120865}, {"period": "-5y"}]}, "defaultKeyStatistics": {"maxAge": 1, "priceHint": 2, "enterpriseValue": 9185568768, "profitMargins": -0.22383, "floatShares": 16083183, "sharesOutstanding": 62573200, "heldPercentInsiders": 0.83283997, "heldPercentInstitutions": 0.0, "beta": 1.893578, "category": null, "bookValue": 1.668, "priceToBook": 27.997602, "fundFamily": null, "legalType": null, "lastFiscalYearEnd": "2020-03-31 05:30:00", "nextFiscalYearEnd": "2022-03-31 05:30:00", "mostRecentQuarter": "2020-12-31 05:30:00", "netIncomeToCommon": -572518976, "trailingEps": -12.74, "lastSplitFactor": null, "enterpriseToRevenue": 3.591, "enterpriseToEbitda": 24.079, "52WeekChange": 1.7880597, "SandP52WeekChange": 0.48148263}, "summaryProfile": {"address1": "A-701, Trade World Building", "address2": "Kamala Mills Senapati Bapat Marg Lower Parel (West)", "city": "Mumbai", "zip": "400013", "country": "India", "phone": "91 22 6682 4600", "fax": "91 22 6682 4666", "website": "http://www.bharatwireropes.com", "industry": "Steel", "sector": "Basic Materials", "longBusinessSummary": "Bharat Wire Ropes Limited manufactures and sells steel wire ropes in India. It offers wires, wire ropes, stranded wires, and slings, as well as mechanically spliced slings, hand spliced slings, earth wires, stay wires, guy wires, and spiral strands for use in oil and gas, mining, fishing, ports and marine, elevator, power transmission, railways, construction, infrastructure, defense, crane manufacturing, and other industries. The company serves consumers, private clients, and defense segment clients, as well as for government and semi-government organizations. Bharat Wire Ropes Limited also exports its products to the United States, Singapore, Australia, South Africa, Kuwait, New Zealand, Vietnam, Bangladesh, and Nepal. The company was formerly known as Bharat Ropes Limited and changed its name to Bharat Wire Ropes Limited in July 1996. Bharat Wire Ropes Limited was founded in 1986 and is based in Mumbai, India.", "fullTimeEmployees": 510, "companyOfficers": [], "maxAge": 86400}, "netSharePurchaseActivity": {"maxAge": 1, "period": "6m", "buyInfoCount": 0, "buyInfoShares": 0, "sellInfoCount": 0, "netInfoCount": 0, "netInfoShares": 0, "netPercentInsiderShares": 0.0, "totalInsiderShares": 37481368}, "insiderTransactions": {"transactions": [{"maxAge": 1, "shares": 0, "filerUrl": "", "transactionText": "", "filerName": "Sharda (Sushil Radheyshyam)", "filerRelation": "UNREPORTED", "moneyText": "", "startDate": "2021-03-31", "ownership": "I"}, {"maxAge": 1, "shares": 0, "filerUrl": "", "transactionText": "", "filerName": "Mittal (Mayank Murarilal)", "filerRelation": "Additonal Director", "moneyText": "", "startDate": "2021-03-31", "ownership": "I"}, {"maxAge": 1, "shares": 0, "filerUrl": "", "transactionText": "", "filerName": "Arora (Saina)", "filerRelation": "UNREPORTED", "moneyText": "", "startDate": "2021-03-31", "ownership": "I"}, {"maxAge": 1, "shares": 0, "filerUrl": "", "transactionText": "", "filerName": "Mittal (Manan)", "filerRelation": "Promoter", "moneyText": "", "startDate": "2021-03-31", "ownership": "I"}, {"maxAge": 1, "shares": 0, "filerUrl": "", "transactionText": "", "filerName": "Mittal (Murarilal)", "filerRelation": "Managing Director", "moneyText": "", "startDate": "2021-03-31", "ownership": "I"}, {"maxAge": 1, "shares": 50000, "value": 15040, "filerUrl": "", "transactionText": "Other at price 0.30 per share.", "filerName": "Intensive Softshare Pvt. Ltd.", "filerRelation": "UNREPORTED", "moneyText": "", "startDate": "2021-03-31", "ownership": "D"}, {"maxAge": 1, "shares": 0, "filerUrl": "", "transactionText": "", "filerName": "Arora (Yash)", "filerRelation": "UNREPORTED", "moneyText": "", "startDate": "2021-03-31", "ownership": "I"}, {"maxAge": 1, "shares": 0, "filerUrl": "", "transactionText": "", "filerName": "Mittal (Usha Murarilal)", "filerRelation": "Promoter", "moneyText": "", "startDate": "2021-03-31", "ownership": "I"}, {"maxAge": 1, "shares": 5550000, "value": 1669440, "filerUrl": "", "transactionText": "Other at price 0.30 per share.", "filerName": "Dangi (Alpana S)", "filerRelation": "Promoter", "moneyText": "", "startDate": "2021-03-31", "ownership": "D"}, {"maxAge": 1, "shares": 1150000, "value": 344425, "filerUrl": "", "transactionText": "Other at price 0.30 per share.", "filerName": "Mittal (Usha Murarilal)", "filerRelation": "Promoter", "moneyText": "", "startDate": "2021-03-30", "ownership": "D"}, {"maxAge": 1, "shares": 25000, "value": 7487, "filerUrl": "", "transactionText": "Other at price 0.30 per share.", "filerName": "Arora (Yash)", "filerRelation": "UNREPORTED", "moneyText": "", "startDate": "2021-03-30", "ownership": "D"}, {"maxAge": 1, "shares": 1600000, "value": 479200, "filerUrl": "", "transactionText": "Other at price 0.30 per share.", "filerName": "Mittal (Manan)", "filerRelation": "Promoter", "moneyText": "", "startDate": "2021-03-30", "ownership": "D"}, {"maxAge": 1, "shares": 1263636, "value": 378458, "filerUrl": "", "transactionText": "Other at price 0.30 per share.", "filerName": "Mittal (Murarilal)", "filerRelation": "Promoter", "moneyText": "", "startDate": "2021-03-30", "ownership": "D"}, {"maxAge": 1, "shares": 100000, "value": 29950, "filerUrl": "", "transactionText": "Other at price 0.30 per share.", "filerName": "Sharda (Sushil Radheyshyam)", "filerRelation": "UNREPORTED", "moneyText": "", "startDate": "2021-03-30", "ownership": "D"}, {"maxAge": 1, "shares": 25000, "value": 7487, "filerUrl": "", "transactionText": "Other at price 0.30 per share.", "filerName": "Arora (Saina)", "filerRelation": "UNREPORTED", "moneyText": "", "startDate": "2021-03-30", "ownership": "D"}, {"maxAge": 1, "shares": 1600000, "value": 479200, "filerUrl": "", "transactionText": "Other at price 0.30 per share.", "filerName": "Mittal (Mayank Murarilal)", "filerRelation": "Promoter", "moneyText": "", "startDate": "2021-03-30", "ownership": "D"}, {"maxAge": 1, "shares": 8484042, "filerUrl": "", "transactionText": "", "filerName": "Authum Investments & Infrastructure", "filerRelation": "Promoter", "moneyText": "", "startDate": "2020-01-02", "ownership": "D"}, {"maxAge": 1, "shares": 9405000, "filerUrl": "", "transactionText": "", "filerName": "Gaji Mercantiles Pvt. Ltd.", "filerRelation": "Promoter", "moneyText": "", "startDate": "2017-05-02", "ownership": "D"}, {"maxAge": 1, "shares": 5470, "filerUrl": "", "transactionText": "", "filerName": "Arora (Mahender Singh)", "filerRelation": "Chief Executive Officer", "moneyText": "", "startDate": "2017-01-12", "ownership": "D"}, {"maxAge": 1, "shares": 5501, "filerUrl": "", "transactionText": "", "filerName": "Arora (Mahender Singh)", "filerRelation": "Chief Executive Officer", "moneyText": "", "startDate": "2017-01-12", "ownership": "D"}, {"maxAge": 1, "shares": 10499, "filerUrl": "", "transactionText": "", "filerName": "Arora (Mahender Singh)", "filerRelation": "Chief Executive Officer", "moneyText": "", "startDate": "2017-01-12", "ownership": "D"}, {"maxAge": 1, "shares": 5000, "filerUrl": "", "transactionText": "", "filerName": "Arora (Mahender Singh)", "filerRelation": "Chief Executive Officer", "moneyText": "", "startDate": "2017-01-10", "ownership": "D"}, {"maxAge": 1, "shares": 10000, "filerUrl": "", "transactionText": "", "filerName": "Arora (Mahender Singh)", "filerRelation": "Chief Executive Officer", "moneyText": "", "startDate": "2017-01-10", "ownership": "D"}, {"maxAge": 1, "shares": 10115, "filerUrl": "", "transactionText": "", "filerName": "Arora (Mahender Singh)", "filerRelation": "Chief Executive Officer", "moneyText": "", "startDate": "2017-01-09", "ownership": "D"}, {"maxAge": 1, "shares": 10144, "filerUrl": "", "transactionText": "", "filerName": "Arora (Mahender Singh)", "filerRelation": "Chief Executive Officer", "moneyText": "", "startDate": "2017-01-05", "ownership": "D"}, {"maxAge": 1, "shares": 146, "filerUrl": "", "transactionText": "", "filerName": "Arora (Mahender Singh)", "filerRelation": "Chief Executive Officer", "moneyText": "", "startDate": "2017-01-02", "ownership": "D"}, {"maxAge": 1, "shares": 9445, "filerUrl": "", "transactionText": "", "filerName": "Arora (Mahender Singh)", "filerRelation": "Chief Executive Officer", "moneyText": "", "startDate": "2017-01-02", "ownership": "D"}, {"maxAge": 1, "shares": 359, "filerUrl": "", "transactionText": "", "filerName": "Arora (Mahender Singh)", "filerRelation": "Chief Executive Officer", "moneyText": "", "startDate": "2017-01-02", "ownership": "D"}, {"maxAge": 1, "shares": 50, "filerUrl": "", "transactionText": "", "filerName": "Arora (Mahender Singh)", "filerRelation": "Chief Executive Officer", "moneyText": "", "startDate": "2017-01-02", "ownership": "D"}, {"maxAge": 1, "shares": 100000, "filerUrl": "", "transactionText": "", "filerName": "Mittal (Mayank Murarilal)", "filerRelation": "Director", "moneyText": "", "startDate": "2016-05-13", "ownership": "D"}, {"maxAge": 1, "shares": 400000, "filerUrl": "", "transactionText": "", "filerName": "Gyan Shankar Investment & Trading Company Pvt. Ltd.", "filerRelation": "Promoter", "moneyText": "", "startDate": "2016-05-11", "ownership": "D"}, {"maxAge": 1, "shares": 30000, "filerUrl": "", "transactionText": "", "filerName": "Gyan Shankar Investment & Trading Company Pvt. Ltd.", "filerRelation": "Promoter", "moneyText": "", "startDate": "2016-05-02", "ownership": "D"}, {"maxAge": 1, "shares": 1184369, "filerUrl": "", "transactionText": "", "filerName": "Gyan Shankar Investment & Trading Company Pvt. Ltd.", "filerRelation": "Promoter", "moneyText": "", "startDate": "2016-04-12", "ownership": "D"}], "maxAge": 1}, "quoteType": {"exchange": "NSI", "quoteType": "EQUITY", "symbol": "BHARATWIRE.NS", "underlyingSymbol": "BHARATWIRE.NS", "shortName": "BHARAT WIRE ROPES", "longName": "Bharat Wire Ropes Limited", "firstTradeDateEpochUtc": "2016-04-01 09:15:00", "timeZoneFullName": "Asia/Kolkata", "timeZoneShortName": "IST", "uuid": "b0a9f523-19bc-3013-b2b7-a8155031d8e6", "messageBoardId": "finmb_109021203", "gmtOffSetMilliseconds": 19800000, "maxAge": 1}, "incomeStatementHistory": {"incomeStatementHistory": [{"maxAge": 1, "endDate": "2020-03-31", "totalRevenue": 2577147000, "costOfRevenue": 1640136000, "grossProfit": 937011000, "researchDevelopment": {}, "sellingGeneralAdministrative": 316451000, "nonRecurring": {}, "otherOperatingExpenses": 330952000, "totalOperatingExpenses": 2505584000, "operatingIncome": 71563000, "totalOtherIncomeExpenseNet": -891580000, "ebit": 71563000, "interestExpense": -890236000, "incomeBeforeTax": -820017000, "incomeTaxExpense": -210440000, "minorityInterest": {}, "netIncomeFromContinuingOps": -609577000, "discontinuedOperations": {}, "extraordinaryItems": {}, "effectOfAccountingCharges": {}, "otherItems": {}, "netIncome": -609577000, "netIncomeApplicableToCommonShares": -609577000}, {"maxAge": 1, "endDate": "2019-03-31", "totalRevenue": 2406387000, "costOfRevenue": 1530099000, "grossProfit": 876288000, "researchDevelopment": {}, "sellingGeneralAdministrative": 320367000, "nonRecurring": {}, "otherOperatingExpenses": 369069000, "totalOperatingExpenses": 2429812000, "operatingIncome": -23425000, "totalOtherIncomeExpenseNet": -717175000, "ebit": -23425000, "interestExpense": -716200000, "incomeBeforeTax": -740600000, "incomeTaxExpense": -295042000, "minorityInterest": {}, "netIncomeFromContinuingOps": -445558000, "discontinuedOperations": {}, "extraordinaryItems": {}, "effectOfAccountingCharges": {}, "otherItems": {}, "netIncome": -445558000, "netIncomeApplicableToCommonShares": -445558000}, {"maxAge": 1, "endDate": "2018-03-31", "totalRevenue": 1648976000, "costOfRevenue": 1107981000, "grossProfit": 540995000, "researchDevelopment": {}, "sellingGeneralAdministrative": 151881000, "nonRecurring": {}, "otherOperatingExpenses": 212400000, "totalOperatingExpenses": 1595741000, "operatingIncome": 53235000, "totalOtherIncomeExpenseNet": -50183000, "ebit": 53235000, "interestExpense": -220150000, "incomeBeforeTax": 3052000, "incomeTaxExpense": 561000, "minorityInterest": {}, "netIncomeFromContinuingOps": 2491000, "discontinuedOperations": {}, "extraordinaryItems": {}, "effectOfAccountingCharges": {}, "otherItems": {}, "netIncome": 2491000, "netIncomeApplicableToCommonShares": 2491000}, {"maxAge": 1, "endDate": "2017-03-31", "totalRevenue": 648287000, "costOfRevenue": 479376000, "grossProfit": 168911000, "researchDevelopment": {}, "sellingGeneralAdministrative": 69761000, "nonRecurring": {}, "otherOperatingExpenses": 33921000, "totalOperatingExpenses": 621910000, "operatingIncome": 26377000, "totalOtherIncomeExpenseNet": 2830000, "ebit": 26377000, "interestExpense": -22321000, "incomeBeforeTax": 29207000, "incomeTaxExpense": 4805000, "minorityInterest": {}, "netIncomeFromContinuingOps": 24402000, "discontinuedOperations": {}, "extraordinaryItems": {}, "effectOfAccountingCharges": {}, "otherItems": {}, "netIncome": 24402000, "netIncomeApplicableToCommonShares": 24402000}], "maxAge": 86400}, "fundOwnership": {"maxAge": 1, "ownershipList": []}, "summaryDetail": {"maxAge": 1, "priceHint": 2, "previousClose": 45.0, "open": 44.8, "dayLow": 44.0, "dayHigh": 47.25, "regularMarketPreviousClose": 45.0, "regularMarketOpen": 44.8, "regularMarketDayLow": 44.0, "regularMarketDayHigh": 47.25, "payoutRatio": 0.0, "beta": 1.893578, "volume": 39989, "regularMarketVolume": 39989, "averageVolume": 74979, "averageVolume10days": 165398, "averageDailyVolume10Day": 165398, "bid": 0.0, "ask": 0.0, "bidSize": 0, "askSize": 0, "marketCap": 2902685184, "fiftyTwoWeekLow": 15.1, "fiftyTwoWeekHigh": 47.45, "priceToSalesTrailing12Months": 1.1348078, "fiftyDayAverage": 40.128788, "twoHundredDayAverage": 33.436523, "currency": "INR", "fromCurrency": null, "toCurrency": null, "lastMarket": null, "algorithm": null, "tradeable": false}, "incomeStatementHistoryQuarterly": {"incomeStatementHistory": [{"maxAge": 1, "endDate": "2020-12-31", "totalRevenue": 640283000, "costOfRevenue": 378183000, "grossProfit": 262100000, "researchDevelopment": {}, "sellingGeneralAdministrative": 65072000, "nonRecurring": {}, "otherOperatingExpenses": 85026000, "totalOperatingExpenses": 582873000, "operatingIncome": 57410000, "totalOtherIncomeExpenseNet": -239765000, "ebit": 57410000, "interestExpense": -241475000, "incomeBeforeTax": -182355000, "incomeTaxExpense": -45992000, "minorityInterest": {}, "netIncomeFromContinuingOps": -136363000, "discontinuedOperations": {}, "extraordinaryItems": {}, "effectOfAccountingCharges": {}, "otherItems": {}, "netIncome": -136363000, "netIncomeApplicableToCommonShares": -136363000}, {"maxAge": 1, "endDate": "2020-09-30", "totalRevenue": 698882000, "costOfRevenue": 454711000, "grossProfit": 244171000, "researchDevelopment": {}, "sellingGeneralAdministrative": 63128000, "nonRecurring": {}, "otherOperatingExpenses": 81233000, "totalOperatingExpenses": 653674000, "operatingIncome": 45208000, "totalOtherIncomeExpenseNet": -235866000, "ebit": 45208000, "interestExpense": -237009000, "incomeBeforeTax": -190658000, "incomeTaxExpense": -49735000, "minorityInterest": {}, "netIncomeFromContinuingOps": -140923000, "discontinuedOperations": {}, "extraordinaryItems": {}, "effectOfAccountingCharges": {}, "otherItems": {}, "netIncome": -140923000, "netIncomeApplicableToCommonShares": -140923000}, {"maxAge": 1, "endDate": "2020-06-30", "totalRevenue": 472754000, "costOfRevenue": 330710000, "grossProfit": 142044000, "researchDevelopment": {}, "sellingGeneralAdministrative": 41552000, "nonRecurring": {}, "otherOperatingExpenses": 61190000, "totalOperatingExpenses": 487670000, "operatingIncome": -14916000, "totalOtherIncomeExpenseNet": -224552000, "ebit": -14916000, "interestExpense": -225870000, "incomeBeforeTax": -239468000, "incomeTaxExpense": -64957000, "minorityInterest": {}, "netIncomeFromContinuingOps": -174511000, "discontinuedOperations": {}, "extraordinaryItems": {}, "effectOfAccountingCharges": {}, "otherItems": {}, "netIncome": -174511000, "netIncomeApplicableToCommonShares": -174511000}, {"maxAge": 1, "endDate": "2020-03-31", "totalRevenue": 745946000, "costOfRevenue": 455560000, "grossProfit": 290386000, "researchDevelopment": {}, "sellingGeneralAdministrative": 85810000, "nonRecurring": {}, "otherOperatingExpenses": 79342000, "totalOperatingExpenses": 674862000, "operatingIncome": 71084000, "totalOtherIncomeExpenseNet": -234709000, "ebit": 71084000, "interestExpense": -230873000, "incomeBeforeTax": -163625000, "incomeTaxExpense": -42903000, "minorityInterest": {}, "netIncomeFromContinuingOps": -120722000, "discontinuedOperations": {}, "extraordinaryItems": {}, "effectOfAccountingCharges": {}, "otherItems": {}, "netIncome": -120722000, "netIncomeApplicableToCommonShares": -120722000}], "maxAge": 86400}, "cashflowStatementHistoryQuarterly": {"cashflowStatements": [{"maxAge": 1, "endDate": "2020-12-31", "netIncome": -136363000, "changeToLiabilities": 0}, {"maxAge": 1, "endDate": "2020-09-30", "netIncome": -140923000, "changeToLiabilities": 0}, {"maxAge": 1, "endDate": "2020-06-30", "netIncome": -174511000, "changeToLiabilities": 0}, {"maxAge": 1, "endDate": "2020-03-31", "netIncome": -120722000, "changeToLiabilities": 0}], "maxAge": 86400}, "insiderHolders": {"holders": [{"maxAge": 1, "name": "Arora (Saina)", "relation": "UNREPORTED", "url": "", "transactionDescription": "Other", "latestTransDate": "2021-03-31", "positionIndirect": 76259, "positionIndirectDate": 1617148800}, {"maxAge": 1, "name": "Arora (Yash)", "relation": "UNREPORTED", "url": "", "transactionDescription": "Other", "latestTransDate": "2021-03-31", "positionIndirect": 25000, "positionIndirectDate": 1617148800}, {"maxAge": 1, "name": "Authum Investments & Infrastructure", "relation": "Promoter", "url": "", "transactionDescription": "Sale", "latestTransDate": "2020-01-02", "positionDirect": 10763379, "positionDirectDate": "2020-01-02"}, {"maxAge": 1, "name": "Dangi (Alpana S)", "relation": "Promoter", "url": "", "transactionDescription": "Other", "latestTransDate": "2021-03-31", "positionDirect": 5550000, "positionDirectDate": "2021-03-31"}, {"maxAge": 1, "name": "Intensive Softshare Pvt. Ltd.", "relation": "UNREPORTED", "url": "", "transactionDescription": "Other", "latestTransDate": "2021-03-31", "positionDirect": 50000, "positionDirectDate": "2021-03-31"}, {"maxAge": 1, "name": "Mittal (Manan)", "relation": "Promoter", "url": "", "transactionDescription": "Other", "latestTransDate": "2021-03-31", "positionIndirect": 1600000, "positionIndirectDate": 1617148800}, {"maxAge": 1, "name": "Mittal (Mayank Murarilal)", "relation": "Additonal Director", "url": "", "transactionDescription": "Other", "latestTransDate": "2021-03-31", "positionIndirect": 1700001, "positionIndirectDate": 1617148800}, {"maxAge": 1, "name": "Mittal (Murarilal)", "relation": "Managing Director", "url": "", "transactionDescription": "Other", "latestTransDate": "2021-03-31", "positionIndirect": 1263637, "positionIndirectDate": 1617148800}, {"maxAge": 1, "name": "Mittal (Usha Murarilal)", "relation": "Promoter", "url": "", "transactionDescription": "Other", "latestTransDate": "2021-03-31", "positionIndirect": 1150001, "positionIndirectDate": 1617148800}, {"maxAge": 1, "name": "Sharda (Sushil Radheyshyam)", "relation": "UNREPORTED", "url": "", "transactionDescription": "Other", "latestTransDate": "2021-03-31", "positionIndirect": 104501, "positionIndirectDate": 1617148800}], "maxAge": 1}, "calendarEvents": {"maxAge": 1, "earnings": {"earningsDate": []}}, "price": {"maxAge": 1, "regularMarketChangePercent": 0.037777796, "regularMarketChange": 1.7000008, "regularMarketTime": "2021-04-30 15:29:30", "priceHint": 2, "regularMarketPrice": 46.7, "regularMarketDayHigh": 47.25, "regularMarketDayLow": 44.0, "regularMarketVolume": 39989, "averageDailyVolume10Day": 165398, "averageDailyVolume3Month": 74979, "regularMarketPreviousClose": 45.0, "regularMarketSource": "FREE_REALTIME", "regularMarketOpen": 44.8, "exchange": "NSI", "exchangeName": "NSE", "exchangeDataDelayedBy": 15, "marketState": "CLOSED", "quoteType": "EQUITY", "symbol": "BHARATWIRE.NS", "underlyingSymbol": null, "shortName": "BHARAT WIRE ROPES", "longName": "Bharat Wire Ropes Limited", "currency": "INR", "quoteSourceName": "Delayed Quote", "currencySymbol": "\u20b9", "fromCurrency": null, "toCurrency": null, "lastMarket": null, "marketCap": 2902685184}, "balanceSheetHistory": {"balanceSheetStatements": [{"maxAge": 1, "endDate": "2020-03-31", "cash": 27806000, "shortTermInvestments": 5263000, "netReceivables": 295881000, "inventory": 776504000, "otherCurrentAssets": 430457000, "totalCurrentAssets": 1539883000, "propertyPlantEquipment": 5389448000, "intangibleAssets": 2216000, "otherAssets": 591679000, "deferredLongTermAssetCharges": 464148000, "totalAssets": 7523226000, "accountsPayable": 108078000, "shortLongTermDebt": 2681064000, "otherCurrentLiab": 147079000, "longTermDebt": 2785053000, "otherLiab": 49715000, "totalCurrentLiabilities": 4297907000, "totalLiab": 7132675000, "commonStock": 449522000, "retainedEarnings": -914630000, "treasuryStock": 41479000, "capitalSurplus": 814180000, "otherStockholderEquity": 41479000, "totalStockholderEquity": 390551000, "netTangibleAssets": 388335000}, {"maxAge": 1, "endDate": "2019-03-31", "cash": 3403000, "shortTermInvestments": 6457000, "netReceivables": 364659000, "inventory": 888616000, "otherCurrentAssets": 422230000, "totalCurrentAssets": 1692073000, "propertyPlantEquipment": 5606500000, "intangibleAssets": 3421000, "otherAssets": 367210000, "deferredLongTermAssetCharges": 253728000, "totalAssets": 7669204000, "accountsPayable": 317666000, "shortLongTermDebt": 1421153000, "otherCurrentLiab": 134364000, "longTermDebt": 3578154000, "otherLiab": 49869000, "totalCurrentLiabilities": 3044100000, "totalLiab": 6672123000, "commonStock": 449522000, "retainedEarnings": -305034000, "treasuryStock": 38413000, "capitalSurplus": 814180000, "otherStockholderEquity": 38413000, "totalStockholderEquity": 997081000, "netTangibleAssets": 993660000}, {"maxAge": 1, "endDate": "2018-03-31", "cash": 192995000, "shortTermInvestments": 11035000, "netReceivables": 235856000, "inventory": 734540000, "otherCurrentAssets": 418545000, "totalCurrentAssets": 1600402000, "propertyPlantEquipment": 5673449000, "intangibleAssets": 3753000, "otherAssets": 86690000, "totalAssets": 7364294000, "accountsPayable": 374331000, "shortLongTermDebt": 396502000, "otherCurrentLiab": 162402000, "longTermDebt": 4337038000, "otherLiab": 88229000, "totalCurrentLiabilities": 1506169000, "totalLiab": 5931436000, "commonStock": 449522000, "retainedEarnings": 140123000, "treasuryStock": 29033000, "capitalSurplus": 814180000, "otherStockholderEquity": 29033000, "totalStockholderEquity": 1432858000, "netTangibleAssets": 1429105000}, {"maxAge": 1, "endDate": "2017-03-31", "cash": 17864000, "shortTermInvestments": 9240000, "netReceivables": 171153000, "inventory": 437113000, "otherCurrentAssets": 321745000, "totalCurrentAssets": 959495000, "propertyPlantEquipment": 4818610000, "intangibleAssets": 3090000, "otherAssets": 211280000, "totalAssets": 5992475000, "accountsPayable": 195788000, "shortLongTermDebt": 12199000, "otherCurrentLiab": 325073000, "longTermDebt": 3489545000, "otherLiab": 304794000, "totalCurrentLiabilities": 790859000, "totalLiab": 4585198000, "commonStock": 449522000, "retainedEarnings": 138774000, "treasuryStock": 4801000, "capitalSurplus": 814180000, "otherStockholderEquity": 4801000, "totalStockholderEquity": 1407277000, "netTangibleAssets": 1404187000}], "maxAge": 86400}, "financialData": {"maxAge": 86400, "currentPrice": 46.7, "recommendationKey": "none", "totalCash": 96379000, "totalCashPerShare": 2.142, "ebitda": 381469760, "totalDebt": 7180247040, "totalRevenue": 2557864960, "debtToEquity": 9558.751, "revenuePerShare": 56.919, "grossProfits": 937011000, "revenueGrowth": 0.095, "grossMargins": 0.36699, "ebitdaMargins": 0.14913, "operatingMargins": 0.062080003, "profitMargins": -0.22383, "financialCurrency": "INR"}}}