{"BHARATSE.BO": {"recommendationTrend": {"trend": [{"period": "0m", "strongBuy": 0, "buy": 0, "hold": 0, "sell": 0, "strongSell": 0}, {"period": "-1m", "strongBuy": 0, "buy": 0, "hold": 0, "sell": 0, "strongSell": 0}, {"period": "-2m", "strongBuy": 0, "buy": 0, "hold": 0, "sell": 0, "strongSell": 0}, {"period": "-3m", "strongBuy": 0, "buy": 0, "hold": 0, "sell": 0, "strongSell": 0}], "maxAge": 86400}, "cashflowStatementHistory": {"cashflowStatements": [{"maxAge": 1, "endDate": "2020-03-31", "netIncome": 125189000, "depreciation": 221490000, "changeToNetincome": -35798000, "changeToAccountReceivables": 417167000, "changeToLiabilities": -473105000, "changeToInventory": 13166000, "changeToOperatingActivities": 5445000, "totalCashFromOperatingActivities": 276637000, "capitalExpenditures": -341128000, "otherCashflowsFromInvestingActivities": 2150000, "totalCashflowsFromInvestingActivities": -338882000, "dividendsPaid": -31400000, "netBorrowings": 43791000, "otherCashflowsFromFinancingActivities": -38408000, "totalCashFromFinancingActivities": -26017000, "changeInCash": -88262000}, {"maxAge": 1, "endDate": "2019-03-31", "netIncome": 214205000, "depreciation": 203233000, "changeToNetincome": -7397000, "changeToAccountReceivables": 159693000, "changeToLiabilities": -254025000, "changeToInventory": 54933000, "changeToOperatingActivities": -26771000, "totalCashFromOperatingActivities": 346763000, "capitalExpenditures": -247061000, "investments": 2686000, "otherCashflowsFromInvestingActivities": 4123000, "totalCashflowsFromInvestingActivities": -238728000, "dividendsPaid": -31400000, "netBorrowings": 31379000, "otherCashflowsFromFinancingActivities": -36432000, "totalCashFromFinancingActivities": -36453000, "changeInCash": 71582000}, {"maxAge": 1, "endDate": "2018-03-31", "netIncome": 282151000, "depreciation": 188890000, "changeToNetincome": 48125000, "changeToAccountReceivables": 3832000, "changeToLiabilities": 262918000, "changeToInventory": -120062000, "changeToOperatingActivities": 17143000, "totalCashFromOperatingActivities": 685215000, "capitalExpenditures": -230335000, "investments": 2338000, "otherCashflowsFromInvestingActivities": 31000, "totalCashflowsFromInvestingActivities": -225195000, "dividendsPaid": -28260000, "netBorrowings": -373279000, "otherCashflowsFromFinancingActivities": -36713000, "totalCashFromFinancingActivities": -438252000, "changeInCash": 21768000}, {"maxAge": 1, "endDate": "2017-03-31", "netIncome": 121731000, "depreciation": 171034000, "changeToNetincome": 62933000, "changeToAccountReceivables": -113475000, "changeToLiabilities": 172054000, "changeToInventory": -9657000, "changeToOperatingActivities": -20039000, "totalCashFromOperatingActivities": 384581000, "capitalExpenditures": -172575000, "investments": -390000, "otherCashflowsFromInvestingActivities": 31000, "totalCashflowsFromInvestingActivities": -166387000, "dividendsPaid": -28260000, "netBorrowings": -140031000, "otherCashflowsFromFinancingActivities": -48253000, "totalCashFromFinancingActivities": -216544000, "changeInCash": 1650000}], "maxAge": 86400}, "institutionOwnership": {"maxAge": 1, "ownershipList": []}, "balanceSheetHistoryQuarterly": {"balanceSheetStatements": [{"maxAge": 1, "endDate": "2020-06-30", "totalStockholderEquity": 1133065000, "netTangibleAssets": 1123090000}, {"maxAge": 1, "endDate": "2020-03-31", "cash": 7777000, "shortTermInvestments": 2110000, "netReceivables": 360922000, "inventory": 205747000, "otherCurrentAssets": 25625000, "totalCurrentAssets": 618689000, "propertyPlantEquipment": 1714171000, "intangibleAssets": 9975000, "otherAssets": 74180000, "totalAssets": 2417015000, "accountsPayable": 723887000, "shortLongTermDebt": 22279000, "otherCurrentLiab": 46552000, "longTermDebt": 238812000, "otherLiab": 101957000, "totalCurrentLiabilities": 889824000, "totalLiab": 1283950000, "commonStock": 62800000, "retainedEarnings": 1070265000, "totalStockholderEquity": 1133065000, "netTangibleAssets": 1123090000}, {"maxAge": 1, "endDate": "2019-12-31", "totalStockholderEquity": 1116762000, "netTangibleAssets": 1105169000}, {"maxAge": 1, "endDate": "2019-09-30", "cash": 12366000, "shortTermInvestments": 1490000, "netReceivables": 557691000, "inventory": 187849000, "otherCurrentAssets": 15368000, "totalCurrentAssets": 774764000, "propertyPlantEquipment": 1699216000, "intangibleAssets": 11593000, "otherAssets": 72818000, "totalAssets": 2558391000, "accountsPayable": 851711000, "otherCurrentLiab": 59606000, "longTermDebt": 249793000, "otherLiab": 106041000, "totalCurrentLiabilities": 1028336000, "totalLiab": 1441629000, "commonStock": 62800000, "retainedEarnings": 1053962000, "totalStockholderEquity": 1116762000, "netTangibleAssets": 1105169000}], "maxAge": 86400}, "earningsHistory": {"history": [{"maxAge": 1, "epsActual": {}, "epsEstimate": {}, "epsDifference": {}, "surprisePercent": {}, "quarter": {}, "period": "-4q"}, {"maxAge": 1, "epsActual": {}, "epsEstimate": {}, "epsDifference": {}, "surprisePercent": {}, "quarter": {}, "period": "-3q"}, {"maxAge": 1, "epsActual": {}, "epsEstimate": {}, "epsDifference": {}, "surprisePercent": {}, "quarter": {}, "period": "-2q"}, {"maxAge": 1, "epsActual": 2.18, "epsEstimate": 2.96, "epsDifference": -0.78, "surprisePercent": -0.264, "quarter": "2018-09-30", "period": "-1q"}], "maxAge": 86400}, "indexTrend": {"maxAge": 1, "symbol": "SP5", "peRatio": 19.7411, "pegRatio": 1.34172, "estimates": [{"period": "0q", "growth": 0.549}, {"period": "+1q", "growth": 0.431}, {"period": "0y", "growth": 0.305}, {"period": "+1y", "growth": 0.109}, {"period": "+5y", "growth": 0.120859005}, {"period": "-5y"}]}, "industryTrend": {"maxAge": 1, "symbol": null, "estimates": []}, "insiderTransactions": {"transactions": [{"maxAge": 1, "shares": 344500, "filerUrl": "", "transactionText": "Other at price 0.00 per share.", "filerName": "Relan (Rohit) HUF", "filerRelation": "Promoter", "moneyText": "", "startDate": "2020-10-06", "ownership": "D"}, {"maxAge": 1, "shares": 354500, "filerUrl": "", "transactionText": "Other at price 0.00 per share.", "filerName": "Relan (Rohit)", "filerRelation": "Promoter", "moneyText": "", "startDate": "2020-10-06", "ownership": "D"}, {"maxAge": 1, "shares": 302700, "filerUrl": "", "transactionText": "Other at price 0.00 per share.", "filerName": "Ajay Relana(HUF)", "filerRelation": "UNREPORTED", "moneyText": "", "startDate": "2020-09-24", "ownership": "D"}, {"maxAge": 1, "shares": 9000000, "filerUrl": "", "transactionText": "", "filerName": "NDR Auto Components Ltd.", "filerRelation": "Promoter", "moneyText": "", "startDate": "2020-04-11", "ownership": "D"}, {"maxAge": 1, "shares": 9000000, "filerUrl": "", "transactionText": "", "filerName": "Sharda Motor Industries Ltd", "filerRelation": "Promoter", "moneyText": "", "startDate": "2020-04-11", "ownership": "D"}, {"maxAge": 1, "shares": 366000, "filerUrl": "", "transactionText": "", "filerName": "Relan (Aashim)", "filerRelation": "Promoter", "moneyText": "", "startDate": "2020-03-19", "ownership": "D"}, {"maxAge": 1, "shares": 465500, "filerUrl": "", "transactionText": "", "filerName": "Relan (Aashita)", "filerRelation": "Promoter", "moneyText": "", "startDate": "2020-03-19", "ownership": "D"}, {"maxAge": 1, "shares": 831500, "filerUrl": "", "transactionText": "", "filerName": "Relan (Ajay)", "filerRelation": "Promoter", "moneyText": "", "startDate": "2020-03-19", "ownership": "D"}], "maxAge": 1}, "quoteType": {"exchange": "BSE", "quoteType": "EQUITY", "symbol": "BHARATSE.BO", "underlyingSymbol": "BHARATSE.BO", "shortName": "BHARAT SEATS LTD.", "longName": "Bharat Seats Limited", "firstTradeDateEpochUtc": "2002-07-01 09:15:00", "timeZoneFullName": "Asia/Kolkata", "timeZoneShortName": "IST", "uuid": "77397377-c8fd-3c64-830a-c010c11cd939", "messageBoardId": null, "gmtOffSetMilliseconds": 19800000, "maxAge": 1}, "incomeStatementHistory": {"incomeStatementHistory": [{"maxAge": 1, "endDate": "2020-03-31", "totalRevenue": 5885747000, "costOfRevenue": 4648084000, "grossProfit": 1237663000, "researchDevelopment": {}, "sellingGeneralAdministrative": 317546000, "nonRecurring": {}, "otherOperatingExpenses": 561342000, "totalOperatingExpenses": 5751205000, "operatingIncome": 134542000, "totalOtherIncomeExpenseNet": -12342000, "ebit": 134542000, "interestExpense": -31954000, "incomeBeforeTax": 122200000, "incomeTaxExpense": -2989000, "minorityInterest": {}, "netIncomeFromContinuingOps": 125189000, "discontinuedOperations": {}, "extraordinaryItems": {}, "effectOfAccountingCharges": {}, "otherItems": {}, "netIncome": 125189000, "netIncomeApplicableToCommonShares": 125189000}, {"maxAge": 1, "endDate": "2019-03-31", "totalRevenue": 9035685000, "costOfRevenue": 7518401000, "grossProfit": 1517284000, "researchDevelopment": {}, "sellingGeneralAdministrative": 327703000, "nonRecurring": {}, "otherOperatingExpenses": 687242000, "totalOperatingExpenses": 8739131000, "operatingIncome": 296554000, "totalOtherIncomeExpenseNet": 15685000, "ebit": 296554000, "interestExpense": -29847000, "incomeBeforeTax": 312239000, "incomeTaxExpense": 98034000, "minorityInterest": {}, "netIncomeFromContinuingOps": 214205000, "discontinuedOperations": {}, "extraordinaryItems": {}, "effectOfAccountingCharges": {}, "otherItems": {}, "netIncome": 214205000, "netIncomeApplicableToCommonShares": 214205000}, {"maxAge": 1, "endDate": "2018-03-31", "totalRevenue": 9702803000, "costOfRevenue": 8264551000, "grossProfit": 1438252000, "researchDevelopment": {}, "sellingGeneralAdministrative": 260051000, "nonRecurring": {}, "otherOperatingExpenses": 528329000, "totalOperatingExpenses": 9243699000, "operatingIncome": 459104000, "totalOtherIncomeExpenseNet": -24102000, "ebit": 459104000, "interestExpense": -31598000, "incomeBeforeTax": 435002000, "incomeTaxExpense": 152851000, "minorityInterest": {}, "netIncomeFromContinuingOps": 282151000, "discontinuedOperations": {}, "extraordinaryItems": {}, "effectOfAccountingCharges": {}, "otherItems": {}, "netIncome": 282151000, "netIncomeApplicableToCommonShares": 282151000}, {"maxAge": 1, "endDate": "2017-03-31", "totalRevenue": 8404069000, "costOfRevenue": 7380630000, "grossProfit": 1023439000, "researchDevelopment": {}, "sellingGeneralAdministrative": 212502000, "nonRecurring": {}, "otherOperatingExpenses": 439220000, "totalOperatingExpenses": 8203046000, "operatingIncome": 201023000, "totalOtherIncomeExpenseNet": -32824000, "ebit": 201023000, "interestExpense": -43398000, "incomeBeforeTax": 168199000, "incomeTaxExpense": 46468000, "minorityInterest": {}, "netIncomeFromContinuingOps": 121731000, "discontinuedOperations": {}, "extraordinaryItems": {}, "effectOfAccountingCharges": {}, "otherItems": {}, "netIncome": 121731000, "netIncomeApplicableToCommonShares": 121731000}], "maxAge": 86400}, "fundOwnership": {"maxAge": 1, "ownershipList": []}, "summaryDetail": {"maxAge": 1, "priceHint": 2, "previousClose": 68.7, "open": 68.3, "dayLow": 68.3, "dayHigh": 72.0, "regularMarketPreviousClose": 68.7, "regularMarketOpen": 68.3, "regularMarketDayLow": 68.3, "regularMarketDayHigh": 72.0, "forwardPE": 5.866274, "volume": 13722, "regularMarketVolume": 13722, "averageVolume": 44433, "averageVolume10days": 66582, "averageDailyVolume10Day": 66582, "bid": 68.8, "ask": 70.9, "bidSize": 0, "askSize": 0, "marketCap": 2190149888, "fiftyTwoWeekLow": 29.1, "fiftyTwoWeekHigh": 94.4, "fiftyDayAverage": 79.04853, "twoHundredDayAverage": 67.99816, "trailingAnnualDividendRate": 0.5, "trailingAnnualDividendYield": 0.0072780205, "currency": "INR", "fromCurrency": null, "toCurrency": null, "lastMarket": null, "algorithm": null, "tradeable": false}, "sectorTrend": {"maxAge": 1, "symbol": null, "estimates": []}, "incomeStatementHistoryQuarterly": {"incomeStatementHistory": [{"maxAge": 1, "endDate": "2020-06-30", "totalRevenue": 215664000, "costOfRevenue": 174182000, "grossProfit": 41482000, "researchDevelopment": {}, "sellingGeneralAdministrative": 54718000, "nonRecurring": {}, "otherOperatingExpenses": 71431000, "totalOperatingExpenses": 348740000, "operatingIncome": -133076000, "totalOtherIncomeExpenseNet": -7410000, "ebit": -133076000, "interestExpense": -8895000, "incomeBeforeTax": -140486000, "incomeTaxExpense": -35336000, "minorityInterest": {}, "netIncomeFromContinuingOps": -105150000, "discontinuedOperations": {}, "extraordinaryItems": {}, "effectOfAccountingCharges": {}, "otherItems": {}, "netIncome": -105150000, "netIncomeApplicableToCommonShares": -105150000}, {"maxAge": 1, "endDate": "2020-03-31", "totalRevenue": 1237527000, "costOfRevenue": 1015405000, "grossProfit": 222122000, "researchDevelopment": {}, "sellingGeneralAdministrative": 77317000, "nonRecurring": {}, "otherOperatingExpenses": 101807000, "totalOperatingExpenses": 1246984000, "operatingIncome": -9457000, "totalOtherIncomeExpenseNet": 3224000, "ebit": -9457000, "interestExpense": -7704000, "incomeBeforeTax": -6233000, "incomeTaxExpense": -11000, "minorityInterest": {}, "netIncomeFromContinuingOps": -6222000, "discontinuedOperations": {}, "extraordinaryItems": {}, "effectOfAccountingCharges": {}, "otherItems": {}, "netIncome": -6222000, "netIncomeApplicableToCommonShares": -6222000}, {"maxAge": 1, "endDate": "2019-12-31", "totalRevenue": 1442963000, "costOfRevenue": 1129115000, "grossProfit": 313848000, "researchDevelopment": {}, "sellingGeneralAdministrative": 78198000, "nonRecurring": {}, "otherOperatingExpenses": 142531000, "totalOperatingExpenses": 1405806000, "operatingIncome": 37157000, "totalOtherIncomeExpenseNet": -5599000, "ebit": 37157000, "interestExpense": -9229000, "incomeBeforeTax": 31558000, "incomeTaxExpense": 8232000, "minorityInterest": {}, "netIncomeFromContinuingOps": 23326000, "discontinuedOperations": {}, "extraordinaryItems": {}, "effectOfAccountingCharges": {}, "otherItems": {}, "netIncome": 23326000, "netIncomeApplicableToCommonShares": 23326000}, {"maxAge": 1, "endDate": "2019-09-30", "totalRevenue": 1502519000, "costOfRevenue": 1169634000, "grossProfit": 332885000, "researchDevelopment": {}, "sellingGeneralAdministrative": 78838000, "nonRecurring": {}, "otherOperatingExpenses": 154390000, "totalOperatingExpenses": 1460544000, "operatingIncome": 41975000, "totalOtherIncomeExpenseNet": -5561000, "ebit": 41975000, "interestExpense": -7433000, "incomeBeforeTax": 36414000, "incomeTaxExpense": -33684000, "minorityInterest": {}, "netIncomeFromContinuingOps": 70098000, "discontinuedOperations": {}, "extraordinaryItems": {}, "effectOfAccountingCharges": {}, "otherItems": {}, "netIncome": 70098000, "netIncomeApplicableToCommonShares": 70098000}], "maxAge": 86400}, "cashflowStatementHistoryQuarterly": {"cashflowStatements": [{"maxAge": 1, "endDate": "2020-06-30", "netIncome": -105150000, "changeToLiabilities": 0}, {"maxAge": 1, "endDate": "2020-03-31", "netIncome": -6222000, "changeToLiabilities": 0}, {"maxAge": 1, "endDate": "2019-12-31", "netIncome": 23326000, "changeToLiabilities": 0}, {"maxAge": 1, "endDate": "2019-09-30", "netIncome": 70098000, "changeToLiabilities": 0}], "maxAge": 86400}, "insiderHolders": {"holders": [{"maxAge": 1, "name": "Ajay Relana(HUF)", "relation": "UNREPORTED", "url": "", "transactionDescription": "Other", "latestTransDate": "2020-09-24", "positionDirect": 0, "positionDirectDate": "2020-09-24"}, {"maxAge": 1, "name": "NDR Auto Components Ltd.", "relation": "Promoter", "url": "", "transactionDescription": "Acquisition", "latestTransDate": "2020-04-11", "positionDirect": 9000000, "positionDirectDate": "2020-04-11"}, {"maxAge": 1, "name": "Relan (Aashim)", "relation": "Promoter", "url": "", "transactionDescription": "Gift", "latestTransDate": "2020-03-19", "positionDirect": 0, "positionDirectDate": "2020-03-19"}, {"maxAge": 1, "name": "Relan (Aashita)", "relation": "Promoter", "url": "", "transactionDescription": "Gift", "latestTransDate": "2020-03-19", "positionDirect": 0, "positionDirectDate": "2020-03-19"}, {"maxAge": 1, "name": "Relan (Ajay)", "relation": "Promoter", "url": "", "transactionDescription": "Gift", "latestTransDate": "2020-03-19", "positionDirect": 1148608, "positionDirectDate": "2020-03-19"}, {"maxAge": 1, "name": "Relan (Rohit)", "relation": "Promoter", "url": "", "transactionDescription": "Other", "latestTransDate": "2020-10-06", "positionDirect": 671500, "positionDirectDate": "2020-10-06"}, {"maxAge": 1, "name": "Relan (Rohit) HUF", "relation": "Promoter", "url": "", "transactionDescription": "Other", "latestTransDate": "2020-10-06", "positionDirect": 0, "positionDirectDate": "2020-10-06"}, {"maxAge": 1, "name": "Sharda Motor Industries Ltd", "relation": "Promoter", "url": "", "transactionDescription": "Sale", "latestTransDate": "2020-04-11", "positionDirect": 0, "positionDirectDate": "2020-04-11"}], "maxAge": 1}, "earnings": {"maxAge": 86400, "earningsChart": {"quarterly": [{"date": "3Q2018", "actual": 2.18, "estimate": 2.96}], "currentQuarterEstimateDate": "4Q", "currentQuarterEstimateYear": 2018, "earningsDate": []}, "financialsChart": {"yearly": [{"date": 2017, "revenue": 8404069000, "earnings": 121731000}, {"date": 2018, "revenue": 9702803000, "earnings": 282151000}, {"date": 2019, "revenue": 9035685000, "earnings": 214205000}, {"date": 2020, "revenue": 5885747000, "earnings": 125189000}], "quarterly": [{"date": "3Q2019", "revenue": 1502519000, "earnings": 70098000}, {"date": "4Q2019", "revenue": 1442963000, "earnings": 23326000}, {"date": "1Q2020", "revenue": 1237527000, "earnings": -6222000}, {"date": "2Q2020", "revenue": 215664000, "earnings": -105150000}]}, "financialCurrency": "INR"}, "calendarEvents": {"maxAge": 1, "earnings": {"earningsDate": []}}, "price": {"maxAge": 1, "regularMarketChangePercent": 0.015283888, "regularMarketChange": 1.050003, "regularMarketTime": "2021-04-30 15:29:23", "priceHint": 2, "regularMarketPrice": 69.75, "regularMarketDayHigh": 72.0, "regularMarketDayLow": 68.3, "regularMarketVolume": 13722, "averageDailyVolume10Day": 66582, "averageDailyVolume3Month": 44433, "regularMarketPreviousClose": 68.7, "regularMarketSource": "FREE_REALTIME", "regularMarketOpen": 68.3, "exchange": "BSE", "exchangeName": "BSE", "exchangeDataDelayedBy": 0, "marketState": "CLOSED", "quoteType": "EQUITY", "symbol": "BHARATSE.BO", "underlyingSymbol": null, "shortName": "BHARAT SEATS LTD.", "longName": "Bharat Seats Limited", "currency": "INR", "quoteSourceName": "Delayed Quote", "currencySymbol": "\u20b9", "fromCurrency": null, "toCurrency": null, "lastMarket": null, "marketCap": 2190149888}, "balanceSheetHistory": {"balanceSheetStatements": [{"maxAge": 1, "endDate": "2020-03-31", "cash": 7777000, "shortTermInvestments": 2110000, "netReceivables": 360922000, "inventory": 205747000, "otherCurrentAssets": 25625000, "totalCurrentAssets": 618689000, "propertyPlantEquipment": 1714171000, "intangibleAssets": 9975000, "otherAssets": 74180000, "totalAssets": 2417015000, "accountsPayable": 723887000, "shortLongTermDebt": 22279000, "otherCurrentLiab": 46552000, "longTermDebt": 238812000, "otherLiab": 101957000, "totalCurrentLiabilities": 889824000, "totalLiab": 1283950000, "commonStock": 62800000, "retainedEarnings": 1070265000, "totalStockholderEquity": 1133065000, "netTangibleAssets": 1123090000}, {"maxAge": 1, "endDate": "2019-03-31", "cash": 96039000, "shortTermInvestments": 1980000, "netReceivables": 779375000, "inventory": 218913000, "otherCurrentAssets": 37790000, "totalCurrentAssets": 1142214000, "propertyPlantEquipment": 1509760000, "intangibleAssets": 12005000, "otherAssets": 64094000, "totalAssets": 2728073000, "accountsPayable": 1203625000, "shortLongTermDebt": 22473000, "otherCurrentLiab": 26399000, "longTermDebt": 200775000, "otherLiab": 150267000, "totalCurrentLiabilities": 1331442000, "totalLiab": 1682484000, "commonStock": 62800000, "retainedEarnings": 982789000, "treasuryStock": 982789000, "otherStockholderEquity": 982789000, "totalStockholderEquity": 1045589000, "netTangibleAssets": 1033584000}, {"maxAge": 1, "endDate": "2018-03-31", "cash": 24457000, "shortTermInvestments": 4666000, "netReceivables": 949353000, "inventory": 273846000, "otherCurrentAssets": 36476000, "totalCurrentAssets": 1295970000, "propertyPlantEquipment": 1480440000, "intangibleAssets": 14308000, "otherAssets": 54480000, "totalAssets": 2845198000, "accountsPayable": 1493622000, "shortLongTermDebt": 24063000, "otherCurrentLiab": 39367000, "longTermDebt": 222743000, "otherLiab": 138098000, "totalCurrentLiabilities": 1616752000, "totalLiab": 1977593000, "commonStock": 62800000, "retainedEarnings": 804805000, "totalStockholderEquity": 867605000, "netTangibleAssets": 853297000}, {"maxAge": 1, "endDate": "2017-03-31", "cash": 2689000, "shortTermInvestments": 7004000, "netReceivables": 953148000, "inventory": 153784000, "otherCurrentAssets": 46965000, "totalCurrentAssets": 1168306000, "propertyPlantEquipment": 1447834000, "intangibleAssets": 14389000, "otherAssets": 17289000, "totalAssets": 2647818000, "accountsPayable": 1229461000, "shortLongTermDebt": 124264000, "otherCurrentLiab": 68935000, "longTermDebt": 196067000, "otherLiab": 84065000, "totalCurrentLiabilities": 1746298000, "totalLiab": 2026430000, "commonStock": 62800000, "retainedEarnings": 558588000, "totalStockholderEquity": 621388000, "netTangibleAssets": 606999000}], "maxAge": 86400}, "earningsTrend": {"trend": [{"maxAge": 1, "period": "0q", "endDate": "2018-12-31", "growth": {}, "earningsEstimate": {"avg": 0.0, "low": 0.0, "high": 0.0, "yearAgoEps": {}, "numberOfAnalysts": 0, "growth": {}}, "revenueEstimate": {"avg": 0, "low": 0, "high": 0, "numberOfAnalysts": 0, "yearAgoRevenue": {}, "growth": {}}, "epsTrend": {"current": 0.0, "7daysAgo": 0.0, "30daysAgo": 0.0, "60daysAgo": 0.0, "90daysAgo": 0.0}, "epsRevisions": {"upLast7days": 0, "upLast30days": 0, "downLast30days": 0, "downLast90days": {}}}, {"maxAge": 1, "period": "+1q", "endDate": "2019-03-31", "growth": {}, "earningsEstimate": {"avg": 0.0, "low": 0.0, "high": 0.0, "yearAgoEps": {}, "numberOfAnalysts": 0, "growth": {}}, "revenueEstimate": {"avg": 0, "low": 0, "high": 0, "numberOfAnalysts": 0, "yearAgoRevenue": {}, "growth": {}}, "epsTrend": {"current": 0.0, "7daysAgo": 0.0, "30daysAgo": 0.0, "60daysAgo": 0.0, "90daysAgo": 0.0}, "epsRevisions": {"upLast7days": 0, "upLast30days": 0, "downLast30days": 0, "downLast90days": {}}}, {"maxAge": 1, "period": "0y", "endDate": "2019-03-31", "growth": {}, "earningsEstimate": {"avg": 0.0, "low": 0.0, "high": 0.0, "yearAgoEps": {}, "numberOfAnalysts": 0, "growth": {}}, "revenueEstimate": {"avg": 10514500000, "low": 10514500000, "high": 10514500000, "numberOfAnalysts": 1, "yearAgoRevenue": {}, "growth": {}}, "epsTrend": {"current": 0.0, "7daysAgo": 10.24, "30daysAgo": 10.24, "60daysAgo": 10.24, "90daysAgo": 10.24}, "epsRevisions": {"upLast7days": 0, "upLast30days": 0, "downLast30days": 0, "downLast90days": {}}}, {"maxAge": 1, "period": "+1y", "endDate": "2020-03-31", "growth": {}, "earningsEstimate": {"avg": 0.0, "low": 0.0, "high": 0.0, "yearAgoEps": {}, "numberOfAnalysts": 0, "growth": {}}, "revenueEstimate": {"avg": 11492300000, "low": 11492300000, "high": 11492300000, "numberOfAnalysts": 1, "yearAgoRevenue": 10514500000, "growth": 0.093}, "epsTrend": {"current": 0.0, "7daysAgo": 11.89, "30daysAgo": 11.89, "60daysAgo": 11.89, "90daysAgo": 11.89}, "epsRevisions": {"upLast7days": 0, "upLast30days": 0, "downLast30days": 0, "downLast90days": {}}}, {"maxAge": 1, "period": "+5y", "endDate": null, "growth": {}, "earningsEstimate": {"avg": {}, "low": {}, "high": {}, "yearAgoEps": {}, "numberOfAnalysts": {}, "growth": {}}, "revenueEstimate": {"avg": {}, "low": {}, "high": {}, "numberOfAnalysts": {}, "yearAgoRevenue": {}, "growth": {}}, "epsTrend": {"current": {}, "7daysAgo": {}, "30daysAgo": {}, "60daysAgo": {}, "90daysAgo": {}}, "epsRevisions": {"upLast7days": {}, "upLast30days": {}, "downLast30days": {}, "downLast90days": {}}}, {"maxAge": 1, "period": "-5y", "endDate": null, "growth": {}, "earningsEstimate": {"avg": {}, "low": {}, "high": {}, "yearAgoEps": {}, "numberOfAnalysts": {}, "growth": {}}, "revenueEstimate": {"avg": {}, "low": {}, "high": {}, "numberOfAnalysts": {}, "yearAgoRevenue": {}, "growth": {}}, "epsTrend": {"current": {}, "7daysAgo": {}, "30daysAgo": {}, "60daysAgo": {}, "90daysAgo": {}}, "epsRevisions": {"upLast7days": {}, "upLast30days": {}, "downLast30days": {}, "downLast90days": {}}}], "maxAge": 1}, "financialData": {"maxAge": 86400, "currentPrice": 69.75, "targetHighPrice": 42.0, "targetLowPrice": 42.0, "targetMeanPrice": 42.0, "targetMedianPrice": 42.0, "recommendationKey": "none", "numberOfAnalystOpinions": 1, "grossProfits": 1237663000, "financialCurrency": "INR"}}}