{"BHARATRAS.BO": {"cashflowStatementHistory": {"cashflowStatements": [{"maxAge": 1, "endDate": "2020-03-31", "netIncome": 1576419000, "depreciation": 219406000, "changeToNetincome": -56144000, "changeToAccountReceivables": 284991000, "changeToLiabilities": -53285000, "changeToInventory": 498957000, "changeToOperatingActivities": 155504000, "totalCashFromOperatingActivities": 2625848000, "capitalExpenditures": -584466000, "investments": -90000000, "otherCashflowsFromInvestingActivities": -5627000, "totalCashflowsFromInvestingActivities": -680093000, "dividendsPaid": -6373000, "netBorrowings": -1531374000, "otherCashflowsFromFinancingActivities": -155515000, "totalCashFromFinancingActivities": -1693262000, "effectOfExchangeRate": 148017000, "changeInCash": 400511000}, {"maxAge": 1, "endDate": "2019-03-31", "netIncome": 1115243000, "depreciation": 171068000, "changeToNetincome": 135747000, "changeToAccountReceivables": -574780000, "changeToLiabilities": 91923000, "changeToInventory": -1160470000, "changeToOperatingActivities": -301884000, "totalCashFromOperatingActivities": -523153000, "capitalExpenditures": -477749000, "investments": 2000, "otherCashflowsFromInvestingActivities": 1995000, "totalCashflowsFromInvestingActivities": -475684000, "dividendsPaid": -6373000, "netBorrowings": 1186507000, "otherCashflowsFromFinancingActivities": -155538000, "totalCashFromFinancingActivities": 1024596000, "effectOfExchangeRate": 16984000, "changeInCash": 42743000}, {"maxAge": 1, "endDate": "2018-03-31", "netIncome": 983140000, "depreciation": 164628000, "changeToNetincome": 6561000, "changeToAccountReceivables": -1014574000, "changeToLiabilities": 166032000, "changeToInventory": -103141000, "changeToOperatingActivities": 85199000, "totalCashFromOperatingActivities": 288059000, "capitalExpenditures": -409584000, "investments": 12000, "otherCashflowsFromInvestingActivities": -12696000, "totalCashflowsFromInvestingActivities": -331928000, "dividendsPaid": -6373000, "netBorrowings": 136307000, "otherCashflowsFromFinancingActivities": -107650000, "totalCashFromFinancingActivities": 22284000, "effectOfExchangeRate": 23408000, "changeInCash": 1822000}, {"maxAge": 1, "endDate": "2017-03-31", "netIncome": 545339000, "depreciation": 164751000, "changeToNetincome": 145174000, "changeToAccountReceivables": -319848000, "changeToLiabilities": -68520000, "changeToInventory": -271153000, "changeToOperatingActivities": -38225000, "totalCashFromOperatingActivities": 157791000, "capitalExpenditures": -124958000, "investments": 180355000, "otherCashflowsFromInvestingActivities": 2764000, "totalCashflowsFromInvestingActivities": 60202000, "dividendsPaid": -5098000, "netBorrowings": -112759000, "otherCashflowsFromFinancingActivities": -121103000, "totalCashFromFinancingActivities": -238960000, "effectOfExchangeRate": 17544000, "changeInCash": -3423000}], "maxAge": 86400}, "institutionOwnership": {"maxAge": 1, "ownershipList": []}, "balanceSheetHistoryQuarterly": {"balanceSheetStatements": [{"maxAge": 1, "endDate": "2020-06-30", "totalStockholderEquity": 5641187000, "netTangibleAssets": 5638598000}, {"maxAge": 1, "endDate": "2020-03-31", "cash": 455582000, "netReceivables": 2761397000, "inventory": 1603260000, "otherCurrentAssets": 356398000, "totalCurrentAssets": 5185610000, "longTermInvestments": 90875000, "propertyPlantEquipment": 2208710000, "intangibleAssets": 2589000, "otherAssets": 30994000, "totalAssets": 7518778000, "accountsPayable": 392384000, "otherCurrentLiab": 384833000, "longTermDebt": 220000000, "otherLiab": 123239000, "totalCurrentLiabilities": 1534352000, "totalLiab": 1877591000, "commonStock": 42487000, "retainedEarnings": 5598700000, "totalStockholderEquity": 5641187000, "netTangibleAssets": 5638598000}, {"maxAge": 1, "endDate": "2019-12-31", "totalStockholderEquity": 5044159000, "netTangibleAssets": 5038618000}, {"maxAge": 1, "endDate": "2019-09-30", "cash": 142151000, "shortTermInvestments": 5804000, "netReceivables": 4312167000, "inventory": 1454613000, "otherCurrentAssets": 300603000, "totalCurrentAssets": 6215338000, "longTermInvestments": 15415000, "propertyPlantEquipment": 2096029000, "intangibleAssets": 5541000, "otherAssets": 25743000, "totalAssets": 8358066000, "accountsPayable": 701799000, "otherCurrentLiab": 623251000, "longTermDebt": 400000000, "otherLiab": 129589000, "totalCurrentLiabilities": 2784318000, "totalLiab": 3313907000, "commonStock": 42487000, "retainedEarnings": 5001672000, "totalStockholderEquity": 5044159000, "netTangibleAssets": 5038618000}], "maxAge": 86400}, "indexTrend": {"maxAge": 1, "symbol": "SP5", "peRatio": 19.7411, "pegRatio": 1.34172, "estimates": [{"period": "0q", "growth": 0.549}, {"period": "+1q", "growth": 0.431}, {"period": "0y", "growth": 0.305}, {"period": "+1y", "growth": 0.109}, {"period": "+5y", "growth": 0.120865}, {"period": "-5y"}]}, "insiderTransactions": {"transactions": [{"maxAge": 1, "shares": 31200, "filerUrl": "", "transactionText": "", "filerName": "Gupta (Neha)", "filerRelation": "Promoter", "moneyText": "", "startDate": "2014-09-04", "ownership": "D"}, {"maxAge": 1, "shares": 31200, "filerUrl": "", "transactionText": "", "filerName": "Gupta (Rajender Prasad)", "filerRelation": "Wholetime Director", "moneyText": "", "startDate": "2014-09-04", "ownership": "D"}], "maxAge": 1}, "quoteType": {"exchange": "BSE", "quoteType": "EQUITY", "symbol": "BHARATRAS.BO", "underlyingSymbol": "BHARATRAS.BO", "shortName": "BHARAT RASAYAN LTD.", "longName": "Bharat Rasayan Limited", "firstTradeDateEpochUtc": "2000-09-21 09:15:00", "timeZoneFullName": "Asia/Kolkata", "timeZoneShortName": "IST", "uuid": "31e35f65-18db-36a8-9698-9f8097ff5422", "messageBoardId": null, "gmtOffSetMilliseconds": 19800000, "maxAge": 1}, "incomeStatementHistory": {"incomeStatementHistory": [{"maxAge": 1, "endDate": "2020-03-31", "totalRevenue": 12150510000, "costOfRevenue": 8391380000, "grossProfit": 3759130000, "researchDevelopment": {}, "sellingGeneralAdministrative": 710419000, "nonRecurring": {}, "otherOperatingExpenses": 752377000, "totalOperatingExpenses": 10073582000, "operatingIncome": 2076928000, "totalOtherIncomeExpenseNet": -24963000, "ebit": 2076928000, "interestExpense": -156216000, "incomeBeforeTax": 2051965000, "incomeTaxExpense": 475546000, "minorityInterest": {}, "netIncomeFromContinuingOps": 1576419000, "discontinuedOperations": {}, "extraordinaryItems": {}, "effectOfAccountingCharges": {}, "otherItems": {}, "netIncome": 1576419000, "netIncomeApplicableToCommonShares": 1576419000}, {"maxAge": 1, "endDate": "2019-03-31", "totalRevenue": 9921772000, "costOfRevenue": 6836401000, "grossProfit": 3085371000, "researchDevelopment": {}, "sellingGeneralAdministrative": 590295000, "nonRecurring": {}, "otherOperatingExpenses": 621872000, "totalOperatingExpenses": 8217480000, "operatingIncome": 1704292000, "totalOtherIncomeExpenseNet": -152956000, "ebit": 1704292000, "interestExpense": -158249000, "incomeBeforeTax": 1551336000, "incomeTaxExpense": 436093000, "minorityInterest": {}, "netIncomeFromContinuingOps": 1115243000, "discontinuedOperations": {}, "extraordinaryItems": {}, "effectOfAccountingCharges": {}, "otherItems": {}, "netIncome": 1115243000, "netIncomeApplicableToCommonShares": 1115243000}, {"maxAge": 1, "endDate": "2018-03-31", "totalRevenue": 7952990000, "costOfRevenue": 5223437000, "grossProfit": 2729553000, "researchDevelopment": {}, "sellingGeneralAdministrative": 510944000, "nonRecurring": {}, "otherOperatingExpenses": 636785000, "totalOperatingExpenses": 6535353000, "operatingIncome": 1417637000, "totalOtherIncomeExpenseNet": -65930000, "ebit": 1417637000, "interestExpense": -110888000, "incomeBeforeTax": 1351707000, "incomeTaxExpense": 368567000, "minorityInterest": {}, "netIncomeFromContinuingOps": 983140000, "discontinuedOperations": {}, "extraordinaryItems": {}, "effectOfAccountingCharges": {}, "otherItems": {}, "netIncome": 983140000, "netIncomeApplicableToCommonShares": 983140000}, {"maxAge": 1, "endDate": "2017-03-31", "totalRevenue": 6206893000, "costOfRevenue": 4487942000, "grossProfit": 1718951000, "researchDevelopment": {}, "sellingGeneralAdministrative": 420886000, "nonRecurring": {}, "otherOperatingExpenses": 191902000, "totalOperatingExpenses": 5266632000, "operatingIncome": 940261000, "totalOtherIncomeExpenseNet": -101043000, "ebit": 940261000, "interestExpense": -120065000, "incomeBeforeTax": 839218000, "incomeTaxExpense": 293879000, "minorityInterest": {}, "netIncomeFromContinuingOps": 545339000, "discontinuedOperations": {}, "extraordinaryItems": {}, "effectOfAccountingCharges": {}, "otherItems": {}, "netIncome": 545339000, "netIncomeApplicableToCommonShares": 545339000}], "maxAge": 86400}, "fundOwnership": {"maxAge": 1, "ownershipList": [{"maxAge": 1, "reportDate": "2020-07-31", "organization": "DFA Emerging Markets Core Equity Portfolio", "pctHeld": 0.00090000004, "position": 3791, "value": 35491152}, {"maxAge": 1, "reportDate": "2020-07-31", "organization": "DFA Emerging Markets Small Cap Series", "pctHeld": 0.0007, "position": 2844, "value": 26625385}, {"maxAge": 1, "reportDate": "2020-07-31", "organization": "DFA Investment Dimensions-Emerging Markets Social Core Equity", "pctHeld": 0.0001, "position": 365, "value": 3417111}, {"maxAge": 1, "reportDate": "2020-07-31", "organization": "DFA Investment Dimensions-World Ex U.S. Core Equity Port", "pctHeld": 0.0001, "position": 275, "value": 2574536}]}, "summaryDetail": {"maxAge": 1, "priceHint": 2, "previousClose": 11823.65, "open": 11600.0, "dayLow": 11500.0, "dayHigh": 12499.0, "regularMarketPreviousClose": 11823.65, "regularMarketOpen": 11600.0, "regularMarketDayLow": 11500.0, "regularMarketDayHigh": 12499.0, "trailingPE": 31.887125, "volume": 2630, "regularMarketVolume": 2630, "averageVolume": 651, "averageVolume10days": 802, "averageDailyVolume10Day": 802, "bid": 12107.6, "ask": 12100.0, "bidSize": 0, "askSize": 0, "marketCap": 51851624448, "fiftyTwoWeekLow": 4586.0, "fiftyTwoWeekHigh": 12499.0, "fiftyDayAverage": 9970.525, "twoHundredDayAverage": 9480.988, "trailingAnnualDividendRate": 1.5, "trailingAnnualDividendYield": 0.00012686437, "currency": "INR", "fromCurrency": null, "toCurrency": null, "lastMarket": null, "algorithm": null, "tradeable": false}, "incomeStatementHistoryQuarterly": {"incomeStatementHistory": [{"maxAge": 1, "endDate": "2020-06-30", "totalRevenue": 2816900000, "costOfRevenue": 1808100000, "grossProfit": 1008800000, "researchDevelopment": {}, "sellingGeneralAdministrative": 185800000, "nonRecurring": {}, "otherOperatingExpenses": 169000000, "totalOperatingExpenses": 2222800000, "operatingIncome": 594100000, "totalOtherIncomeExpenseNet": 20300000, "ebit": 594100000, "interestExpense": -18600000, "incomeBeforeTax": 614400000, "incomeTaxExpense": 147400000, "minorityInterest": {}, "netIncomeFromContinuingOps": 467000000, "discontinuedOperations": {}, "extraordinaryItems": {}, "effectOfAccountingCharges": {}, "otherItems": {}, "netIncome": 467000000, "netIncomeApplicableToCommonShares": 467000000}, {"maxAge": 1, "endDate": "2020-03-31", "totalRevenue": 2709810000, "costOfRevenue": 1847480000, "grossProfit": 862330000, "researchDevelopment": {}, "sellingGeneralAdministrative": 191119000, "nonRecurring": {}, "otherOperatingExpenses": 182277000, "totalOperatingExpenses": 2288382000, "operatingIncome": 421428000, "totalOtherIncomeExpenseNet": 42937000, "ebit": 421428000, "interestExpense": -28516000, "incomeBeforeTax": 464365000, "incomeTaxExpense": 102146000, "minorityInterest": {}, "netIncomeFromContinuingOps": 362219000, "discontinuedOperations": {}, "extraordinaryItems": {}, "effectOfAccountingCharges": {}, "otherItems": {}, "netIncome": 362219000, "netIncomeApplicableToCommonShares": 362219000}, {"maxAge": 1, "endDate": "2019-12-31", "totalRevenue": 2239900000, "costOfRevenue": 1440300000, "grossProfit": 799600000, "researchDevelopment": {}, "sellingGeneralAdministrative": 159100000, "nonRecurring": {}, "otherOperatingExpenses": 208300000, "totalOperatingExpenses": 1874000000, "operatingIncome": 365900000, "totalOtherIncomeExpenseNet": -18900000, "ebit": 365900000, "interestExpense": -38000000, "incomeBeforeTax": 347000000, "incomeTaxExpense": 96300000, "minorityInterest": {}, "netIncomeFromContinuingOps": 250700000, "discontinuedOperations": {}, "extraordinaryItems": {}, "effectOfAccountingCharges": {}, "otherItems": {}, "netIncome": 250700000, "netIncomeApplicableToCommonShares": 250700000}, {"maxAge": 1, "endDate": "2019-09-30", "totalRevenue": 3656600000, "costOfRevenue": 2616600000, "grossProfit": 1040000000, "researchDevelopment": {}, "sellingGeneralAdministrative": 185400000, "nonRecurring": {}, "otherOperatingExpenses": 188000000, "totalOperatingExpenses": 3034000000, "operatingIncome": 622600000, "totalOtherIncomeExpenseNet": -11600000, "ebit": 622600000, "interestExpense": -39300000, "incomeBeforeTax": 611000000, "incomeTaxExpense": 64800000, "minorityInterest": {}, "netIncomeFromContinuingOps": 546200000, "discontinuedOperations": {}, "extraordinaryItems": {}, "effectOfAccountingCharges": {}, "otherItems": {}, "netIncome": 546200000, "netIncomeApplicableToCommonShares": 546200000}], "maxAge": 86400}, "cashflowStatementHistoryQuarterly": {"cashflowStatements": [{"maxAge": 1, "endDate": "2020-06-30", "netIncome": 467000000, "changeToLiabilities": 0}, {"maxAge": 1, "endDate": "2020-03-31", "netIncome": 362219000, "changeToLiabilities": 0}, {"maxAge": 1, "endDate": "2019-12-31", "netIncome": 250700000, "changeToLiabilities": 0}, {"maxAge": 1, "endDate": "2019-09-30", "netIncome": 546200000, "changeToLiabilities": 0}], "maxAge": 86400}, "insiderHolders": {"holders": [{"maxAge": 1, "name": "Gupta (Neha)", "relation": "Promoter", "url": "", "transactionDescription": "Gift", "latestTransDate": "2014-09-04", "positionDirect": 0, "positionDirectDate": "2014-09-04"}, {"maxAge": 1, "name": "Gupta (Rajender Prasad)", "relation": "Wholetime Director", "url": "", "transactionDescription": "Gift", "latestTransDate": "2014-09-04", "positionDirect": 331544, "positionDirectDate": "2014-09-04"}], "maxAge": 1}, "calendarEvents": {"maxAge": 1, "earnings": {"earningsDate": []}}, "price": {"maxAge": 1, "regularMarketChangePercent": 0.032168545, "regularMarketChange": 380.3496, "regularMarketTime": "2021-04-30 15:30:01", "priceHint": 2, "regularMarketPrice": 12204.0, "regularMarketDayHigh": 12499.0, "regularMarketDayLow": 11500.0, "regularMarketVolume": 2630, "averageDailyVolume10Day": 802, "averageDailyVolume3Month": 651, "regularMarketPreviousClose": 11823.65, "regularMarketSource": "FREE_REALTIME", "regularMarketOpen": 11600.0, "exchange": "BSE", "exchangeName": "BSE", "exchangeDataDelayedBy": 0, "marketState": "CLOSED", "quoteType": "EQUITY", "symbol": "BHARATRAS.BO", "underlyingSymbol": null, "shortName": "BHARAT RASAYAN LTD.", "longName": "Bharat Rasayan Limited", "currency": "INR", "quoteSourceName": "Delayed Quote", "currencySymbol": "\u20b9", "fromCurrency": null, "toCurrency": null, "lastMarket": null, "marketCap": 51851624448}, "balanceSheetHistory": {"balanceSheetStatements": [{"maxAge": 1, "endDate": "2020-03-31", "cash": 455582000, "netReceivables": 2761397000, "inventory": 1603260000, "otherCurrentAssets": 356398000, "totalCurrentAssets": 5185610000, "longTermInvestments": 90875000, "propertyPlantEquipment": 2208710000, "intangibleAssets": 2589000, "otherAssets": 30994000, "totalAssets": 7518778000, "accountsPayable": 392384000, "otherCurrentLiab": 384833000, "longTermDebt": 220000000, "otherLiab": 123239000, "totalCurrentLiabilities": 1534352000, "totalLiab": 1877591000, "commonStock": 42487000, "retainedEarnings": 5598700000, "totalStockholderEquity": 5641187000, "netTangibleAssets": 5638598000}, {"maxAge": 1, "endDate": "2019-03-31", "cash": 55071000, "shortTermInvestments": 6888000, "netReceivables": 3151066000, "inventory": 2102218000, "otherCurrentAssets": 319371000, "totalCurrentAssets": 5635986000, "longTermInvestments": 875000, "propertyPlantEquipment": 1848386000, "intangibleAssets": 6745000, "otherAssets": 64963000, "totalAssets": 7556955000, "accountsPayable": 445669000, "otherCurrentLiab": 387090000, "longTermDebt": 400000000, "otherLiab": 138283000, "totalCurrentLiabilities": 2930601000, "totalLiab": 3468884000, "commonStock": 42487000, "retainedEarnings": 4045584000, "totalStockholderEquity": 4088071000, "netTangibleAssets": 4081326000}, {"maxAge": 1, "endDate": "2018-03-31", "cash": 12328000, "netReceivables": 2365020000, "inventory": 941748000, "otherCurrentAssets": 130321000, "totalCurrentAssets": 3459768000, "longTermInvestments": 877000, "propertyPlantEquipment": 1545064000, "intangibleAssets": 3508000, "otherAssets": 27825000, "totalAssets": 5037042000, "accountsPayable": 353745000, "otherCurrentLiab": 264554000, "longTermDebt": 400000000, "otherLiab": 128306000, "totalCurrentLiabilities": 1526277000, "totalLiab": 2054583000, "commonStock": 42487000, "retainedEarnings": 2939972000, "totalStockholderEquity": 2982459000, "netTangibleAssets": 2978951000}, {"maxAge": 1, "endDate": "2017-03-31", "cash": 10506000, "netReceivables": 1422808000, "inventory": 838607000, "otherCurrentAssets": 73125000, "totalCurrentAssets": 2351799000, "longTermInvestments": 876000, "propertyPlantEquipment": 1321624000, "intangibleAssets": 820000, "otherAssets": 19588000, "totalAssets": 3694707000, "accountsPayable": 187713000, "otherCurrentLiab": 236581000, "longTermDebt": 400000000, "otherLiab": 89728000, "totalCurrentLiabilities": 1197894000, "totalLiab": 1687622000, "commonStock": 42487000, "retainedEarnings": 1964598000, "totalStockholderEquity": 2007085000, "netTangibleAssets": 2006265000}], "maxAge": 86400}, "financialData": {"maxAge": 86400, "currentPrice": 12204.0, "recommendationKey": "none", "grossProfits": 3759130000, "financialCurrency": "INR"}}}