{"BHARATFORG.BO": {"recommendationTrend": {"trend": [{"period": "0m", "strongBuy": 0, "buy": 0, "hold": 0, "sell": 0, "strongSell": 0}, {"period": "-1m", "strongBuy": 0, "buy": 0, "hold": 0, "sell": 0, "strongSell": 0}, {"period": "-2m", "strongBuy": 0, "buy": 0, "hold": 0, "sell": 0, "strongSell": 0}, {"period": "-3m", "strongBuy": 0, "buy": 0, "hold": 0, "sell": 0, "strongSell": 0}], "maxAge": 86400}, "cashflowStatementHistory": {"cashflowStatements": [{"maxAge": 1, "endDate": "2020-03-31", "netIncome": 3498320000, "depreciation": 5333570000, "changeToNetincome": 1680380000, "changeToAccountReceivables": 6982040000, "changeToLiabilities": -4600410000, "changeToInventory": 1099660000, "changeToOperatingActivities": 1126130000, "totalCashFromOperatingActivities": 15219500000, "capitalExpenditures": -9617610000, "investments": -1595190000, "otherCashflowsFromInvestingActivities": -152540000, "totalCashflowsFromInvestingActivities": -11322380000, "dividendsPaid": -2793540000, "netBorrowings": 870800000, "otherCashflowsFromFinancingActivities": -1891490000, "totalCashFromFinancingActivities": -3814230000, "effectOfExchangeRate": 181200000, "changeInCash": 264090000}, {"maxAge": 1, "endDate": "2019-03-31", "netIncome": 10321730000, "depreciation": 5048250000, "changeToNetincome": 407980000, "changeToAccountReceivables": -2032520000, "changeToLiabilities": 564570000, "changeToInventory": -4847770000, "changeToOperatingActivities": -430930000, "totalCashFromOperatingActivities": 9114680000, "capitalExpenditures": -11770960000, "investments": -778230000, "otherCashflowsFromInvestingActivities": 344880000, "totalCashflowsFromInvestingActivities": -11750860000, "dividendsPaid": -2327940000, "netBorrowings": 7520750000, "otherCashflowsFromFinancingActivities": -1516350000, "totalCashFromFinancingActivities": 3676460000, "effectOfExchangeRate": -207990000, "changeInCash": 832290000}, {"maxAge": 1, "endDate": "2018-03-31", "netIncome": 7624440000, "depreciation": 4530720000, "changeToNetincome": 1420970000, "changeToAccountReceivables": -5688410000, "changeToLiabilities": 4879820000, "changeToInventory": -2846860000, "changeToOperatingActivities": -323280000, "totalCashFromOperatingActivities": 9673620000, "capitalExpenditures": -5849710000, "investments": -2720060000, "otherCashflowsFromInvestingActivities": 262260000, "totalCashflowsFromInvestingActivities": -8141570000, "dividendsPaid": -2095140000, "netBorrowings": -37550000, "otherCashflowsFromFinancingActivities": -1011550000, "totalCashFromFinancingActivities": -3144240000, "effectOfExchangeRate": 918950000, "changeInCash": -693240000}, {"maxAge": 1, "endDate": "2017-03-31", "netIncome": 7046160000, "depreciation": 4438410000, "changeToNetincome": -835630000, "changeToAccountReceivables": 149670000, "changeToLiabilities": 165150000, "changeToInventory": -784210000, "changeToOperatingActivities": 255130000, "totalCashFromOperatingActivities": 10516740000, "capitalExpenditures": -6553700000, "investments": -936660000, "otherCashflowsFromInvestingActivities": 531420000, "totalCashflowsFromInvestingActivities": -6843830000, "dividendsPaid": -698400000, "netBorrowings": -2118370000, "otherCashflowsFromFinancingActivities": -1189840000, "totalCashFromFinancingActivities": -4006610000, "effectOfExchangeRate": 918950000, "changeInCash": -333700000}], "maxAge": 86400}, "institutionOwnership": {"maxAge": 1, "ownershipList": []}, "balanceSheetHistoryQuarterly": {"balanceSheetStatements": [{"maxAge": 1, "endDate": "2020-06-30", "totalStockholderEquity": 52197400000, "netTangibleAssets": 51574960000}, {"maxAge": 1, "endDate": "2020-03-31", "cash": 3126200000, "shortTermInvestments": 2406620000, "netReceivables": 16495100000, "inventory": 17347000000, "otherCurrentAssets": 2674750000, "totalCurrentAssets": 52710500000, "longTermInvestments": 5519380000, "propertyPlantEquipment": 50821400000, "goodWill": 369710000, "intangibleAssets": 252730000, "otherAssets": 5954650000, "deferredLongTermAssetCharges": 804190000, "totalAssets": 115628370000, "accountsPayable": 10309310000, "shortLongTermDebt": 4697230000, "otherCurrentLiab": 2724210000, "longTermDebt": 18747340000, "otherLiab": 3748780000, "minorityInterest": 319890000, "totalCurrentLiabilities": 39673940000, "totalLiab": 63111080000, "commonStock": 931180000, "retainedEarnings": 44130770000, "treasuryStock": 204560000, "capitalSurplus": 6930890000, "otherStockholderEquity": 204560000, "totalStockholderEquity": 52197400000, "netTangibleAssets": 51574960000}, {"maxAge": 1, "endDate": "2019-12-31", "totalStockholderEquity": 55845600000, "netTangibleAssets": 55156870000}, {"maxAge": 1, "endDate": "2019-09-30", "cash": 3991830000, "shortTermInvestments": 12681340000, "netReceivables": 18157970000, "inventory": 18328310000, "otherCurrentAssets": 3318050000, "totalCurrentAssets": 56477500000, "longTermInvestments": 7210440000, "propertyPlantEquipment": 48259900000, "goodWill": 342160000, "intangibleAssets": 346570000, "otherAssets": 4535660000, "deferredLongTermAssetCharges": 709490000, "totalAssets": 117172230000, "accountsPayable": 11210480000, "otherCurrentLiab": 6010370000, "longTermDebt": 17603400000, "otherLiab": 3889690000, "minorityInterest": 301780000, "totalCurrentLiabilities": 38708190000, "totalLiab": 61024850000, "commonStock": 931270000, "treasuryStock": 54914330000, "otherStockholderEquity": 54914330000, "totalStockholderEquity": 55845600000, "netTangibleAssets": 55156870000}], "maxAge": 86400}, "earningsHistory": {"history": [{"maxAge": 1, "epsActual": 4.9, "epsEstimate": 5.32, "epsDifference": -0.42, "surprisePercent": -0.079, "quarter": "2017-12-31", "period": "-4q"}, {"maxAge": 1, "epsActual": 5.03, "epsEstimate": 7.6, "epsDifference": -2.57, "surprisePercent": -0.338, "quarter": "2018-03-31", "period": "-3q"}, {"maxAge": 1, "epsActual": 5.04, "epsEstimate": 6.73, "epsDifference": -1.69, "surprisePercent": -0.25100002, "quarter": "2018-06-30", "period": "-2q"}, {"maxAge": 1, "epsActual": 4.88, "epsEstimate": 5.36, "epsDifference": -0.48, "surprisePercent": -0.09, "quarter": "2018-09-30", "period": "-1q"}], "maxAge": 86400}, "indexTrend": {"maxAge": 1, "symbol": "SP5", "peRatio": 19.7411, "pegRatio": 1.34172, "estimates": [{"period": "0q", "growth": 0.549}, {"period": "+1q", "growth": 0.431}, {"period": "0y", "growth": 0.305}, {"period": "+1y", "growth": 0.109}, {"period": "+5y", "growth": 0.120865}, {"period": "-5y"}]}, "industryTrend": {"maxAge": 1, "symbol": null, "estimates": []}, "insiderTransactions": {"transactions": [{"maxAge": 1, "shares": 10000, "filerUrl": "", "transactionText": "", "filerName": "Sundaram Trading & Investment Pvt. Ltd.", "filerRelation": "Promoter", "moneyText": "", "startDate": "2018-07-19", "ownership": "D"}, {"maxAge": 1, "shares": 6000, "filerUrl": "", "transactionText": "", "filerName": "Sundaram Trading & Investment Pvt. Ltd.", "filerRelation": "Promoter", "moneyText": "", "startDate": "2018-07-18", "ownership": "D"}, {"maxAge": 1, "shares": 27644087, "filerUrl": "", "transactionText": "", "filerName": "Sundaram Trading & Investment Pvt. Ltd.", "filerRelation": "Promoter", "moneyText": "", "startDate": "2018-07-17", "ownership": "D"}, {"maxAge": 1, "shares": 2327000, "filerUrl": "", "transactionText": "", "filerName": "Sundaram Trading & Investment Pvt. Ltd.", "filerRelation": "Promoter", "moneyText": "", "startDate": "2016-11-30", "ownership": "D"}, {"maxAge": 1, "shares": 10650, "filerUrl": "", "transactionText": "", "filerName": "Thakore (Shobhan M)", "filerRelation": "Director (Non-Executive)", "moneyText": "", "startDate": "2015-02-05", "ownership": "D"}, {"maxAge": 1, "shares": 500, "filerUrl": "", "transactionText": "", "filerName": "Ravikumar (Puranam Hayagreeva)", "filerRelation": "Director (Non-Executive)", "moneyText": "", "startDate": "2014-08-13", "ownership": "D"}, {"maxAge": 1, "shares": 4778699, "filerUrl": "", "transactionText": "", "filerName": "Life Insurance Corporation of India", "filerRelation": "Institution- Corporation", "moneyText": "", "startDate": "2014-03-28", "ownership": "D"}, {"maxAge": 1, "shares": 4657845, "filerUrl": "", "transactionText": "", "filerName": "Life Insurance Corporation of India", "filerRelation": "Institution- Corporation", "moneyText": "", "startDate": "2014-01-15", "ownership": "D"}, {"maxAge": 1, "shares": 3728804, "filerUrl": "", "transactionText": "", "filerName": "Life Insurance Corporation of India", "filerRelation": "Institution- Corporation", "moneyText": "", "startDate": "2013-11-05", "ownership": "D"}, {"maxAge": 1, "shares": 2000000, "filerUrl": "", "transactionText": "", "filerName": "Sundaram Trading & Investment Pvt. Ltd.", "filerRelation": "Promoter", "moneyText": "", "startDate": "2013-10-01", "ownership": "D"}, {"maxAge": 1, "shares": 2489525, "filerUrl": "", "transactionText": "", "filerName": "Sundaram Trading & Investment Pvt. Ltd.", "filerRelation": "Promoter", "moneyText": "", "startDate": "2013-09-18", "ownership": "D"}, {"maxAge": 1, "shares": 8431225, "filerUrl": "", "transactionText": "", "filerName": "Sundaram Trading & Investment Pvt. Ltd.", "filerRelation": "Promoter", "moneyText": "", "startDate": "2013-09-12", "ownership": "D"}, {"maxAge": 1, "shares": 165554, "filerUrl": "", "transactionText": "", "filerName": "Reliance Capital Trustee Company Ltd", "filerRelation": "Investment Management Company", "moneyText": "", "startDate": "2011-08-16", "ownership": "D"}], "maxAge": 1}, "quoteType": {"exchange": "BSE", "quoteType": "EQUITY", "symbol": "BHARATFORG.BO", "underlyingSymbol": "BHARATFORG.BO", "shortName": "BHARAT FORGE LTD.", "longName": "Bharat Forge Limited", "firstTradeDateEpochUtc": "1992-01-03 09:15:00", "timeZoneFullName": "Asia/Kolkata", "timeZoneShortName": "IST", "uuid": "84d1f4b5-6141-302e-9c8d-10e0e3fef51e", "messageBoardId": null, "gmtOffSetMilliseconds": 19800000, "maxAge": 1}, "incomeStatementHistory": {"incomeStatementHistory": [{"maxAge": 1, "endDate": "2020-03-31", "totalRevenue": 80558440000, "costOfRevenue": 35765320000, "grossProfit": 44793120000, "researchDevelopment": {}, "sellingGeneralAdministrative": 12073980000, "nonRecurring": {}, "otherOperatingExpenses": 21337790000, "totalOperatingExpenses": 74610470000, "operatingIncome": 5947970000, "totalOtherIncomeExpenseNet": -1330880000, "ebit": 5947970000, "interestExpense": -1638270000, "incomeBeforeTax": 4617090000, "incomeTaxExpense": 1124630000, "minorityInterest": 319890000, "netIncomeFromContinuingOps": 3492460000, "discontinuedOperations": {}, "extraordinaryItems": {}, "effectOfAccountingCharges": {}, "otherItems": {}, "netIncome": 3498320000, "netIncomeApplicableToCommonShares": 3498320000}, {"maxAge": 1, "endDate": "2019-03-31", "totalRevenue": 101457330000, "costOfRevenue": 42143370000, "grossProfit": 59313960000, "researchDevelopment": {}, "sellingGeneralAdministrative": 12830140000, "nonRecurring": {}, "otherOperatingExpenses": 26164980000, "totalOperatingExpenses": 86268370000, "operatingIncome": 15188960000, "totalOtherIncomeExpenseNet": 800850000, "ebit": 15188960000, "interestExpense": -1197990000, "incomeBeforeTax": 15989810000, "incomeTaxExpense": 5663850000, "minorityInterest": 298360000, "netIncomeFromContinuingOps": 10325960000, "discontinuedOperations": {}, "extraordinaryItems": {}, "effectOfAccountingCharges": {}, "otherItems": {}, "netIncome": 10321730000, "netIncomeApplicableToCommonShares": 10321730000}, {"maxAge": 1, "endDate": "2018-03-31", "totalRevenue": 83576920000, "costOfRevenue": 32811220000, "grossProfit": 50765700000, "researchDevelopment": {}, "sellingGeneralAdministrative": 11171820000, "nonRecurring": {}, "otherOperatingExpenses": 21800670000, "totalOperatingExpenses": 70389740000, "operatingIncome": 13187180000, "totalOtherIncomeExpenseNet": -1229570000, "ebit": 13187180000, "interestExpense": -941840000, "incomeBeforeTax": 11957610000, "incomeTaxExpense": 4417930000, "minorityInterest": 294200000, "netIncomeFromContinuingOps": 7539680000, "discontinuedOperations": {}, "extraordinaryItems": {}, "effectOfAccountingCharges": {}, "otherItems": {}, "netIncome": 7624440000, "netIncomeApplicableToCommonShares": 7624440000}, {"maxAge": 1, "endDate": "2017-03-31", "totalRevenue": 63961440000, "costOfRevenue": 24378400000, "grossProfit": 39583040000, "researchDevelopment": {}, "sellingGeneralAdministrative": 9555890000, "nonRecurring": {}, "otherOperatingExpenses": 17270990000, "totalOperatingExpenses": 55723990000, "operatingIncome": 8237450000, "totalOtherIncomeExpenseNet": 1230230000, "ebit": 8237450000, "interestExpense": -854910000, "incomeBeforeTax": 9467680000, "incomeTaxExpense": 2491670000, "minorityInterest": 100400000, "netIncomeFromContinuingOps": 6976010000, "discontinuedOperations": 131170000, "extraordinaryItems": {}, "effectOfAccountingCharges": {}, "otherItems": {}, "netIncome": 7046160000, "netIncomeApplicableToCommonShares": 7046160000}], "maxAge": 86400}, "fundOwnership": {"maxAge": 1, "ownershipList": [{"maxAge": 1, "reportDate": "2020-06-30", "organization": "Calvert World Values Emerging Markets Equity Fund", "pctHeld": 0.0123000005, "position": 5722760, "value": 1825274302}, {"maxAge": 1, "reportDate": "2020-07-31", "organization": "Vanguard International Stock Index-Total Intl Stock Indx", "pctHeld": 0.0070999996, "position": 3285342, "value": 1254836376}, {"maxAge": 1, "reportDate": "2020-07-31", "organization": "Vanguard International Stock Index-Emerging Markets Stk", "pctHeld": 0.0054, "position": 2521661, "value": 963148418}, {"maxAge": 1, "reportDate": "2020-07-31", "organization": "Price (T.Rowe) New Asia Fund", "pctHeld": 0.0052, "position": 2409716, "value": 920391026}, {"maxAge": 1, "reportDate": "2020-07-31", "organization": "DFA Emerging Markets Core Equity Portfolio", "pctHeld": 0.0041, "position": 1925232, "value": 735342362}, {"maxAge": 1, "reportDate": "2020-07-31", "organization": "iShares Core MSCI Emerging Markets ETF", "pctHeld": 0.0034999999, "position": 1642763, "value": 627453327}, {"maxAge": 1, "reportDate": "2020-08-31", "organization": "iShares MSCI India ETF", "pctHeld": 0.0028, "position": 1318513, "value": 647126180}, {"maxAge": 1, "reportDate": "2020-08-31", "organization": "iShares MSCI Emerging Markets ETF", "pctHeld": 0.0017, "position": 805307, "value": 395244675}, {"maxAge": 1, "reportDate": "2020-06-30", "organization": "College Retirement Equities Fund-Stock Account", "pctHeld": 0.0013, "position": 624456, "value": 199170241}, {"maxAge": 1, "reportDate": "2020-06-30", "organization": "Morgan Stanley India Investment Fund", "pctHeld": 0.0011, "position": 499300, "value": 159251735}]}, "summaryDetail": {"maxAge": 1, "priceHint": 2, "previousClose": 605.05, "open": 603.0, "dayLow": 595.5, "dayHigh": 620.95, "regularMarketPreviousClose": 605.05, "regularMarketOpen": 603.0, "regularMarketDayLow": 595.5, "regularMarketDayHigh": 620.95, "trailingPE": 558.3638, "forwardPE": 22.68288, "volume": 160408, "regularMarketVolume": 160408, "averageVolume": 142282, "averageVolume10days": 122763, "averageDailyVolume10Day": 122763, "bid": 608.7, "ask": 609.0, "bidSize": 0, "askSize": 0, "marketCap": 284405039104, "fiftyTwoWeekLow": 207.85, "fiftyTwoWeekHigh": 676.1, "fiftyDayAverage": 613.7757, "twoHundredDayAverage": 520.38794, "trailingAnnualDividendRate": 3.5, "trailingAnnualDividendYield": 0.005784646, "currency": "INR", "fromCurrency": null, "toCurrency": null, "lastMarket": null, "algorithm": null, "tradeable": false}, "sectorTrend": {"maxAge": 1, "symbol": null, "estimates": []}, "incomeStatementHistoryQuarterly": {"incomeStatementHistory": [{"maxAge": 1, "endDate": "2020-06-30", "totalRevenue": 11542110000, "costOfRevenue": 5460000000, "grossProfit": 6082110000, "researchDevelopment": {}, "sellingGeneralAdministrative": 2971880000, "nonRecurring": {}, "otherOperatingExpenses": 3026970000, "totalOperatingExpenses": 12844310000, "operatingIncome": -1302200000, "totalOtherIncomeExpenseNet": -160550000, "ebit": -1302200000, "interestExpense": -367690000, "incomeBeforeTax": -1462750000, "incomeTaxExpense": -189530000, "minorityInterest": {}, "netIncomeFromContinuingOps": -1273220000, "discontinuedOperations": {}, "extraordinaryItems": {}, "effectOfAccountingCharges": {}, "otherItems": {}, "netIncome": -1258110000, "netIncomeApplicableToCommonShares": -1258110000}, {"maxAge": 1, "endDate": "2020-03-31", "totalRevenue": 17419240000, "costOfRevenue": 7995730000, "grossProfit": 9423510000, "researchDevelopment": {}, "sellingGeneralAdministrative": 2843900000, "nonRecurring": {}, "otherOperatingExpenses": 4834460000, "totalOperatingExpenses": 17087120000, "operatingIncome": 332120000, "totalOtherIncomeExpenseNet": -960600000, "ebit": 332120000, "interestExpense": -387170000, "incomeBeforeTax": -628480000, "incomeTaxExpense": 57460000, "minorityInterest": 319890000, "netIncomeFromContinuingOps": -685940000, "discontinuedOperations": {}, "extraordinaryItems": {}, "effectOfAccountingCharges": {}, "otherItems": {}, "netIncome": -720950000, "netIncomeApplicableToCommonShares": -720950000}, {"maxAge": 1, "endDate": "2019-12-31", "totalRevenue": 18308590000, "costOfRevenue": 8286340000, "grossProfit": 10022250000, "researchDevelopment": {}, "sellingGeneralAdministrative": 2959660000, "nonRecurring": {}, "otherOperatingExpenses": 4721500000, "totalOperatingExpenses": 17270290000, "operatingIncome": 1038300000, "totalOtherIncomeExpenseNet": -539120000, "ebit": 1038300000, "interestExpense": -430750000, "incomeBeforeTax": 499180000, "incomeTaxExpense": 94810000, "minorityInterest": 319890000, "netIncomeFromContinuingOps": 404370000, "discontinuedOperations": {}, "extraordinaryItems": {}, "effectOfAccountingCharges": {}, "otherItems": {}, "netIncome": 417920000, "netIncomeApplicableToCommonShares": 417920000}, {"maxAge": 1, "endDate": "2019-09-30", "totalRevenue": 21552050000, "costOfRevenue": 9549690000, "grossProfit": 12002360000, "researchDevelopment": {}, "sellingGeneralAdministrative": 3044790000, "nonRecurring": {}, "otherOperatingExpenses": 5810800000, "totalOperatingExpenses": 19740800000, "operatingIncome": 1811250000, "totalOtherIncomeExpenseNet": 274820000, "ebit": 1811250000, "interestExpense": -365070000, "incomeBeforeTax": 2086070000, "incomeTaxExpense": 31240000, "minorityInterest": 301780000, "netIncomeFromContinuingOps": 2054830000, "discontinuedOperations": {}, "extraordinaryItems": {}, "effectOfAccountingCharges": {}, "otherItems": {}, "netIncome": 2070770000, "netIncomeApplicableToCommonShares": 2070770000}], "maxAge": 86400}, "cashflowStatementHistoryQuarterly": {"cashflowStatements": [{"maxAge": 1, "endDate": "2020-06-30", "netIncome": -1258110000, "changeToLiabilities": 0}, {"maxAge": 1, "endDate": "2020-03-31", "netIncome": -720950000, "changeToLiabilities": 0}, {"maxAge": 1, "endDate": "2019-12-31", "netIncome": 417920000, "changeToLiabilities": 0}, {"maxAge": 1, "endDate": "2019-09-30", "netIncome": 2070770000, "changeToLiabilities": 0}], "maxAge": 86400}, "insiderHolders": {"holders": [{"maxAge": 1, "name": "Life Insurance Corporation of India", "relation": "Institution- Corporation", "url": "", "transactionDescription": "Sale", "latestTransDate": "2014-03-28", "positionDirect": 7338090, "positionDirectDate": "2014-03-28"}, {"maxAge": 1, "name": "Ravikumar (Puranam Hayagreeva)", "relation": "Director (Non-Executive)", "url": "", "transactionDescription": "Acquisition", "latestTransDate": "2014-08-13", "positionDirect": 2500, "positionDirectDate": "2014-08-13"}, {"maxAge": 1, "name": "Reliance Capital Trustee Company Ltd", "relation": "Investment Management Company", "url": "", "transactionDescription": "Acquisition", "latestTransDate": "2011-08-16", "positionDirect": 11795554, "positionDirectDate": "2011-08-16"}, {"maxAge": 1, "name": "Sundaram Trading & Investment Pvt. Ltd.", "relation": "Promoter", "url": "", "transactionDescription": "Acquisition", "latestTransDate": "2018-07-19", "positionDirect": 55240174, "positionDirectDate": "2018-07-19"}, {"maxAge": 1, "name": "Thakore (Shobhan M)", "relation": "Director (Non-Executive)", "url": "", "transactionDescription": "Sale", "latestTransDate": "2015-02-05", "positionDirect": 14000, "positionDirectDate": "2015-02-05"}], "maxAge": 1}, "earnings": {"maxAge": 86400, "earningsChart": {"quarterly": [{"date": "4Q2017", "actual": 4.9, "estimate": 5.32}, {"date": "1Q2018", "actual": 5.03, "estimate": 7.6}, {"date": "2Q2018", "actual": 5.04, "estimate": 6.73}, {"date": "3Q2018", "actual": 4.88, "estimate": 5.36}], "currentQuarterEstimateDate": "4Q", "currentQuarterEstimateYear": 2018, "earningsDate": []}, "financialsChart": {"yearly": [{"date": 2017, "revenue": 63961440000, "earnings": 7046160000}, {"date": 2018, "revenue": 83576920000, "earnings": 7624440000}, {"date": 2019, "revenue": 101457330000, "earnings": 10321730000}, {"date": 2020, "revenue": 80558440000, "earnings": 3498320000}], "quarterly": [{"date": "3Q2019", "revenue": 21552050000, "earnings": 2070770000}, {"date": "4Q2019", "revenue": 18308590000, "earnings": 417920000}, {"date": "1Q2020", "revenue": 17419240000, "earnings": -720950000}, {"date": "2Q2020", "revenue": 11542110000, "earnings": -1258110000}]}, "financialCurrency": "INR"}, "calendarEvents": {"maxAge": 1, "earnings": {"earningsDate": [], "revenueAverage": 17118000000, "revenueLow": 17118000000, "revenueHigh": 17118000000}}, "price": {"maxAge": 1, "regularMarketChangePercent": 0.0095859645, "regularMarketChange": 5.799988, "regularMarketTime": "2021-04-30 15:29:57", "priceHint": 2, "regularMarketPrice": 610.85, "regularMarketDayHigh": 620.95, "regularMarketDayLow": 595.5, "regularMarketVolume": 160408, "averageDailyVolume10Day": 122763, "averageDailyVolume3Month": 142282, "regularMarketPreviousClose": 605.05, "regularMarketSource": "FREE_REALTIME", "regularMarketOpen": 603.0, "exchange": "BSE", "exchangeName": "BSE", "exchangeDataDelayedBy": 0, "marketState": "CLOSED", "quoteType": "EQUITY", "symbol": "BHARATFORG.BO", "underlyingSymbol": null, "shortName": "BHARAT FORGE LTD.", "longName": "Bharat Forge Limited", "currency": "INR", "quoteSourceName": "Delayed Quote", "currencySymbol": "\u20b9", "fromCurrency": null, "toCurrency": null, "lastMarket": null, "marketCap": 284405039104}, "balanceSheetHistory": {"balanceSheetStatements": [{"maxAge": 1, "endDate": "2020-03-31", "cash": 3126200000, "shortTermInvestments": 2406620000, "netReceivables": 16495100000, "inventory": 17347000000, "otherCurrentAssets": 2674750000, "totalCurrentAssets": 52710500000, "longTermInvestments": 5519380000, "propertyPlantEquipment": 50821400000, "goodWill": 369710000, "intangibleAssets": 252730000, "otherAssets": 5954650000, "deferredLongTermAssetCharges": 804190000, "totalAssets": 115628370000, "accountsPayable": 10309310000, "shortLongTermDebt": 4697230000, "otherCurrentLiab": 2724210000, "longTermDebt": 18747340000, "otherLiab": 3748780000, "minorityInterest": 319890000, "totalCurrentLiabilities": 39673940000, "totalLiab": 63111080000, "commonStock": 931180000, "retainedEarnings": 44130770000, "treasuryStock": 204560000, "capitalSurplus": 6930890000, "otherStockholderEquity": 204560000, "totalStockholderEquity": 52197400000, "netTangibleAssets": 51574960000}, {"maxAge": 1, "endDate": "2019-03-31", "cash": 2862170000, "shortTermInvestments": 1854610000, "netReceivables": 22679560000, "inventory": 18446660000, "otherCurrentAssets": 4142990000, "totalCurrentAssets": 55389010000, "longTermInvestments": 9833610000, "propertyPlantEquipment": 43915830000, "goodWill": 348870000, "intangibleAssets": 285210000, "otherAssets": 6649810000, "deferredLongTermAssetCharges": 639580000, "totalAssets": 116422340000, "accountsPayable": 13664370000, "shortLongTermDebt": 2495280000, "otherCurrentLiab": 2509860000, "longTermDebt": 16681240000, "otherLiab": 4490110000, "minorityInterest": 298360000, "totalCurrentLiabilities": 41088150000, "totalLiab": 62363420000, "commonStock": 931180000, "retainedEarnings": 44203840000, "treasuryStock": 1694650000, "capitalSurplus": 6930890000, "otherStockholderEquity": 1694650000, "totalStockholderEquity": 53760560000, "netTangibleAssets": 53126480000}, {"maxAge": 1, "endDate": "2018-03-31", "cash": 2346030000, "shortTermInvestments": 658570000, "netReceivables": 21027780000, "inventory": 13598890000, "otherCurrentAssets": 4337410000, "totalCurrentAssets": 45808660000, "longTermInvestments": 11171370000, "propertyPlantEquipment": 37831120000, "goodWill": 429140000, "intangibleAssets": 171650000, "otherAssets": 4752270000, "deferredLongTermAssetCharges": 396550000, "totalAssets": 100164210000, "accountsPayable": 13267850000, "shortLongTermDebt": 5403120000, "otherCurrentLiab": 1578640000, "longTermDebt": 11134790000, "otherLiab": 4551810000, "minorityInterest": 294200000, "totalCurrentLiabilities": 37538780000, "totalLiab": 53352900000, "commonStock": 931180000, "retainedEarnings": 36806720000, "treasuryStock": 1848320000, "capitalSurplus": 6930890000, "otherStockholderEquity": 1848320000, "totalStockholderEquity": 46517110000, "netTangibleAssets": 45916320000}, {"maxAge": 1, "endDate": "2017-03-31", "cash": 3360820000, "netReceivables": 15693430000, "inventory": 10752030000, "otherCurrentAssets": 4162560000, "totalCurrentAssets": 42200500000, "longTermInvestments": 3716050000, "propertyPlantEquipment": 36206190000, "goodWill": 424180000, "intangibleAssets": 669260000, "otherAssets": 5616890000, "deferredLongTermAssetCharges": 425630000, "totalAssets": 88833070000, "accountsPayable": 8463340000, "shortLongTermDebt": 7965850000, "otherCurrentLiab": 1701090000, "longTermDebt": 10430090000, "otherLiab": 4916660000, "minorityInterest": 100400000, "totalCurrentLiabilities": 32061640000, "totalLiab": 47569000000, "commonStock": 465590000, "retainedEarnings": 31441720000, "treasuryStock": 2159880000, "capitalSurplus": 7096480000, "otherStockholderEquity": 2159880000, "totalStockholderEquity": 41163670000, "netTangibleAssets": 40070230000}], "maxAge": 86400}, "earningsTrend": {"trend": [{"maxAge": 1, "period": "0q", "endDate": "2018-12-31", "growth": {}, "earningsEstimate": {"avg": 0.0, "low": 0.0, "high": 0.0, "yearAgoEps": 4.9, "numberOfAnalysts": 0, "growth": {}}, "revenueEstimate": {"avg": 17118000000, "low": 17118000000, "high": 17118000000, "numberOfAnalysts": 1, "yearAgoRevenue": 13905500000, "growth": 0.231}, "epsTrend": {"current": 0.0, "7daysAgo": 6.04, "30daysAgo": 6.04, "60daysAgo": 6.04, "90daysAgo": 6.04}, "epsRevisions": {"upLast7days": 0, "upLast30days": 0, "downLast30days": 0, "downLast90days": {}}}, {"maxAge": 1, "period": "+1q", "endDate": "2019-03-31", "growth": {}, "earningsEstimate": {"avg": 0.0, "low": 0.0, "high": 0.0, "yearAgoEps": 5.03, "numberOfAnalysts": 0, "growth": {}}, "revenueEstimate": {"avg": 17706000000, "low": 17706000000, "high": 17706000000, "numberOfAnalysts": 1, "yearAgoRevenue": 14666100000, "growth": 0.207}, "epsTrend": {"current": 0.0, "7daysAgo": 6.39, "30daysAgo": 6.39, "60daysAgo": 6.39, "90daysAgo": 6.39}, "epsRevisions": {"upLast7days": 0, "upLast30days": 0, "downLast30days": 0, "downLast90days": {}}}, {"maxAge": 1, "period": "0y", "endDate": "2019-03-31", "growth": {}, "earningsEstimate": {"avg": 0.0, "low": 0.0, "high": 0.0, "yearAgoEps": {}, "numberOfAnalysts": 0, "growth": {}}, "revenueEstimate": {"avg": 73562800000, "low": 59102400000, "high": 98173000000, "numberOfAnalysts": 11, "yearAgoRevenue": 53729500000, "growth": 0.36900002}, "epsTrend": {"current": 0.0, "7daysAgo": 22.62, "30daysAgo": 22.62, "60daysAgo": 22.62, "90daysAgo": 22.62}, "epsRevisions": {"upLast7days": 1, "upLast30days": 1, "downLast30days": 0, "downLast90days": {}}}, {"maxAge": 1, "period": "+1y", "endDate": "2020-03-31", "growth": {}, "earningsEstimate": {"avg": 0.0, "low": 0.0, "high": 0.0, "yearAgoEps": {}, "numberOfAnalysts": 0, "growth": {}}, "revenueEstimate": {"avg": 87371800000, "low": 65603700000, "high": 113971000000, "numberOfAnalysts": 8, "yearAgoRevenue": 73562800000, "growth": 0.188}, "epsTrend": {"current": 0.0, "7daysAgo": 26.93, "30daysAgo": 26.93, "60daysAgo": 26.93, "90daysAgo": 26.93}, "epsRevisions": {"upLast7days": 0, "upLast30days": 0, "downLast30days": 1, "downLast90days": {}}}, {"maxAge": 1, "period": "+5y", "endDate": null, "growth": 0.2391, "earningsEstimate": {"avg": {}, "low": {}, "high": {}, "yearAgoEps": {}, "numberOfAnalysts": {}, "growth": {}}, "revenueEstimate": {"avg": {}, "low": {}, "high": {}, "numberOfAnalysts": {}, "yearAgoRevenue": {}, "growth": {}}, "epsTrend": {"current": {}, "7daysAgo": {}, "30daysAgo": {}, "60daysAgo": {}, "90daysAgo": {}}, "epsRevisions": {"upLast7days": {}, "upLast30days": {}, "downLast30days": {}, "downLast90days": {}}}, {"maxAge": 1, "period": "-5y", "endDate": null, "growth": {}, "earningsEstimate": {"avg": {}, "low": {}, "high": {}, "yearAgoEps": {}, "numberOfAnalysts": {}, "growth": {}}, "revenueEstimate": {"avg": {}, "low": {}, "high": {}, "numberOfAnalysts": {}, "yearAgoRevenue": {}, "growth": {}}, "epsTrend": {"current": {}, "7daysAgo": {}, "30daysAgo": {}, "60daysAgo": {}, "90daysAgo": {}}, "epsRevisions": {"upLast7days": {}, "upLast30days": {}, "downLast30days": {}, "downLast90days": {}}}], "maxAge": 1}, "financialData": {"maxAge": 86400, "currentPrice": 610.85, "targetHighPrice": 820.0, "targetLowPrice": 460.0, "targetMeanPrice": 704.93, "targetMedianPrice": 702.0, "recommendationKey": "none", "numberOfAnalystOpinions": 29, "grossProfits": 44793120000, "financialCurrency": "INR"}}}