{"BHARATGEAR.NS": {"assetProfile": {"address1": "Hoechst House", "address2": "14th Floor Nariman Point", "city": "Mumbai", "zip": "400021", "country": "India", "phone": "91 22 2283 2370", "website": "http://www.bharatgears.com", "industry": "Auto Parts", "sector": "Consumer Cyclical", "longBusinessSummary": "Bharat Gears Limited manufactures and supplies automotive gears in India, the United States, Mexico, Spain, and internationally. The company operates through Gears, Automotive Components, and Furnaces segments. It offers gear products, such as ring gears and pinions, transmission gears and shafts, differential gears, and gear boxes; and heat treatment furnaces and equipment, such as endothermic gas generators, rotary hearth atmosphere hardening, conveyor and sealed quench furnace lines, and pusher continuous gas carburising furnaces for utility vehicles, tractors, and off highway vehicles, as well as heavy, medium, and light trucks. The company also provides automotive components, including crown wheel pinions, transmission gears, straight bevel parts, steering components, fly wheel assemblies, fly wheel rings, axle shafts, ceramic buttons, cover assemblies, lever and spring kits, clutch components, differential cages, propeller shaft and clutch components, crankshafts, turbo charger kits, and turbos charger core and rotor products. It serves original equipment manufacturers. Bharat Gears Limited was incorporated in 1971 and is based in Mumbai, India.", "fullTimeEmployees": 1478, "companyOfficers": [{"maxAge": 1, "name": "Mr. Surinder Paul Kanwar", "age": 68, "title": "Chairman & MD", "yearBorn": 1952, "fiscalYear": 2020, "totalPay": 26287000, "exercisedValue": 0, "unexercisedValue": 0}, {"maxAge": 1, "name": "Mr. Sameer  Kanwar B.A., B.A. (Eco.)", "age": 43, "title": "Joint MD & Exec. Director", "yearBorn": 1977, "fiscalYear": 2020, "totalPay": 17335000, "exercisedValue": 0, "unexercisedValue": 0}, {"maxAge": 1, "name": "Mr. Milind  Pujari B.Com., F.C.A.", "age": 50, "title": "Chief Financial Officer", "yearBorn": 1970, "exercisedValue": 0, "unexercisedValue": 0}, {"maxAge": 1, "name": "Mr. Prashant  Khattry L.L.B., M.B.A.", "age": 42, "title": "Group Head of Legal, Compliance Officer & Company Sec.", "yearBorn": 1978, "exercisedValue": 0, "unexercisedValue": 0}, {"maxAge": 1, "name": "Mr. Naresh  Verma B.Com.", "age": 59, "title": "Corp. Head of HR & Operations", "yearBorn": 1961, "exercisedValue": 0, "unexercisedValue": 0}, {"maxAge": 1, "name": "Mr. Jagdeep  Singh B.A.", "age": 63, "title": "Bus. Head of After Market", "yearBorn": 1957, "fiscalYear": 2016, "exercisedValue": 0, "unexercisedValue": 0}, {"maxAge": 1, "name": "Mr. Kiran K. Deshpande B.E.", "age": 61, "title": "Head of OE Marketing & Bus. Devel.", "yearBorn": 1959, "exercisedValue": 0, "unexercisedValue": 0}, {"maxAge": 1, "name": "Mr. Shivaji H. Patil", "age": 59, "title": "Head of Operations - Mumbra Plant", "yearBorn": 1961, "exercisedValue": 0, "unexercisedValue": 0}, {"maxAge": 1, "name": "Mr. Vivek R. Pai B.Tech.", "age": 62, "title": "Head of Furnace Division", "yearBorn": 1958, "exercisedValue": 0, "unexercisedValue": 0}, {"maxAge": 1, "name": "Mr. Sandeep G. Gandre", "age": 60, "title": "Head of Operations - Lonand Plant", "yearBorn": 1960, "exercisedValue": 0, "unexercisedValue": 0}], "compensationAsOfEpochDate": "2020-12-31 05:30:00", "maxAge": 86400}, "recommendationTrend": {"trend": [{"period": "0m", "strongBuy": 0, "buy": 0, "hold": 0, "sell": 0, "strongSell": 0}, {"period": "-1m", "strongBuy": 0, "buy": 0, "hold": 0, "sell": 0, "strongSell": 0}, {"period": "-2m", "strongBuy": 0, "buy": 0, "hold": 0, "sell": 0, "strongSell": 0}, {"period": "-3m", "strongBuy": 0, "buy": 0, "hold": 0, "sell": 0, "strongSell": 0}], "maxAge": 86400}, "cashflowStatementHistory": {"cashflowStatements": [{"maxAge": 1, "endDate": "2020-03-31", "netIncome": -187778000, "depreciation": 263536000, "changeToNetincome": 112327000, "changeToAccountReceivables": 159117000, "changeToLiabilities": -72222000, "changeToInventory": 153404000, "changeToOperatingActivities": 103904000, "totalCashFromOperatingActivities": 535625000, "capitalExpenditures": -304930000, "otherCashflowsFromInvestingActivities": 8680000, "totalCashflowsFromInvestingActivities": -294766000, "dividendsPaid": -9520000, "netBorrowings": -117141000, "otherCashflowsFromFinancingActivities": -194606000, "totalCashFromFinancingActivities": -199137000, "changeInCash": 41722000, "issuanceOfStock": 122130000}, {"maxAge": 1, "endDate": "2019-03-31", "netIncome": 125298000, "depreciation": 212616000, "changeToNetincome": 164202000, "changeToAccountReceivables": 116209000, "changeToLiabilities": -4067000, "changeToInventory": -170404000, "changeToOperatingActivities": 52335000, "totalCashFromOperatingActivities": 501187000, "capitalExpenditures": -556749000, "otherCashflowsFromInvestingActivities": -5467000, "totalCashflowsFromInvestingActivities": -561246000, "dividendsPaid": -9520000, "netBorrowings": 158485000, "otherCashflowsFromFinancingActivities": -208311000, "totalCashFromFinancingActivities": -49826000, "effectOfExchangeRate": -30000, "changeInCash": -109915000, "issuanceOfStock": 122130000}, {"maxAge": 1, "endDate": "2018-03-31", "netIncome": 63030000, "depreciation": 178649000, "changeToNetincome": 161733000, "changeToAccountReceivables": -351786000, "changeToLiabilities": 281675000, "changeToInventory": -150581000, "changeToOperatingActivities": -125563000, "totalCashFromOperatingActivities": 61319000, "capitalExpenditures": -214122000, "otherCashflowsFromInvestingActivities": 5196000, "totalCashflowsFromInvestingActivities": -207159000, "dividendsPaid": -586000, "netBorrowings": 352961000, "otherCashflowsFromFinancingActivities": -134242000, "totalCashFromFinancingActivities": 269262000, "effectOfExchangeRate": 723000, "changeInCash": 124145000, "issuanceOfStock": 51129000}, {"maxAge": 1, "endDate": "2017-03-31", "netIncome": -14608000, "depreciation": 162613000, "changeToNetincome": 131595000, "changeToAccountReceivables": -132266000, "changeToLiabilities": 136742000, "changeToInventory": -50853000, "changeToOperatingActivities": -34978000, "totalCashFromOperatingActivities": 202558000, "capitalExpenditures": -58160000, "otherCashflowsFromInvestingActivities": 7701000, "totalCashflowsFromInvestingActivities": -48874000, "dividendsPaid": -191000, "netBorrowings": -57965000, "otherCashflowsFromFinancingActivities": -125217000, "totalCashFromFinancingActivities": -183373000, "effectOfExchangeRate": 1285000, "changeInCash": -28404000, "issuanceOfStock": 51129000}], "maxAge": 86400}, "indexTrend": {"maxAge": 1, "symbol": "SP5", "peRatio": 19.7411, "pegRatio": 1.34172, "estimates": [{"period": "0q", "growth": 0.549}, {"period": "+1q", "growth": 0.431}, {"period": "0y", "growth": 0.305}, {"period": "+1y", "growth": 0.109}, {"period": "+5y", "growth": 0.120865}, {"period": "-5y"}]}, "defaultKeyStatistics": {"maxAge": 1, "priceHint": 2, "enterpriseValue": 2299105792, "profitMargins": -0.028770002, "floatShares": 3942860, "sharesOutstanding": 9306100, "heldPercentInsiders": 0.56423, "heldPercentInstitutions": 0.00016000001, "beta": 1.89036, "category": null, "bookValue": 69.108, "priceToBook": 1.1438618, "fundFamily": null, "legalType": null, "lastFiscalYearEnd": "2020-03-31 05:30:00", "nextFiscalYearEnd": "2022-03-31 05:30:00", "mostRecentQuarter": "2020-12-31 05:30:00", "netIncomeToCommon": -126478000, "trailingEps": -13.58, "lastSplitFactor": null, "enterpriseToRevenue": 0.523, "enterpriseToEbitda": 7.248, "52WeekChange": 1.0140128, "SandP52WeekChange": 0.48148263, "lastDividendValue": 1.0, "lastDividendDate": 1564358400}, "industryTrend": {"maxAge": 1, "symbol": null, "estimates": []}, "quoteType": {"exchange": "NSI", "quoteType": "EQUITY", "symbol": "BHARATGEAR.NS", "underlyingSymbol": "BHARATGEAR.NS", "shortName": "BHARAT GEARS", "longName": "Bharat Gears Limited", "firstTradeDateEpochUtc": "2002-07-01 09:15:00", "timeZoneFullName": "Asia/Kolkata", "timeZoneShortName": "IST", "uuid": "3be9c200-2328-34b1-8ae4-a6d7d717a8bf", "messageBoardId": "finmb_883604", "gmtOffSetMilliseconds": 19800000, "maxAge": 1}, "incomeStatementHistory": {"incomeStatementHistory": [{"maxAge": 1, "endDate": "2020-03-31", "totalRevenue": 4631198000, "costOfRevenue": 2513041000, "grossProfit": 2118157000, "researchDevelopment": {}, "sellingGeneralAdministrative": 901450000, "nonRecurring": {}, "otherOperatingExpenses": 1015306000, "totalOperatingExpenses": 4696670000, "operatingIncome": -65472000, "totalOtherIncomeExpenseNet": -182753000, "ebit": -65472000, "interestExpense": -196732000, "incomeBeforeTax": -248225000, "incomeTaxExpense": -60447000, "minorityInterest": {}, "netIncomeFromContinuingOps": -187778000, "discontinuedOperations": {}, "extraordinaryItems": {}, "effectOfAccountingCharges": {}, "otherItems": {}, "netIncome": -187778000, "netIncomeApplicableToCommonShares": -187778000}, {"maxAge": 1, "endDate": "2019-03-31", "totalRevenue": 5943964000, "costOfRevenue": 2894563000, "grossProfit": 3049401000, "researchDevelopment": {}, "sellingGeneralAdministrative": 1025660000, "nonRecurring": {}, "otherOperatingExpenses": 1429263000, "totalOperatingExpenses": 5567434000, "operatingIncome": 376530000, "totalOtherIncomeExpenseNet": -182043000, "ebit": 376530000, "interestExpense": -193764000, "incomeBeforeTax": 194487000, "incomeTaxExpense": 69189000, "minorityInterest": {}, "netIncomeFromContinuingOps": 125298000, "discontinuedOperations": {}, "extraordinaryItems": {}, "effectOfAccountingCharges": {}, "otherItems": {}, "netIncome": 125298000, "netIncomeApplicableToCommonShares": 125298000}, {"maxAge": 1, "endDate": "2018-03-31", "totalRevenue": 5067089000, "costOfRevenue": 2481945000, "grossProfit": 2585144000, "researchDevelopment": {}, "sellingGeneralAdministrative": 909819000, "nonRecurring": {}, "otherOperatingExpenses": 1234769000, "totalOperatingExpenses": 4810252000, "operatingIncome": 256837000, "totalOtherIncomeExpenseNet": -164407000, "ebit": 256837000, "interestExpense": -137571000, "incomeBeforeTax": 92430000, "incomeTaxExpense": 29400000, "minorityInterest": {}, "netIncomeFromContinuingOps": 63030000, "discontinuedOperations": {}, "extraordinaryItems": {}, "effectOfAccountingCharges": {}, "otherItems": {}, "netIncome": 63030000, "netIncomeApplicableToCommonShares": 63030000}, {"maxAge": 1, "endDate": "2017-03-31", "totalRevenue": 4067810000, "costOfRevenue": 1961361000, "grossProfit": 2106449000, "researchDevelopment": {}, "sellingGeneralAdministrative": 822197000, "nonRecurring": {}, "otherOperatingExpenses": 1002172000, "totalOperatingExpenses": 3953309000, "operatingIncome": 114501000, "totalOtherIncomeExpenseNet": -137309000, "ebit": 114501000, "interestExpense": -125980000, "incomeBeforeTax": -22808000, "incomeTaxExpense": -8200000, "minorityInterest": {}, "netIncomeFromContinuingOps": -14608000, "discontinuedOperations": {}, "extraordinaryItems": {}, "effectOfAccountingCharges": {}, "otherItems": {}, "netIncome": -14608000, "netIncomeApplicableToCommonShares": -14608000}], "maxAge": 86400}, "fundOwnership": {"maxAge": 1, "ownershipList": []}, "summaryDetail": {"maxAge": 1, "priceHint": 2, "previousClose": 79.25, "open": 78.15, "dayLow": 77.8, "dayHigh": 80.15, "regularMarketPreviousClose": 79.25, "regularMarketOpen": 78.15, "regularMarketDayLow": 77.8, "regularMarketDayHigh": 80.15, "exDividendDate": "2019-07-29 05:30:00", "payoutRatio": 0.0, "beta": 1.89036, "volume": 13439, "regularMarketVolume": 13439, "averageVolume": 42205, "averageVolume10days": 41067, "averageDailyVolume10Day": 41067, "bid": 0.0, "ask": 0.0, "bidSize": 0, "askSize": 0, "marketCap": 735647232, "fiftyTwoWeekLow": 34.05, "fiftyTwoWeekHigh": 97.65, "priceToSalesTrailing12Months": 0.16734095, "fiftyDayAverage": 76.61, "twoHundredDayAverage": 69.83403, "trailingAnnualDividendRate": 1.0, "trailingAnnualDividendYield": 0.012618297, "currency": "INR", "fromCurrency": null, "toCurrency": null, "lastMarket": null, "algorithm": null, "tradeable": false}, "insiderHolders": {"holders": [{"maxAge": 1, "name": "Future Consultants Pvt Ltd", "relation": "Promoter", "url": "", "transactionDescription": "Sale", "latestTransDate": "2019-12-30", "positionDirect": 0, "positionDirectDate": "2019-12-30"}, {"maxAge": 1, "name": "Kanwar (Sameer)", "relation": "Director (Executive)", "url": "", "transactionDescription": "Other", "latestTransDate": "2017-09-26", "positionDirect": 0, "positionDirectDate": "2017-09-26"}, {"maxAge": 1, "name": "Kanwar (Surinder P)", "relation": "Executive Chairman", "url": "", "transactionDescription": "Other", "latestTransDate": "2019-05-10", "positionDirect": 3367570, "positionDirectDate": "2019-05-10"}, {"maxAge": 1, "name": "Raunaq International Ltd", "relation": "Promoter", "url": "", "transactionDescription": "Sale", "latestTransDate": "2019-12-30", "positionDirect": 236097, "positionDirectDate": "2019-12-30"}, {"maxAge": 1, "name": "Ultra Consultants Pvt Ltd", "relation": "Promoter", "url": "", "transactionDescription": "Purchase", "latestTransDate": "2019-12-30", "positionDirect": 1411109, "positionDirectDate": "2019-12-30"}], "maxAge": 1}, "calendarEvents": {"maxAge": 1, "earnings": {"earningsDate": []}, "exDividendDate": "2019-07-29 05:30:00"}, "price": {"maxAge": 1, "regularMarketChangePercent": -0.0025236206, "regularMarketChange": -0.19999695, "regularMarketTime": "2021-04-30 15:29:18", "priceHint": 2, "regularMarketPrice": 79.05, "regularMarketDayHigh": 80.15, "regularMarketDayLow": 77.8, "regularMarketVolume": 13439, "averageDailyVolume10Day": 41067, "averageDailyVolume3Month": 42205, "regularMarketPreviousClose": 79.25, "regularMarketSource": "FREE_REALTIME", "regularMarketOpen": 78.15, "exchange": "NSI", "exchangeName": "NSE", "exchangeDataDelayedBy": 15, "marketState": "CLOSED", "quoteType": "EQUITY", "symbol": "BHARATGEAR.NS", "underlyingSymbol": null, "shortName": "BHARAT GEARS", "longName": "Bharat Gears Limited", "currency": "INR", "quoteSourceName": "Delayed Quote", "currencySymbol": "\u20b9", "fromCurrency": null, "toCurrency": null, "lastMarket": null, "marketCap": 735647232}, "balanceSheetHistory": {"balanceSheetStatements": [{"maxAge": 1, "endDate": "2020-03-31", "cash": 6920000, "shortTermInvestments": 16309000, "netReceivables": 1134428000, "inventory": 781476000, "otherCurrentAssets": 113494000, "totalCurrentAssets": 2066018000, "propertyPlantEquipment": 1504378000, "intangibleAssets": 12727000, "otherAssets": 158280000, "deferredLongTermAssetCharges": 85081000, "totalAssets": 3741403000, "accountsPayable": 1088524000, "shortLongTermDebt": 231161000, "otherCurrentLiab": 62842000, "longTermDebt": 823059000, "otherLiab": 252113000, "totalCurrentLiabilities": 1844970000, "totalLiab": 2945662000, "commonStock": 93061000, "retainedEarnings": 422332000, "treasuryStock": 35561000, "capitalSurplus": 244787000, "otherStockholderEquity": 35561000, "totalStockholderEquity": 795741000, "netTangibleAssets": 783014000}, {"maxAge": 1, "endDate": "2019-03-31", "cash": 5687000, "shortTermInvestments": 10983000, "netReceivables": 1441093000, "inventory": 940680000, "otherCurrentAssets": 115723000, "totalCurrentAssets": 2528250000, "propertyPlantEquipment": 1538865000, "intangibleAssets": 15001000, "otherAssets": 114999000, "deferredLongTermAssetCharges": 30507000, "totalAssets": 4197115000, "accountsPayable": 1163636000, "shortLongTermDebt": 207805000, "otherCurrentLiab": 286220000, "longTermDebt": 808174000, "otherLiab": 224871000, "totalCurrentLiabilities": 2274524000, "totalLiab": 3312168000, "commonStock": 81428000, "retainedEarnings": 621327000, "treasuryStock": 42802000, "capitalSurplus": 139390000, "otherStockholderEquity": 42802000, "totalStockholderEquity": 884947000, "netTangibleAssets": 869946000}, {"maxAge": 1, "endDate": "2018-03-31", "cash": 2465000, "shortTermInvestments": 10217000, "netReceivables": 1527062000, "inventory": 770276000, "otherCurrentAssets": 85766000, "totalCurrentAssets": 2408041000, "propertyPlantEquipment": 1144700000, "intangibleAssets": 10023000, "otherAssets": 94554000, "deferredLongTermAssetCharges": 20814000, "totalAssets": 3657318000, "accountsPayable": 1169971000, "shortLongTermDebt": 53502000, "otherCurrentLiab": 164875000, "longTermDebt": 786770000, "otherLiab": 182061000, "totalCurrentLiabilities": 1910267000, "totalLiab": 2879098000, "commonStock": 81428000, "retainedEarnings": 496029000, "treasuryStock": 61373000, "capitalSurplus": 139390000, "otherStockholderEquity": 61373000, "totalStockholderEquity": 778220000, "netTangibleAssets": 768197000}, {"maxAge": 1, "endDate": "2017-03-31", "cash": 4601000, "shortTermInvestments": 4147000, "netReceivables": 1025996000, "inventory": 624295000, "otherCurrentAssets": 102837000, "totalCurrentAssets": 1772561000, "propertyPlantEquipment": 1032152000, "intangibleAssets": 11663000, "otherAssets": 89093000, "deferredLongTermAssetCharges": 7851000, "totalAssets": 2905469000, "accountsPayable": 889766000, "shortLongTermDebt": 223388000, "otherCurrentLiab": 50878000, "longTermDebt": 372512000, "otherLiab": 162214000, "totalCurrentLiabilities": 1705991000, "totalLiab": 2240717000, "commonStock": 78178000, "retainedEarnings": 432999000, "treasuryStock": 61115000, "capitalSurplus": 92460000, "otherStockholderEquity": 61115000, "totalStockholderEquity": 664752000, "netTangibleAssets": 653089000}], "maxAge": 86400}, "earningsTrend": {"trend": [{"maxAge": 1, "period": "0q", "endDate": null, "growth": {}, "earningsEstimate": {"avg": 0.0, "low": 0.0, "high": 0.0, "yearAgoEps": {}, "numberOfAnalysts": 0, "growth": {}}, "revenueEstimate": {"avg": 0, "low": 0, "high": 0, "numberOfAnalysts": 0, "yearAgoRevenue": {}, "growth": {}}, "epsTrend": {"current": 0.0, "7daysAgo": 0.0, "30daysAgo": 0.0, "60daysAgo": 0.0, "90daysAgo": 0.0}, "epsRevisions": {"upLast7days": 0, "upLast30days": 0, "downLast30days": 0, "downLast90days": {}}}, {"maxAge": 1, "period": "+1q", "endDate": null, "growth": {}, "earningsEstimate": {"avg": 0.0, "low": 0.0, "high": 0.0, "yearAgoEps": {}, "numberOfAnalysts": 0, "growth": {}}, "revenueEstimate": {"avg": 0, "low": 0, "high": 0, "numberOfAnalysts": 0, "yearAgoRevenue": {}, "growth": {}}, "epsTrend": {"current": 0.0, "7daysAgo": 0.0, "30daysAgo": 0.0, "60daysAgo": 0.0, "90daysAgo": 0.0}, "epsRevisions": {"upLast7days": 0, "upLast30days": 0, "downLast30days": 0, "downLast90days": {}}}, {"maxAge": 1, "period": "0y", "endDate": null, "growth": {}, "earningsEstimate": {"avg": 0.0, "low": 0.0, "high": 0.0, "yearAgoEps": {}, "numberOfAnalysts": 0, "growth": {}}, "revenueEstimate": {"avg": 0, "low": 0, "high": 0, "numberOfAnalysts": 0, "yearAgoRevenue": {}, "growth": {}}, "epsTrend": {"current": 0.0, "7daysAgo": 0.0, "30daysAgo": 0.0, "60daysAgo": 0.0, "90daysAgo": 0.0}, "epsRevisions": {"upLast7days": 0, "upLast30days": 0, "downLast30days": 0, "downLast90days": {}}}, {"maxAge": 1, "period": "+1y", "endDate": null, "growth": {}, "earningsEstimate": {"avg": 0.0, "low": 0.0, "high": 0.0, "yearAgoEps": {}, "numberOfAnalysts": 0, "growth": {}}, "revenueEstimate": {"avg": 0, "low": 0, "high": 0, "numberOfAnalysts": 0, "yearAgoRevenue": {}, "growth": {}}, "epsTrend": {"current": 0.0, "7daysAgo": 0.0, "30daysAgo": 0.0, "60daysAgo": 0.0, "90daysAgo": 0.0}, "epsRevisions": {"upLast7days": 0, "upLast30days": 0, "downLast30days": 0, "downLast90days": {}}}, {"maxAge": 1, "period": "+5y", "endDate": null, "growth": {}, "earningsEstimate": {"avg": {}, "low": {}, "high": {}, "yearAgoEps": {}, "numberOfAnalysts": {}, "growth": {}}, "revenueEstimate": {"avg": {}, "low": {}, "high": {}, "numberOfAnalysts": {}, "yearAgoRevenue": {}, "growth": {}}, "epsTrend": {"current": {}, "7daysAgo": {}, "30daysAgo": {}, "60daysAgo": {}, "90daysAgo": {}}, "epsRevisions": {"upLast7days": {}, "upLast30days": {}, "downLast30days": {}, "downLast90days": {}}}, {"maxAge": 1, "period": "-5y", "endDate": null, "growth": {}, "earningsEstimate": {"avg": {}, "low": {}, "high": {}, "yearAgoEps": {}, "numberOfAnalysts": {}, "growth": {}}, "revenueEstimate": {"avg": {}, "low": {}, "high": {}, "numberOfAnalysts": {}, "yearAgoRevenue": {}, "growth": {}}, "epsTrend": {"current": {}, "7daysAgo": {}, "30daysAgo": {}, "60daysAgo": {}, "90daysAgo": {}}, "epsRevisions": {"upLast7days": {}, "upLast30days": {}, "downLast30days": {}, "downLast90days": {}}}], "maxAge": 1}, "institutionOwnership": {"maxAge": 1, "ownershipList": []}, "majorHoldersBreakdown": {"maxAge": 1, "insidersPercentHeld": 0.56423, "institutionsPercentHeld": 0.00016000001, "institutionsFloatPercentHeld": 0.00037, "institutionsCount": 1}, "balanceSheetHistoryQuarterly": {"balanceSheetStatements": [{"maxAge": 1, "endDate": "2020-12-31", "totalStockholderEquity": 641500000, "netTangibleAssets": 630100000}, {"maxAge": 1, "endDate": "2020-09-30", "cash": 65100000, "shortTermInvestments": 27200000, "netReceivables": 1141200000, "inventory": 746500000, "otherCurrentAssets": 180600000, "totalCurrentAssets": 2160600000, "propertyPlantEquipment": 1442100000, "intangibleAssets": 11400000, "otherAssets": 185600000, "deferredLongTermAssetCharges": 110400000, "totalAssets": 3799700000, "accountsPayable": 1156200000, "shortLongTermDebt": 378000000, "otherCurrentLiab": 61700000, "longTermDebt": 768000000, "otherLiab": 286900000, "totalCurrentLiabilities": 2043100000, "totalLiab": 3158200000, "commonStock": 93100000, "treasuryStock": 548400000, "otherStockholderEquity": 548400000, "totalStockholderEquity": 641500000, "netTangibleAssets": 630100000}, {"maxAge": 1, "endDate": "2020-06-30", "totalStockholderEquity": 795800000, "netTangibleAssets": 783100000}, {"maxAge": 1, "endDate": "2020-03-31", "cash": 6920000, "shortTermInvestments": 16309000, "netReceivables": 1134428000, "inventory": 781476000, "otherCurrentAssets": 113494000, "totalCurrentAssets": 2066018000, "propertyPlantEquipment": 1504378000, "intangibleAssets": 12727000, "otherAssets": 158280000, "deferredLongTermAssetCharges": 85081000, "totalAssets": 3741403000, "accountsPayable": 1088524000, "shortLongTermDebt": 231161000, "otherCurrentLiab": 62842000, "longTermDebt": 823059000, "otherLiab": 252113000, "totalCurrentLiabilities": 1844970000, "totalLiab": 2945662000, "commonStock": 93061000, "retainedEarnings": 422332000, "treasuryStock": 35561000, "capitalSurplus": 244787000, "otherStockholderEquity": 35561000, "totalStockholderEquity": 795741000, "netTangibleAssets": 783014000}], "maxAge": 86400}, "earningsHistory": {"history": [{"maxAge": 1, "epsActual": {}, "epsEstimate": {}, "epsDifference": {}, "surprisePercent": {}, "quarter": {}, "period": "-4q"}, {"maxAge": 1, "epsActual": {}, "epsEstimate": {}, "epsDifference": {}, "surprisePercent": {}, "quarter": {}, "period": "-3q"}, {"maxAge": 1, "epsActual": {}, "epsEstimate": {}, "epsDifference": {}, "surprisePercent": {}, "quarter": {}, "period": "-2q"}, {"maxAge": 1, "epsActual": {}, "epsEstimate": {}, "epsDifference": {}, "surprisePercent": {}, "quarter": {}, "period": "-1q"}], "maxAge": 86400}, "summaryProfile": {"address1": "Hoechst House", "address2": "14th Floor Nariman Point", "city": "Mumbai", "zip": "400021", "country": "India", "phone": "91 22 2283 2370", "website": "http://www.bharatgears.com", "industry": "Auto Parts", "sector": "Consumer Cyclical", "longBusinessSummary": "Bharat Gears Limited manufactures and supplies automotive gears in India, the United States, Mexico, Spain, and internationally. The company operates through Gears, Automotive Components, and Furnaces segments. It offers gear products, such as ring gears and pinions, transmission gears and shafts, differential gears, and gear boxes; and heat treatment furnaces and equipment, such as endothermic gas generators, rotary hearth atmosphere hardening, conveyor and sealed quench furnace lines, and pusher continuous gas carburising furnaces for utility vehicles, tractors, and off highway vehicles, as well as heavy, medium, and light trucks. The company also provides automotive components, including crown wheel pinions, transmission gears, straight bevel parts, steering components, fly wheel assemblies, fly wheel rings, axle shafts, ceramic buttons, cover assemblies, lever and spring kits, clutch components, differential cages, propeller shaft and clutch components, crankshafts, turbo charger kits, and turbos charger core and rotor products. It serves original equipment manufacturers. Bharat Gears Limited was incorporated in 1971 and is based in Mumbai, India.", "fullTimeEmployees": 1478, "companyOfficers": [], "maxAge": 86400}, "netSharePurchaseActivity": {"maxAge": 1, "period": "6m", "buyInfoCount": 0, "buyInfoShares": 0, "sellInfoCount": 0, "netInfoCount": 0, "netInfoShares": 0, "netPercentInsiderShares": 0.0, "totalInsiderShares": 5254322}, "insiderTransactions": {"transactions": [{"maxAge": 1, "shares": 17315, "filerUrl": "", "transactionText": "", "filerName": "Raunaq International Ltd", "filerRelation": "Promoter", "moneyText": "", "startDate": "2019-12-30", "ownership": "D"}, {"maxAge": 1, "shares": 645071, "filerUrl": "", "transactionText": "", "filerName": "Future Consultants Pvt Ltd", "filerRelation": "Promoter", "moneyText": "", "startDate": "2019-12-30", "ownership": "D"}, {"maxAge": 1, "shares": 645071, "filerUrl": "", "transactionText": "", "filerName": "Ultra Consultants Pvt Ltd", "filerRelation": "Promoter", "moneyText": "", "startDate": "2019-12-30", "ownership": "D"}, {"maxAge": 1, "shares": 39568, "filerUrl": "", "transactionText": "", "filerName": "Raunaq International Ltd", "filerRelation": "Promoter", "moneyText": "", "startDate": "2019-11-27", "ownership": "D"}, {"maxAge": 1, "shares": 738650, "filerUrl": "", "transactionText": "", "filerName": "Kanwar (Surinder P)", "filerRelation": "Executive Chairman", "moneyText": "", "startDate": "2019-05-10", "ownership": "D"}, {"maxAge": 1, "shares": 325000, "filerUrl": "", "transactionText": "", "filerName": "Kanwar (Surinder P)", "filerRelation": "Chairman of the Board", "moneyText": "", "startDate": "2017-11-03", "ownership": "D"}, {"maxAge": 1, "shares": 17488, "filerUrl": "", "transactionText": "", "filerName": "Kanwar (Surinder P)", "filerRelation": "Chairman of the Board", "moneyText": "", "startDate": "2017-09-26", "ownership": "D"}, {"maxAge": 1, "shares": 14253, "filerUrl": "", "transactionText": "", "filerName": "Kanwar (Sameer)", "filerRelation": "Director (Executive)", "moneyText": "", "startDate": "2017-09-26", "ownership": "D"}, {"maxAge": 1, "shares": 175000, "filerUrl": "", "transactionText": "", "filerName": "Future Consultants Pvt Ltd", "filerRelation": "Promoter", "moneyText": "", "startDate": "2012-02-28", "ownership": "D"}, {"maxAge": 1, "shares": 175000, "filerUrl": "", "transactionText": "", "filerName": "Kanwar (Surinder P)", "filerRelation": "Chairman of the Board", "moneyText": "", "startDate": "2010-11-01", "ownership": "D"}], "maxAge": 1}, "sectorTrend": {"maxAge": 1, "symbol": null, "estimates": []}, "incomeStatementHistoryQuarterly": {"incomeStatementHistory": [{"maxAge": 1, "endDate": "2020-12-31", "totalRevenue": 1515000000, "costOfRevenue": 715200000, "grossProfit": 799800000, "researchDevelopment": {}, "sellingGeneralAdministrative": 228400000, "nonRecurring": {}, "otherOperatingExpenses": 409300000, "totalOperatingExpenses": 1412800000, "operatingIncome": 102200000, "totalOtherIncomeExpenseNet": -54100000, "ebit": 102200000, "interestExpense": -60600000, "incomeBeforeTax": 48100000, "incomeTaxExpense": 700000, "minorityInterest": {}, "netIncomeFromContinuingOps": 47400000, "discontinuedOperations": {}, "extraordinaryItems": {}, "effectOfAccountingCharges": {}, "otherItems": {}, "netIncome": 47400000, "netIncomeApplicableToCommonShares": 47400000}, {"maxAge": 1, "endDate": "2020-09-30", "totalRevenue": 1282400000, "costOfRevenue": 624800000, "grossProfit": 657600000, "researchDevelopment": {}, "sellingGeneralAdministrative": 210200000, "nonRecurring": {}, "otherOperatingExpenses": 342300000, "totalOperatingExpenses": 1238200000, "operatingIncome": 44200000, "totalOtherIncomeExpenseNet": -67000000, "ebit": 44200000, "interestExpense": -63300000, "incomeBeforeTax": -22800000, "incomeTaxExpense": -2100000, "minorityInterest": {}, "netIncomeFromContinuingOps": -20700000, "discontinuedOperations": {}, "extraordinaryItems": {}, "effectOfAccountingCharges": {}, "otherItems": {}, "netIncome": -20700000, "netIncomeApplicableToCommonShares": -20700000}, {"maxAge": 1, "endDate": "2020-06-30", "totalRevenue": 492600000, "costOfRevenue": 267100000, "grossProfit": 225500000, "researchDevelopment": {}, "sellingGeneralAdministrative": 134200000, "nonRecurring": {}, "otherOperatingExpenses": 120200000, "totalOperatingExpenses": 584100000, "operatingIncome": -91500000, "totalOtherIncomeExpenseNet": -62700000, "ebit": -91500000, "interestExpense": -54800000, "incomeBeforeTax": -154200000, "incomeTaxExpense": -22800000, "minorityInterest": {}, "netIncomeFromContinuingOps": -131400000, "discontinuedOperations": {}, "extraordinaryItems": {}, "effectOfAccountingCharges": {}, "otherItems": {}, "netIncome": -131400000, "netIncomeApplicableToCommonShares": -131400000}, {"maxAge": 1, "endDate": "2020-03-31", "totalRevenue": 1106098000, "costOfRevenue": 694041000, "grossProfit": 412057000, "researchDevelopment": {}, "sellingGeneralAdministrative": 201850000, "nonRecurring": {}, "otherOperatingExpenses": 133506000, "totalOperatingExpenses": 1094870000, "operatingIncome": 11228000, "totalOtherIncomeExpenseNet": -44953000, "ebit": 11228000, "interestExpense": -31432000, "incomeBeforeTax": -33725000, "incomeTaxExpense": -11947000, "minorityInterest": {}, "netIncomeFromContinuingOps": -21778000, "discontinuedOperations": {}, "extraordinaryItems": {}, "effectOfAccountingCharges": {}, "otherItems": {}, "netIncome": -21778000, "netIncomeApplicableToCommonShares": -21778000}], "maxAge": 86400}, "cashflowStatementHistoryQuarterly": {"cashflowStatements": [{"maxAge": 1, "endDate": "2020-12-31", "netIncome": 47400000, "changeToLiabilities": 0}, {"maxAge": 1, "endDate": "2020-09-30", "netIncome": -20700000, "changeToLiabilities": 0}, {"maxAge": 1, "endDate": "2020-06-30", "netIncome": -131400000, "changeToLiabilities": 0}, {"maxAge": 1, "endDate": "2020-03-31", "netIncome": -21778000, "changeToLiabilities": 0}], "maxAge": 86400}, "earnings": {"maxAge": 86400, "earningsChart": {"quarterly": [], "earningsDate": []}, "financialsChart": {"yearly": [{"date": 2017, "revenue": 4067810000, "earnings": -14608000}, {"date": 2018, "revenue": 5067089000, "earnings": 63030000}, {"date": 2019, "revenue": 5943964000, "earnings": 125298000}, {"date": 2020, "revenue": 4631198000, "earnings": -187778000}], "quarterly": [{"date": "1Q2020", "revenue": 1106098000, "earnings": -21778000}, {"date": "2Q2020", "revenue": 492600000, "earnings": -131400000}, {"date": "3Q2020", "revenue": 1282400000, "earnings": -20700000}, {"date": "4Q2020", "revenue": 1515000000, "earnings": 47400000}]}, "financialCurrency": "INR"}, "financialData": {"maxAge": 86400, "currentPrice": 79.05, "targetHighPrice": 77.0, "targetLowPrice": 77.0, "targetMeanPrice": 77.0, "targetMedianPrice": 77.0, "recommendationKey": "none", "numberOfAnalystOpinions": 1, "totalCash": 92300000, "totalCashPerShare": 9.912, "ebitda": 317211744, "totalDebt": 1653400064, "totalRevenue": 4396098048, "debtToEquity": 257.74, "revenuePerShare": 472.018, "grossProfits": 2118157000, "revenueGrowth": 0.444, "grossMargins": 0.47659, "ebitdaMargins": 0.07216, "operatingMargins": 0.01195, "profitMargins": -0.028770002, "financialCurrency": "INR"}}}