{"BHARATRAS.NS": {"assetProfile": {"address1": "1501, Vikram Tower", "address2": "Rajendra Place", "city": "New Delhi", "zip": "110008", "country": "India", "phone": "91 11 4366 1111", "fax": "91 11 4366 1100", "website": "http://www.bharatgroup.co.in", "industry": "Agricultural Inputs", "sector": "Basic Materials", "longBusinessSummary": "Bharat Rasayan Limited manufactures and sells technical grade pesticides, intermediates, and bulk formulations in India. It offers insecticides, herbicides, fungicides, and plant growth regulators. The company also exports its products. Bharat Rasayan Limited was founded in 1989 and is headquartered in New Delhi, India.", "fullTimeEmployees": 487, "companyOfficers": [{"maxAge": 1, "name": "Mr. Sat Narain Gupta", "age": 72, "title": "Exec. Chairman & MD", "yearBorn": 1948, "fiscalYear": 2020, "totalPay": 55884000, "exercisedValue": 0, "unexercisedValue": 0}, {"maxAge": 1, "name": "Mr. Rakesh Kumar Verma", "title": "Chief Financial Officer", "fiscalYear": 2020, "totalPay": 2351000, "exercisedValue": 0, "unexercisedValue": 0}, {"maxAge": 1, "name": "Mr. Ajay Kumar Gupta", "age": 59, "title": "Whole Time Director & Director of Operations", "yearBorn": 1961, "fiscalYear": 2020, "totalPay": 6610000, "exercisedValue": 0, "unexercisedValue": 0}, {"maxAge": 1, "name": "Ms. Nikita  Chadha", "title": "Company Sec. & Compliance Officer", "fiscalYear": 2020, "totalPay": 898000, "exercisedValue": 0, "unexercisedValue": 0}, {"maxAge": 1, "name": "Mr. Rajender Prasad Gupta", "age": 54, "title": "Whole Time Director", "yearBorn": 1966, "fiscalYear": 2020, "totalPay": 106388000, "exercisedValue": 0, "unexercisedValue": 0}, {"maxAge": 1, "name": "Mr. Mahabir Prasad Gupta", "age": 66, "title": "Whole Time Director", "yearBorn": 1954, "fiscalYear": 2020, "totalPay": 54084000, "exercisedValue": 0, "unexercisedValue": 0}, {"maxAge": 1, "name": "Mr. Kamleshwar Prasad Uniyal", "age": 62, "title": "Director of Operations & Exec. Director", "yearBorn": 1958, "fiscalYear": 2020, "totalPay": 4282000, "exercisedValue": 0, "unexercisedValue": 0}, {"maxAge": 1, "name": "Mr. Abhishek  Aggarwal", "title": "Pres of Institutional Bus.", "exercisedValue": 0, "unexercisedValue": 0}, {"maxAge": 1, "name": "Mahendra Pratap Singh", "title": "VP of R&D", "exercisedValue": 0, "unexercisedValue": 0}], "compensationAsOfEpochDate": "2020-12-31 05:30:00", "maxAge": 86400}, "recommendationTrend": {"trend": [{"period": "0m", "strongBuy": 0, "buy": 0, "hold": 0, "sell": 0, "strongSell": 0}, {"period": "-1m", "strongBuy": 0, "buy": 0, "hold": 0, "sell": 0, "strongSell": 0}, {"period": "-2m", "strongBuy": 0, "buy": 0, "hold": 0, "sell": 0, "strongSell": 0}, {"period": "-3m", "strongBuy": 0, "buy": 0, "hold": 0, "sell": 0, "strongSell": 0}], "maxAge": 86400}, "cashflowStatementHistory": {"cashflowStatements": [{"maxAge": 1, "endDate": "2020-03-31", "netIncome": 1576419000, "depreciation": 219406000, "changeToNetincome": -56144000, "changeToAccountReceivables": 284991000, "changeToLiabilities": -53285000, "changeToInventory": 498957000, "changeToOperatingActivities": 155504000, "totalCashFromOperatingActivities": 2625848000, "capitalExpenditures": -584466000, "investments": -90000000, "otherCashflowsFromInvestingActivities": -5627000, "totalCashflowsFromInvestingActivities": -680093000, "dividendsPaid": -6373000, "netBorrowings": -1531374000, "otherCashflowsFromFinancingActivities": -155515000, "totalCashFromFinancingActivities": -1693262000, "effectOfExchangeRate": 148017000, "changeInCash": 400511000}, {"maxAge": 1, "endDate": "2019-03-31", "netIncome": 1115243000, "depreciation": 171068000, "changeToNetincome": 135747000, "changeToAccountReceivables": -574780000, "changeToLiabilities": 91923000, "changeToInventory": -1160470000, "changeToOperatingActivities": -301884000, "totalCashFromOperatingActivities": -523153000, "capitalExpenditures": -477749000, "investments": 2000, "otherCashflowsFromInvestingActivities": 1995000, "totalCashflowsFromInvestingActivities": -475684000, "dividendsPaid": -6373000, "netBorrowings": 1186507000, "otherCashflowsFromFinancingActivities": -155538000, "totalCashFromFinancingActivities": 1024596000, "effectOfExchangeRate": 16984000, "changeInCash": 42743000}, {"maxAge": 1, "endDate": "2018-03-31", "netIncome": 983140000, "depreciation": 164628000, "changeToNetincome": 6561000, "changeToAccountReceivables": -1014574000, "changeToLiabilities": 166032000, "changeToInventory": -103141000, "changeToOperatingActivities": 85199000, "totalCashFromOperatingActivities": 288059000, "capitalExpenditures": -409584000, "investments": 12000, "otherCashflowsFromInvestingActivities": -12696000, "totalCashflowsFromInvestingActivities": -331928000, "dividendsPaid": -6373000, "netBorrowings": 136307000, "otherCashflowsFromFinancingActivities": -107650000, "totalCashFromFinancingActivities": 22284000, "effectOfExchangeRate": 23408000, "changeInCash": 1822000}, {"maxAge": 1, "endDate": "2017-03-31", "netIncome": 545339000, "depreciation": 164751000, "changeToNetincome": 145174000, "changeToAccountReceivables": -319848000, "changeToLiabilities": -68520000, "changeToInventory": -271153000, "changeToOperatingActivities": -38225000, "totalCashFromOperatingActivities": 157791000, "capitalExpenditures": -124958000, "investments": 180355000, "otherCashflowsFromInvestingActivities": 2764000, "totalCashflowsFromInvestingActivities": 60202000, "dividendsPaid": -5098000, "netBorrowings": -112759000, "otherCashflowsFromFinancingActivities": -121103000, "totalCashFromFinancingActivities": -238960000, "effectOfExchangeRate": 17544000, "changeInCash": -3423000}], "maxAge": 86400}, "indexTrend": {"maxAge": 1, "symbol": "SP5", "peRatio": 19.7411, "pegRatio": 1.34172, "estimates": [{"period": "0q", "growth": 0.549}, {"period": "+1q", "growth": 0.431}, {"period": "0y", "growth": 0.305}, {"period": "+1y", "growth": 0.109}, {"period": "+5y", "growth": 0.120865}, {"period": "-5y"}]}, "defaultKeyStatistics": {"maxAge": 1, "priceHint": 2, "enterpriseValue": 51562229760, "profitMargins": 0.14024, "floatShares": 941733, "sharesOutstanding": 4248740, "heldPercentInsiders": 0.0, "heldPercentInstitutions": 0.0110599995, "beta": 0.725445, "category": null, "bookValue": 1518.355, "priceToBook": 8.054967, "fundFamily": null, "legalType": null, "lastFiscalYearEnd": "2020-03-31 05:30:00", "nextFiscalYearEnd": "2022-03-31 05:30:00", "mostRecentQuarter": "2020-12-31 05:30:00", "earningsQuarterlyGrowth": 0.401, "netIncomeToCommon": 1533118976, "trailingEps": 360.819, "forwardEps": 334.4, "lastSplitFactor": null, "enterpriseToRevenue": 4.717, "enterpriseToEbitda": 23.199, "52WeekChange": 0.8961412, "SandP52WeekChange": 0.48148263, "lastDividendValue": 1.5, "lastDividendDate": 1600214400}, "industryTrend": {"maxAge": 1, "symbol": null, "estimates": []}, "quoteType": {"exchange": "NSI", "quoteType": "EQUITY", "symbol": "BHARATRAS.NS", "underlyingSymbol": "BHARATRAS.NS", "shortName": "BHARAT RASAYAN LTD", "longName": "Bharat Rasayan Limited", "firstTradeDateEpochUtc": "2002-07-01 09:15:00", "timeZoneFullName": "Asia/Kolkata", "timeZoneShortName": "IST", "uuid": "5e32bc2d-0b78-3bb2-8bd4-e734b20fb277", "messageBoardId": "finmb_20333702", "gmtOffSetMilliseconds": 19800000, "maxAge": 1}, "incomeStatementHistory": {"incomeStatementHistory": [{"maxAge": 1, "endDate": "2020-03-31", "totalRevenue": 12150510000, "costOfRevenue": 8391380000, "grossProfit": 3759130000, "researchDevelopment": {}, "sellingGeneralAdministrative": 710419000, "nonRecurring": {}, "otherOperatingExpenses": 752377000, "totalOperatingExpenses": 10073582000, "operatingIncome": 2076928000, "totalOtherIncomeExpenseNet": -24963000, "ebit": 2076928000, "interestExpense": -156216000, "incomeBeforeTax": 2051965000, "incomeTaxExpense": 475546000, "minorityInterest": {}, "netIncomeFromContinuingOps": 1576419000, "discontinuedOperations": {}, "extraordinaryItems": {}, "effectOfAccountingCharges": {}, "otherItems": {}, "netIncome": 1576419000, "netIncomeApplicableToCommonShares": 1576419000}, {"maxAge": 1, "endDate": "2019-03-31", "totalRevenue": 9921772000, "costOfRevenue": 6836401000, "grossProfit": 3085371000, "researchDevelopment": {}, "sellingGeneralAdministrative": 590295000, "nonRecurring": {}, "otherOperatingExpenses": 621872000, "totalOperatingExpenses": 8217480000, "operatingIncome": 1704292000, "totalOtherIncomeExpenseNet": -152956000, "ebit": 1704292000, "interestExpense": -158249000, "incomeBeforeTax": 1551336000, "incomeTaxExpense": 436093000, "minorityInterest": {}, "netIncomeFromContinuingOps": 1115243000, "discontinuedOperations": {}, "extraordinaryItems": {}, "effectOfAccountingCharges": {}, "otherItems": {}, "netIncome": 1115243000, "netIncomeApplicableToCommonShares": 1115243000}, {"maxAge": 1, "endDate": "2018-03-31", "totalRevenue": 7952990000, "costOfRevenue": 5223437000, "grossProfit": 2729553000, "researchDevelopment": {}, "sellingGeneralAdministrative": 510944000, "nonRecurring": {}, "otherOperatingExpenses": 636785000, "totalOperatingExpenses": 6535353000, "operatingIncome": 1417637000, "totalOtherIncomeExpenseNet": -65930000, "ebit": 1417637000, "interestExpense": -110888000, "incomeBeforeTax": 1351707000, "incomeTaxExpense": 368567000, "minorityInterest": {}, "netIncomeFromContinuingOps": 983140000, "discontinuedOperations": {}, "extraordinaryItems": {}, "effectOfAccountingCharges": {}, "otherItems": {}, "netIncome": 983140000, "netIncomeApplicableToCommonShares": 983140000}, {"maxAge": 1, "endDate": "2017-03-31", "totalRevenue": 6206893000, "costOfRevenue": 4487942000, "grossProfit": 1718951000, "researchDevelopment": {}, "sellingGeneralAdministrative": 420886000, "nonRecurring": {}, "otherOperatingExpenses": 191902000, "totalOperatingExpenses": 5266632000, "operatingIncome": 940261000, "totalOtherIncomeExpenseNet": -101043000, "ebit": 940261000, "interestExpense": -120065000, "incomeBeforeTax": 839218000, "incomeTaxExpense": 293879000, "minorityInterest": {}, "netIncomeFromContinuingOps": 545339000, "discontinuedOperations": {}, "extraordinaryItems": {}, "effectOfAccountingCharges": {}, "otherItems": {}, "netIncome": 545339000, "netIncomeApplicableToCommonShares": 545339000}], "maxAge": 86400}, "fundOwnership": {"maxAge": 1, "ownershipList": [{"maxAge": 1, "reportDate": "2021-01-31", "organization": "DFA Emerging Markets Core Equity Portfolio", "pctHeld": 0.00090000004, "position": 3791, "value": 37872279}, {"maxAge": 1, "reportDate": "2021-01-31", "organization": "DFA Emerging Markets Small Cap Series", "pctHeld": 0.0007, "position": 2844, "value": 28411702}, {"maxAge": 1, "reportDate": "2021-01-31", "organization": "DFA Investment Dimensions-Emerging Markets Social Core Equity", "pctHeld": 0.0001, "position": 365, "value": 3646368}, {"maxAge": 1, "reportDate": "2021-03-31", "organization": "SPDR (R) Idx Shares-SPDR (R) Emerging Markets Small Cap ETF", "pctHeld": 0.0001, "position": 349, "value": 3286044}, {"maxAge": 1, "reportDate": "2021-01-31", "organization": "DFA Investment Dimensions-World Ex U.S. Core Equity Port", "pctHeld": 0.0001, "position": 275, "value": 2747263}]}, "summaryDetail": {"maxAge": 1, "priceHint": 2, "previousClose": 11809.15, "open": 11400.0, "dayLow": 11400.0, "dayHigh": 12499.0, "regularMarketPreviousClose": 11809.15, "regularMarketOpen": 11400.0, "regularMarketDayLow": 11400.0, "regularMarketDayHigh": 12499.0, "dividendRate": 1.5, "dividendYield": 0.0001, "exDividendDate": "2020-09-16 05:30:00", "payoutRatio": 0.0042, "fiveYearAvgDividendYield": 0.04, "beta": 0.725445, "trailingPE": 33.895943, "forwardPE": 36.573864, "volume": 15220, "regularMarketVolume": 15220, "averageVolume": 6577, "averageVolume10days": 33265, "averageDailyVolume10Day": 33265, "bid": 0.0, "ask": 0.0, "bidSize": 0, "askSize": 0, "marketCap": 52027207680, "fiftyTwoWeekLow": 6073.0, "fiftyTwoWeekHigh": 13198.9, "priceToSalesTrailing12Months": 4.7592926, "fiftyDayAverage": 9900.967, "twoHundredDayAverage": 9599.55, "trailingAnnualDividendRate": 1.5, "trailingAnnualDividendYield": 0.00012702015, "currency": "INR", "fromCurrency": null, "toCurrency": null, "lastMarket": null, "algorithm": null, "tradeable": false}, "insiderHolders": {"holders": [{"maxAge": 1, "name": "Gupta (Neha)", "relation": "Promoter", "url": "", "transactionDescription": "Gift", "latestTransDate": "2014-09-04", "positionDirect": 0, "positionDirectDate": "2014-09-04"}, {"maxAge": 1, "name": "Gupta (Rajender Prasad)", "relation": "Wholetime Director", "url": "", "transactionDescription": "Gift", "latestTransDate": "2014-09-04", "positionDirect": 331544, "positionDirectDate": "2014-09-04"}], "maxAge": 1}, "calendarEvents": {"maxAge": 1, "earnings": {"earningsDate": []}, "exDividendDate": "2020-09-16 05:30:00"}, "price": {"maxAge": 1, "regularMarketChangePercent": 0.03566297, "regularMarketChange": 421.1494, "regularMarketTime": "2021-04-30 15:30:00", "priceHint": 2, "regularMarketPrice": 12230.3, "regularMarketDayHigh": 12499.0, "regularMarketDayLow": 11400.0, "regularMarketVolume": 15220, "averageDailyVolume10Day": 33265, "averageDailyVolume3Month": 6577, "regularMarketPreviousClose": 11809.15, "regularMarketSource": "FREE_REALTIME", "regularMarketOpen": 11400.0, "exchange": "NSI", "exchangeName": "NSE", "exchangeDataDelayedBy": 15, "marketState": "CLOSED", "quoteType": "EQUITY", "symbol": "BHARATRAS.NS", "underlyingSymbol": null, "shortName": "BHARAT RASAYAN LTD", "longName": "Bharat Rasayan Limited", "currency": "INR", "quoteSourceName": "Delayed Quote", "currencySymbol": "\u20b9", "fromCurrency": null, "toCurrency": null, "lastMarket": null, "marketCap": 52027207680}, "balanceSheetHistory": {"balanceSheetStatements": [{"maxAge": 1, "endDate": "2020-03-31", "cash": 455582000, "netReceivables": 2761397000, "inventory": 1603260000, "otherCurrentAssets": 356398000, "totalCurrentAssets": 5185610000, "longTermInvestments": 90875000, "propertyPlantEquipment": 2208710000, "intangibleAssets": 2589000, "otherAssets": 30994000, "totalAssets": 7518778000, "accountsPayable": 392384000, "otherCurrentLiab": 384833000, "longTermDebt": 220000000, "otherLiab": 123239000, "totalCurrentLiabilities": 1534352000, "totalLiab": 1877591000, "commonStock": 42487000, "retainedEarnings": 5598700000, "totalStockholderEquity": 5641187000, "netTangibleAssets": 5638598000}, {"maxAge": 1, "endDate": "2019-03-31", "cash": 55071000, "shortTermInvestments": 6888000, "netReceivables": 3151066000, "inventory": 2102218000, "otherCurrentAssets": 319371000, "totalCurrentAssets": 5635986000, "longTermInvestments": 875000, "propertyPlantEquipment": 1848386000, "intangibleAssets": 6745000, "otherAssets": 64963000, "totalAssets": 7556955000, "accountsPayable": 445669000, "otherCurrentLiab": 387090000, "longTermDebt": 400000000, "otherLiab": 138283000, "totalCurrentLiabilities": 2930601000, "totalLiab": 3468884000, "commonStock": 42487000, "retainedEarnings": 4045584000, "totalStockholderEquity": 4088071000, "netTangibleAssets": 4081326000}, {"maxAge": 1, "endDate": "2018-03-31", "cash": 12328000, "netReceivables": 2365020000, "inventory": 941748000, "otherCurrentAssets": 130321000, "totalCurrentAssets": 3459768000, "longTermInvestments": 877000, "propertyPlantEquipment": 1545064000, "intangibleAssets": 3508000, "otherAssets": 27825000, "totalAssets": 5037042000, "accountsPayable": 353745000, "otherCurrentLiab": 264554000, "longTermDebt": 400000000, "otherLiab": 128306000, "totalCurrentLiabilities": 1526277000, "totalLiab": 2054583000, "commonStock": 42487000, "retainedEarnings": 2939972000, "totalStockholderEquity": 2982459000, "netTangibleAssets": 2978951000}, {"maxAge": 1, "endDate": "2017-03-31", "cash": 10506000, "netReceivables": 1422808000, "inventory": 838607000, "otherCurrentAssets": 73125000, "totalCurrentAssets": 2351799000, "longTermInvestments": 876000, "propertyPlantEquipment": 1321624000, "intangibleAssets": 820000, "otherAssets": 19588000, "totalAssets": 3694707000, "accountsPayable": 187713000, "otherCurrentLiab": 236581000, "longTermDebt": 400000000, "otherLiab": 89728000, "totalCurrentLiabilities": 1197894000, "totalLiab": 1687622000, "commonStock": 42487000, "retainedEarnings": 1964598000, "totalStockholderEquity": 2007085000, "netTangibleAssets": 2006265000}], "maxAge": 86400}, "earningsTrend": {"trend": [{"maxAge": 1, "period": "0q", "endDate": "2018-12-31", "growth": {}, "earningsEstimate": {"avg": 0.0, "low": 0.0, "high": 0.0, "yearAgoEps": {}, "numberOfAnalysts": 0, "growth": {}}, "revenueEstimate": {"avg": 0, "low": 0, "high": 0, "numberOfAnalysts": 0, "yearAgoRevenue": {}, "growth": {}}, "epsTrend": {"current": 0.0, "7daysAgo": 0.0, "30daysAgo": 0.0, "60daysAgo": 0.0, "90daysAgo": 0.0}, "epsRevisions": {"upLast7days": 0, "upLast30days": 0, "downLast30days": 0, "downLast90days": {}}}, {"maxAge": 1, "period": "+1q", "endDate": "2019-03-31", "growth": {}, "earningsEstimate": {"avg": 0.0, "low": 0.0, "high": 0.0, "yearAgoEps": {}, "numberOfAnalysts": 0, "growth": {}}, "revenueEstimate": {"avg": 0, "low": 0, "high": 0, "numberOfAnalysts": 0, "yearAgoRevenue": {}, "growth": {}}, "epsTrend": {"current": 0.0, "7daysAgo": 0.0, "30daysAgo": 0.0, "60daysAgo": 0.0, "90daysAgo": 0.0}, "epsRevisions": {"upLast7days": 0, "upLast30days": 0, "downLast30days": 0, "downLast90days": {}}}, {"maxAge": 1, "period": "0y", "endDate": "2019-03-31", "growth": {}, "earningsEstimate": {"avg": 0.0, "low": 0.0, "high": 0.0, "yearAgoEps": {}, "numberOfAnalysts": 0, "growth": {}}, "revenueEstimate": {"avg": 10211000000, "low": 10211000000, "high": 10211000000, "numberOfAnalysts": 1, "yearAgoRevenue": 7953100000, "growth": 0.284}, "epsTrend": {"current": 0.0, "7daysAgo": 280.23, "30daysAgo": 280.23, "60daysAgo": 280.23, "90daysAgo": 280.23}, "epsRevisions": {"upLast7days": 0, "upLast30days": 0, "downLast30days": 0, "downLast90days": {}}}, {"maxAge": 1, "period": "+1y", "endDate": "2020-03-31", "growth": {}, "earningsEstimate": {"avg": 0.0, "low": 0.0, "high": 0.0, "yearAgoEps": {}, "numberOfAnalysts": 0, "growth": {}}, "revenueEstimate": {"avg": 12253200000, "low": 12253200000, "high": 12253200000, "numberOfAnalysts": 1, "yearAgoRevenue": 10211000000, "growth": 0.2}, "epsTrend": {"current": 0.0, "7daysAgo": 334.4, "30daysAgo": 334.4, "60daysAgo": 334.4, "90daysAgo": 334.4}, "epsRevisions": {"upLast7days": 0, "upLast30days": 0, "downLast30days": 0, "downLast90days": {}}}, {"maxAge": 1, "period": "+5y", "endDate": null, "growth": {}, "earningsEstimate": {"avg": {}, "low": {}, "high": {}, "yearAgoEps": {}, "numberOfAnalysts": {}, "growth": {}}, "revenueEstimate": {"avg": {}, "low": {}, "high": {}, "numberOfAnalysts": {}, "yearAgoRevenue": {}, "growth": {}}, "epsTrend": {"current": {}, "7daysAgo": {}, "30daysAgo": {}, "60daysAgo": {}, "90daysAgo": {}}, "epsRevisions": {"upLast7days": {}, "upLast30days": {}, "downLast30days": {}, "downLast90days": {}}}, {"maxAge": 1, "period": "-5y", "endDate": null, "growth": {}, "earningsEstimate": {"avg": {}, "low": {}, "high": {}, "yearAgoEps": {}, "numberOfAnalysts": {}, "growth": {}}, "revenueEstimate": {"avg": {}, "low": {}, "high": {}, "numberOfAnalysts": {}, "yearAgoRevenue": {}, "growth": {}}, "epsTrend": {"current": {}, "7daysAgo": {}, "30daysAgo": {}, "60daysAgo": {}, "90daysAgo": {}}, "epsRevisions": {"upLast7days": {}, "upLast30days": {}, "downLast30days": {}, "downLast90days": {}}}], "maxAge": 1}, "institutionOwnership": {"maxAge": 1, "ownershipList": []}, "majorHoldersBreakdown": {"maxAge": 1, "insidersPercentHeld": 0.0, "institutionsPercentHeld": 0.0110599995, "institutionsFloatPercentHeld": 0.0110599995, "institutionsCount": 7}, "balanceSheetHistoryQuarterly": {"balanceSheetStatements": [{"maxAge": 1, "endDate": "2020-12-31", "totalStockholderEquity": 6451095000, "netTangibleAssets": 6449221000}, {"maxAge": 1, "endDate": "2020-09-30", "cash": 293699000, "shortTermInvestments": 457203000, "netReceivables": 3350397000, "inventory": 1531522000, "otherCurrentAssets": 245741000, "totalCurrentAssets": 5878562000, "longTermInvestments": 180341000, "propertyPlantEquipment": 2050004000, "intangibleAssets": 1874000, "otherAssets": 66574000, "totalAssets": 8177355000, "accountsPayable": 486164000, "otherCurrentLiab": 767352000, "otherLiab": 119694000, "totalCurrentLiabilities": 1606566000, "totalLiab": 1726260000, "commonStock": 42487000, "retainedEarnings": 6408608000, "totalStockholderEquity": 6451095000, "netTangibleAssets": 6449221000}, {"maxAge": 1, "endDate": "2020-06-30", "totalStockholderEquity": 5641187000, "netTangibleAssets": 5638598000}, {"maxAge": 1, "endDate": "2020-03-31", "cash": 455582000, "netReceivables": 2761397000, "inventory": 1603260000, "otherCurrentAssets": 356398000, "totalCurrentAssets": 5185610000, "longTermInvestments": 90875000, "propertyPlantEquipment": 2208710000, "intangibleAssets": 2589000, "otherAssets": 30994000, "totalAssets": 7518778000, "accountsPayable": 392384000, "otherCurrentLiab": 384833000, "longTermDebt": 220000000, "otherLiab": 123239000, "totalCurrentLiabilities": 1534352000, "totalLiab": 1877591000, "commonStock": 42487000, "retainedEarnings": 5598700000, "totalStockholderEquity": 5641187000, "netTangibleAssets": 5638598000}], "maxAge": 86400}, "earningsHistory": {"history": [{"maxAge": 1, "epsActual": {}, "epsEstimate": {}, "epsDifference": {}, "surprisePercent": {}, "quarter": {}, "period": "-4q"}, {"maxAge": 1, "epsActual": {}, "epsEstimate": {}, "epsDifference": {}, "surprisePercent": {}, "quarter": {}, "period": "-3q"}, {"maxAge": 1, "epsActual": 58.79, "epsEstimate": 66.39, "epsDifference": -7.6, "surprisePercent": -0.11399999, "quarter": "2018-06-30", "period": "-2q"}, {"maxAge": 1, "epsActual": 84.24, "epsEstimate": 83.93, "epsDifference": 0.31, "surprisePercent": 0.004, "quarter": "2018-09-30", "period": "-1q"}], "maxAge": 86400}, "summaryProfile": {"address1": "1501, Vikram Tower", "address2": "Rajendra Place", "city": "New Delhi", "zip": "110008", "country": "India", "phone": "91 11 4366 1111", "fax": "91 11 4366 1100", "website": "http://www.bharatgroup.co.in", "industry": "Agricultural Inputs", "sector": "Basic Materials", "longBusinessSummary": "Bharat Rasayan Limited manufactures and sells technical grade pesticides, intermediates, and bulk formulations in India. It offers insecticides, herbicides, fungicides, and plant growth regulators. The company also exports its products. Bharat Rasayan Limited was founded in 1989 and is headquartered in New Delhi, India.", "fullTimeEmployees": 487, "companyOfficers": [], "maxAge": 86400}, "netSharePurchaseActivity": {"maxAge": 1, "period": "6m", "buyInfoCount": 0, "buyInfoShares": 0, "sellInfoCount": 0, "netInfoCount": 0, "netInfoShares": 0, "totalInsiderShares": 0}, "insiderTransactions": {"transactions": [{"maxAge": 1, "shares": 31200, "filerUrl": "", "transactionText": "", "filerName": "Gupta (Neha)", "filerRelation": "Promoter", "moneyText": "", "startDate": "2014-09-04", "ownership": "D"}, {"maxAge": 1, "shares": 31200, "filerUrl": "", "transactionText": "", "filerName": "Gupta (Rajender Prasad)", "filerRelation": "Wholetime Director", "moneyText": "", "startDate": "2014-09-04", "ownership": "D"}], "maxAge": 1}, "sectorTrend": {"maxAge": 1, "symbol": null, "estimates": []}, "incomeStatementHistoryQuarterly": {"incomeStatementHistory": [{"maxAge": 1, "endDate": "2020-12-31", "totalRevenue": 2220400000, "costOfRevenue": 1290500000, "grossProfit": 929900000, "researchDevelopment": {}, "sellingGeneralAdministrative": 190700000, "nonRecurring": {}, "otherOperatingExpenses": 230900000, "totalOperatingExpenses": 1779200000, "operatingIncome": 441200000, "totalOtherIncomeExpenseNet": 11900000, "ebit": 441200000, "interestExpense": {}, "incomeBeforeTax": 453100000, "incomeTaxExpense": 101900000, "minorityInterest": {}, "netIncomeFromContinuingOps": 351200000, "discontinuedOperations": {}, "extraordinaryItems": {}, "effectOfAccountingCharges": {}, "otherItems": {}, "netIncome": 351200000, "netIncomeApplicableToCommonShares": 351200000}, {"maxAge": 1, "endDate": "2020-09-30", "totalRevenue": 3184600000, "costOfRevenue": 2191500000, "grossProfit": 993100000, "researchDevelopment": {}, "sellingGeneralAdministrative": 193900000, "nonRecurring": {}, "otherOperatingExpenses": 222400000, "totalOperatingExpenses": 2672900000, "operatingIncome": 511700000, "totalOtherIncomeExpenseNet": -29600000, "ebit": 511700000, "interestExpense": -10400000, "incomeBeforeTax": 482100000, "incomeTaxExpense": 129400000, "minorityInterest": {}, "netIncomeFromContinuingOps": 352700000, "discontinuedOperations": {}, "extraordinaryItems": {}, "effectOfAccountingCharges": {}, "otherItems": {}, "netIncome": 352700000, "netIncomeApplicableToCommonShares": 352700000}, {"maxAge": 1, "endDate": "2020-06-30", "totalRevenue": 2816900000, "costOfRevenue": 1808100000, "grossProfit": 1008800000, "researchDevelopment": {}, "sellingGeneralAdministrative": 185800000, "nonRecurring": {}, "otherOperatingExpenses": 169000000, "totalOperatingExpenses": 2222800000, "operatingIncome": 594100000, "totalOtherIncomeExpenseNet": 20300000, "ebit": 594100000, "interestExpense": -18600000, "incomeBeforeTax": 614400000, "incomeTaxExpense": 147400000, "minorityInterest": {}, "netIncomeFromContinuingOps": 467000000, "discontinuedOperations": {}, "extraordinaryItems": {}, "effectOfAccountingCharges": {}, "otherItems": {}, "netIncome": 467000000, "netIncomeApplicableToCommonShares": 467000000}, {"maxAge": 1, "endDate": "2020-03-31", "totalRevenue": 2709810000, "costOfRevenue": 1847480000, "grossProfit": 862330000, "researchDevelopment": {}, "sellingGeneralAdministrative": 191119000, "nonRecurring": {}, "otherOperatingExpenses": 182277000, "totalOperatingExpenses": 2288382000, "operatingIncome": 421428000, "totalOtherIncomeExpenseNet": 42937000, "ebit": 421428000, "interestExpense": -28516000, "incomeBeforeTax": 464365000, "incomeTaxExpense": 102146000, "minorityInterest": {}, "netIncomeFromContinuingOps": 362219000, "discontinuedOperations": {}, "extraordinaryItems": {}, "effectOfAccountingCharges": {}, "otherItems": {}, "netIncome": 362219000, "netIncomeApplicableToCommonShares": 362219000}], "maxAge": 86400}, "cashflowStatementHistoryQuarterly": {"cashflowStatements": [{"maxAge": 1, "endDate": "2020-12-31", "netIncome": 351200000, "changeToLiabilities": 0}, {"maxAge": 1, "endDate": "2020-09-30", "netIncome": 352700000, "changeToLiabilities": 0}, {"maxAge": 1, "endDate": "2020-06-30", "netIncome": 467000000, "changeToLiabilities": 0}, {"maxAge": 1, "endDate": "2020-03-31", "netIncome": 362219000, "changeToLiabilities": 0}], "maxAge": 86400}, "earnings": {"maxAge": 86400, "earningsChart": {"quarterly": [{"date": "2Q2018", "actual": 58.79, "estimate": 66.39}, {"date": "3Q2018", "actual": 84.24, "estimate": 83.93}], "currentQuarterEstimateDate": "4Q", "currentQuarterEstimateYear": 2018, "earningsDate": []}, "financialsChart": {"yearly": [{"date": 2017, "revenue": 6206893000, "earnings": 545339000}, {"date": 2018, "revenue": 7952990000, "earnings": 983140000}, {"date": 2019, "revenue": 9921772000, "earnings": 1115243000}, {"date": 2020, "revenue": 12150510000, "earnings": 1576419000}], "quarterly": [{"date": "1Q2020", "revenue": 2709810000, "earnings": 362219000}, {"date": "2Q2020", "revenue": 2816900000, "earnings": 467000000}, {"date": "3Q2020", "revenue": 3184600000, "earnings": 352700000}, {"date": "4Q2020", "revenue": 2220400000, "earnings": 351200000}]}, "financialCurrency": "INR"}, "financialData": {"maxAge": 86400, "currentPrice": 12230.3, "targetHighPrice": 425.0, "targetLowPrice": 425.0, "targetMeanPrice": 425.0, "targetMedianPrice": 425.0, "recommendationKey": "none", "numberOfAnalystOpinions": 1, "totalCash": 750902016, "totalCashPerShare": 176.735, "ebitda": 2222635008, "totalDebt": 349766016, "totalRevenue": 10931709952, "debtToEquity": 5.422, "revenuePerShare": 2572.772, "grossProfits": 3759130000, "earningsGrowth": 0.401, "revenueGrowth": -0.009, "grossMargins": 0.34708, "ebitdaMargins": 0.20332001, "operatingMargins": 0.18007, "profitMargins": 0.14024, "financialCurrency": "INR"}}}