{"BHARATAGRI.BO": {"recommendationTrend": {"trend": [{"period": "0m", "strongBuy": 0, "buy": 0, "hold": 0, "sell": 0, "strongSell": 0}, {"period": "-1m", "strongBuy": 0, "buy": 0, "hold": 0, "sell": 0, "strongSell": 0}, {"period": "-2m", "strongBuy": 0, "buy": 0, "hold": 0, "sell": 0, "strongSell": 0}, {"period": "-3m", "strongBuy": 0, "buy": 0, "hold": 0, "sell": 0, "strongSell": 0}], "maxAge": 86400}, "cashflowStatementHistory": {"cashflowStatements": [{"maxAge": 1, "endDate": "2020-03-31", "netIncome": -64936000, "depreciation": 26752000, "changeToNetincome": 9049000, "changeToAccountReceivables": 9962000, "changeToLiabilities": -113004000, "changeToInventory": 67323000, "changeToOperatingActivities": 61122000, "totalCashFromOperatingActivities": -3688000, "capitalExpenditures": -3406000, "otherCashflowsFromInvestingActivities": 21965000, "totalCashflowsFromInvestingActivities": 18639000, "netBorrowings": -2294000, "otherCashflowsFromFinancingActivities": -12662000, "totalCashFromFinancingActivities": -14956000, "changeInCash": -5000}, {"maxAge": 1, "endDate": "2019-03-31", "netIncome": -35222000, "depreciation": 30683000, "changeToNetincome": 39789000, "changeToAccountReceivables": -37920000, "changeToLiabilities": 94807000, "changeToInventory": -31272000, "changeToOperatingActivities": -54465000, "totalCashFromOperatingActivities": 6477000, "capitalExpenditures": -7376000, "otherCashflowsFromInvestingActivities": 288000, "totalCashflowsFromInvestingActivities": -6455000, "netBorrowings": -27772000, "otherCashflowsFromFinancingActivities": -17725000, "totalCashFromFinancingActivities": -45497000, "changeInCash": -45475000}, {"maxAge": 1, "endDate": "2018-03-31", "netIncome": -4205000, "depreciation": 29930000, "changeToNetincome": 3070000, "changeToAccountReceivables": 8222000, "changeToLiabilities": -7903000, "changeToInventory": 35248000, "changeToOperatingActivities": 38669000, "totalCashFromOperatingActivities": 103091000, "capitalExpenditures": -54477000, "otherCashflowsFromInvestingActivities": -15274000, "totalCashflowsFromInvestingActivities": -69919000, "netBorrowings": 28353000, "otherCashflowsFromFinancingActivities": -16155000, "totalCashFromFinancingActivities": 12198000, "changeInCash": 45369000}, {"maxAge": 1, "endDate": "2017-03-31", "netIncome": -9198000, "depreciation": 25986000, "changeToNetincome": 8855000, "changeToAccountReceivables": 18805000, "changeToLiabilities": -56532000, "changeToInventory": 99652000, "changeToOperatingActivities": 16459000, "totalCashFromOperatingActivities": 104051000, "capitalExpenditures": -43961000, "otherCashflowsFromInvestingActivities": -8986000, "totalCashflowsFromInvestingActivities": -51230000, "netBorrowings": -40263000, "otherCashflowsFromFinancingActivities": -12482000, "totalCashFromFinancingActivities": -52745000, "changeInCash": 76000}], "maxAge": 86400}, "institutionOwnership": {"maxAge": 1, "ownershipList": []}, "balanceSheetHistoryQuarterly": {"balanceSheetStatements": [{"maxAge": 1, "endDate": "2020-06-30", "totalStockholderEquity": 657172000, "netTangibleAssets": 560493000}, {"maxAge": 1, "endDate": "2020-03-31", "cash": 90000, "netReceivables": 183559000, "inventory": 322617000, "otherCurrentAssets": 16829000, "totalCurrentAssets": 524048000, "longTermInvestments": 374000, "propertyPlantEquipment": 212382000, "intangibleAssets": 96679000, "otherAssets": 126587000, "totalAssets": 960070000, "accountsPayable": 82711000, "otherCurrentLiab": 55470000, "otherLiab": 13059000, "totalCurrentLiabilities": 289839000, "totalLiab": 302898000, "commonStock": 52855000, "retainedEarnings": 549046000, "treasuryStock": 23381000, "capitalSurplus": 31890000, "otherStockholderEquity": 23381000, "totalStockholderEquity": 657172000, "netTangibleAssets": 560493000}, {"maxAge": 1, "endDate": "2019-12-31", "totalStockholderEquity": 700301000, "netTangibleAssets": 700191000}, {"maxAge": 1, "endDate": "2019-09-30", "cash": 3305000, "shortTermInvestments": 65865000, "netReceivables": 129161000, "inventory": 347743000, "otherCurrentAssets": 18010000, "totalCurrentAssets": 564084000, "longTermInvestments": 21093000, "propertyPlantEquipment": 224232000, "intangibleAssets": 110000, "otherAssets": 197494000, "totalAssets": 1007013000, "accountsPayable": 90624000, "otherCurrentLiab": 66544000, "otherLiab": 6569000, "totalCurrentLiabilities": 300143000, "totalLiab": 306712000, "commonStock": 52855000, "treasuryStock": 647446000, "otherStockholderEquity": 647446000, "totalStockholderEquity": 700301000, "netTangibleAssets": 700191000}], "maxAge": 86400}, "earningsHistory": {"history": [{"maxAge": 1, "epsActual": {}, "epsEstimate": {}, "epsDifference": {}, "surprisePercent": {}, "quarter": {}, "period": "-4q"}, {"maxAge": 1, "epsActual": {}, "epsEstimate": {}, "epsDifference": {}, "surprisePercent": {}, "quarter": {}, "period": "-3q"}, {"maxAge": 1, "epsActual": {}, "epsEstimate": {}, "epsDifference": {}, "surprisePercent": {}, "quarter": {}, "period": "-2q"}, {"maxAge": 1, "epsActual": {}, "epsEstimate": {}, "epsDifference": {}, "surprisePercent": {}, "quarter": {}, "period": "-1q"}], "maxAge": 86400}, "indexTrend": {"maxAge": 1, "symbol": "SP5", "peRatio": 19.7411, "pegRatio": 1.34172, "estimates": [{"period": "0q", "growth": 0.549}, {"period": "+1q", "growth": 0.431}, {"period": "0y", "growth": 0.305}, {"period": "+1y", "growth": 0.109}, {"period": "+5y", "growth": 0.120859005}, {"period": "-5y"}]}, "industryTrend": {"maxAge": 1, "symbol": null, "estimates": []}, "quoteType": {"exchange": "BSE", "quoteType": "EQUITY", "symbol": "BHARATAGRI.BO", "underlyingSymbol": "BHARATAGRI.BO", "shortName": "BHARAT AGRI FERT & REALTY LTD.", "longName": "Bharat Agri Fert and Realty Limited", "firstTradeDateEpochUtc": "2002-01-23 09:15:00", "timeZoneFullName": "Asia/Kolkata", "timeZoneShortName": "IST", "uuid": "0c66acc8-e44d-3913-ab6f-fd8ac896007f", "messageBoardId": null, "gmtOffSetMilliseconds": 19800000, "maxAge": 1}, "incomeStatementHistory": {"incomeStatementHistory": [{"maxAge": 1, "endDate": "2020-03-31", "totalRevenue": 226576000, "costOfRevenue": 109783000, "grossProfit": 116793000, "researchDevelopment": {}, "sellingGeneralAdministrative": 55338000, "nonRecurring": {}, "otherOperatingExpenses": 100429000, "totalOperatingExpenses": 292346000, "operatingIncome": -65770000, "totalOtherIncomeExpenseNet": 797000, "ebit": -65770000, "interestExpense": -12662000, "incomeBeforeTax": -64973000, "incomeTaxExpense": -37000, "minorityInterest": {}, "netIncomeFromContinuingOps": -64936000, "discontinuedOperations": {}, "extraordinaryItems": {}, "effectOfAccountingCharges": {}, "otherItems": {}, "netIncome": -64936000, "netIncomeApplicableToCommonShares": -64936000}, {"maxAge": 1, "endDate": "2019-03-31", "totalRevenue": 454887000, "costOfRevenue": 216724000, "grossProfit": 238163000, "researchDevelopment": {}, "sellingGeneralAdministrative": 54310000, "nonRecurring": {}, "otherOperatingExpenses": 181376000, "totalOperatingExpenses": 483170000, "operatingIncome": -28283000, "totalOtherIncomeExpenseNet": -9503000, "ebit": -28283000, "interestExpense": -17725000, "incomeBeforeTax": -37786000, "incomeTaxExpense": -2564000, "minorityInterest": {}, "netIncomeFromContinuingOps": -35222000, "discontinuedOperations": {}, "extraordinaryItems": {}, "effectOfAccountingCharges": {}, "otherItems": {}, "netIncome": -35222000, "netIncomeApplicableToCommonShares": -35222000}, {"maxAge": 1, "endDate": "2018-03-31", "totalRevenue": 336786000, "costOfRevenue": 162134000, "grossProfit": 174652000, "researchDevelopment": {}, "sellingGeneralAdministrative": 39261000, "nonRecurring": {}, "otherOperatingExpenses": 111340000, "totalOperatingExpenses": 342725000, "operatingIncome": -5939000, "totalOtherIncomeExpenseNet": 3348000, "ebit": -5939000, "interestExpense": -9247000, "incomeBeforeTax": -2591000, "incomeTaxExpense": 1614000, "minorityInterest": {}, "netIncomeFromContinuingOps": -4205000, "discontinuedOperations": {}, "extraordinaryItems": {}, "effectOfAccountingCharges": {}, "otherItems": {}, "netIncome": -4205000, "netIncomeApplicableToCommonShares": -4205000}, {"maxAge": 1, "endDate": "2017-03-31", "totalRevenue": 447094000, "costOfRevenue": 245743000, "grossProfit": 201351000, "researchDevelopment": {}, "sellingGeneralAdministrative": 46358000, "nonRecurring": {}, "otherOperatingExpenses": 131156000, "totalOperatingExpenses": 449267000, "operatingIncome": -2173000, "totalOtherIncomeExpenseNet": -7713000, "ebit": -2173000, "interestExpense": -16141000, "incomeBeforeTax": -9886000, "incomeTaxExpense": -688000, "minorityInterest": {}, "netIncomeFromContinuingOps": -9198000, "discontinuedOperations": {}, "extraordinaryItems": {}, "effectOfAccountingCharges": {}, "otherItems": {}, "netIncome": -9198000, "netIncomeApplicableToCommonShares": -9198000}], "maxAge": 86400}, "fundOwnership": {"maxAge": 1, "ownershipList": []}, "summaryDetail": {"maxAge": 1, "priceHint": 2, "previousClose": 163.8, "open": 156.5, "dayLow": 156.5, "dayHigh": 163.85, "regularMarketPreviousClose": 163.8, "regularMarketOpen": 156.5, "regularMarketDayLow": 156.5, "regularMarketDayHigh": 163.85, "volume": 7519, "regularMarketVolume": 7519, "averageVolume": 2533, "averageVolume10days": 1972, "averageDailyVolume10Day": 1972, "bid": 161.5, "ask": 163.75, "bidSize": 0, "askSize": 0, "marketCap": 864973696, "fiftyTwoWeekLow": 105.45, "fiftyTwoWeekHigh": 188.0, "fiftyDayAverage": 162.6, "twoHundredDayAverage": 159.73358, "currency": "INR", "fromCurrency": null, "toCurrency": null, "lastMarket": null, "algorithm": null, "tradeable": false}, "sectorTrend": {"maxAge": 1, "symbol": null, "estimates": []}, "incomeStatementHistoryQuarterly": {"incomeStatementHistory": [{"maxAge": 1, "endDate": "2020-06-30", "totalRevenue": 108486000, "costOfRevenue": 59664000, "grossProfit": 48822000, "researchDevelopment": {}, "sellingGeneralAdministrative": 10191000, "nonRecurring": {}, "otherOperatingExpenses": 39964000, "totalOperatingExpenses": 115623000, "operatingIncome": -7137000, "totalOtherIncomeExpenseNet": -3449000, "ebit": -7137000, "interestExpense": -4809000, "incomeBeforeTax": -10586000, "incomeTaxExpense": 490000, "minorityInterest": {}, "netIncomeFromContinuingOps": -11076000, "discontinuedOperations": {}, "extraordinaryItems": {}, "effectOfAccountingCharges": {}, "otherItems": {}, "netIncome": -11076000, "netIncomeApplicableToCommonShares": -11076000}, {"maxAge": 1, "endDate": "2020-03-31", "totalRevenue": 59236000, "costOfRevenue": 42926000, "grossProfit": 16310000, "researchDevelopment": {}, "sellingGeneralAdministrative": 14486000, "nonRecurring": {}, "otherOperatingExpenses": 21942000, "totalOperatingExpenses": 85998000, "operatingIncome": -26762000, "totalOtherIncomeExpenseNet": 8686000, "ebit": -26762000, "interestExpense": -1273000, "incomeBeforeTax": -18076000, "incomeTaxExpense": 78000, "minorityInterest": {}, "netIncomeFromContinuingOps": -18154000, "discontinuedOperations": {}, "extraordinaryItems": {}, "effectOfAccountingCharges": {}, "otherItems": {}, "netIncome": -18154000, "netIncomeApplicableToCommonShares": -18154000}, {"maxAge": 1, "endDate": "2019-12-31", "totalRevenue": 30692000, "costOfRevenue": 7193000, "grossProfit": 23499000, "researchDevelopment": {}, "sellingGeneralAdministrative": 16736000, "nonRecurring": {}, "otherOperatingExpenses": 18008000, "totalOperatingExpenses": 48723000, "operatingIncome": -18031000, "totalOtherIncomeExpenseNet": -3061000, "ebit": -18031000, "interestExpense": -4494000, "incomeBeforeTax": -21092000, "incomeTaxExpense": -35000, "minorityInterest": {}, "netIncomeFromContinuingOps": -21057000, "discontinuedOperations": {}, "extraordinaryItems": {}, "effectOfAccountingCharges": {}, "otherItems": {}, "netIncome": -21057000, "netIncomeApplicableToCommonShares": -21057000}, {"maxAge": 1, "endDate": "2019-09-30", "totalRevenue": 47607000, "costOfRevenue": 20584000, "grossProfit": 27023000, "researchDevelopment": {}, "sellingGeneralAdministrative": 12187000, "nonRecurring": {}, "otherOperatingExpenses": 25665000, "totalOperatingExpenses": 65164000, "operatingIncome": -17557000, "totalOtherIncomeExpenseNet": -3343000, "ebit": -17557000, "interestExpense": -4493000, "incomeBeforeTax": -20900000, "incomeTaxExpense": -49000, "minorityInterest": {}, "netIncomeFromContinuingOps": -20851000, "discontinuedOperations": {}, "extraordinaryItems": {}, "effectOfAccountingCharges": {}, "otherItems": {}, "netIncome": -20851000, "netIncomeApplicableToCommonShares": -20851000}], "maxAge": 86400}, "cashflowStatementHistoryQuarterly": {"cashflowStatements": [{"maxAge": 1, "endDate": "2020-06-30", "netIncome": -11076000, "changeToLiabilities": 0}, {"maxAge": 1, "endDate": "2020-03-31", "netIncome": -18154000, "changeToLiabilities": 0}, {"maxAge": 1, "endDate": "2019-12-31", "netIncome": -21057000, "changeToLiabilities": 0}, {"maxAge": 1, "endDate": "2019-09-30", "netIncome": -20851000, "changeToLiabilities": 0}], "maxAge": 86400}, "insiderHolders": {"holders": [], "maxAge": 1}, "earnings": {"maxAge": 86400, "earningsChart": {"quarterly": [], "earningsDate": []}, "financialsChart": {"yearly": [{"date": 2017, "revenue": 447094000, "earnings": -9198000}, {"date": 2018, "revenue": 336786000, "earnings": -4205000}, {"date": 2019, "revenue": 454887000, "earnings": -35222000}, {"date": 2020, "revenue": 226576000, "earnings": -64936000}], "quarterly": [{"date": "3Q2019", "revenue": 47607000, "earnings": -20851000}, {"date": "4Q2019", "revenue": 30692000, "earnings": -21057000}, {"date": "1Q2020", "revenue": 59236000, "earnings": -18154000}, {"date": "2Q2020", "revenue": 108486000, "earnings": -11076000}]}, "financialCurrency": "INR"}, "calendarEvents": {"maxAge": 1, "earnings": {"earningsDate": []}}, "price": {"maxAge": 1, "regularMarketChangePercent": -0.0009158068, "regularMarketChange": -0.15000916, "regularMarketTime": "2021-04-30 15:29:35", "priceHint": 2, "regularMarketPrice": 163.65, "regularMarketDayHigh": 163.85, "regularMarketDayLow": 156.5, "regularMarketVolume": 7519, "averageDailyVolume10Day": 1972, "averageDailyVolume3Month": 2533, "regularMarketPreviousClose": 163.8, "regularMarketSource": "FREE_REALTIME", "regularMarketOpen": 156.5, "exchange": "BSE", "exchangeName": "BSE", "exchangeDataDelayedBy": 0, "marketState": "CLOSED", "quoteType": "EQUITY", "symbol": "BHARATAGRI.BO", "underlyingSymbol": null, "shortName": "BHARAT AGRI FERT & REALTY LTD.", "longName": "Bharat Agri Fert and Realty Limited", "currency": "INR", "quoteSourceName": "Delayed Quote", "currencySymbol": "\u20b9", "fromCurrency": null, "toCurrency": null, "lastMarket": null, "marketCap": 864973696}, "balanceSheetHistory": {"balanceSheetStatements": [{"maxAge": 1, "endDate": "2020-03-31", "cash": 90000, "netReceivables": 183559000, "inventory": 322617000, "otherCurrentAssets": 16829000, "totalCurrentAssets": 524048000, "longTermInvestments": 374000, "propertyPlantEquipment": 212382000, "intangibleAssets": 96679000, "otherAssets": 126587000, "totalAssets": 960070000, "accountsPayable": 82711000, "otherCurrentLiab": 55470000, "otherLiab": 13059000, "totalCurrentLiabilities": 289839000, "totalLiab": 302898000, "commonStock": 52855000, "retainedEarnings": 549046000, "treasuryStock": 23381000, "capitalSurplus": 31890000, "otherStockholderEquity": 23381000, "totalStockholderEquity": 657172000, "netTangibleAssets": 560493000}, {"maxAge": 1, "endDate": "2019-03-31", "cash": 96000, "shortTermInvestments": 101208000, "netReceivables": 229391000, "inventory": 389968000, "otherCurrentAssets": 38285000, "totalCurrentAssets": 659778000, "longTermInvestments": -4294000, "propertyPlantEquipment": 236335000, "intangibleAssets": 96723000, "otherAssets": 148895000, "totalAssets": 1137437000, "accountsPayable": 195715000, "otherCurrentLiab": 53711000, "otherLiab": 6650000, "totalCurrentLiabilities": 409225000, "totalLiab": 415875000, "commonStock": 52855000, "retainedEarnings": 613981000, "treasuryStock": 22836000, "capitalSurplus": 31890000, "otherStockholderEquity": 22836000, "totalStockholderEquity": 721562000, "netTangibleAssets": 624839000}, {"maxAge": 1, "endDate": "2018-03-31", "cash": 45571000, "netReceivables": 174054000, "inventory": 358435000, "otherCurrentAssets": 16565000, "totalCurrentAssets": 595737000, "longTermInvestments": 2447000, "propertyPlantEquipment": 260584000, "intangibleAssets": 96823000, "otherAssets": 149089000, "totalAssets": 1104680000, "accountsPayable": 100371000, "otherCurrentLiab": 53211000, "otherLiab": 9214000, "totalCurrentLiabilities": 339601000, "totalLiab": 348815000, "commonStock": 52855000, "retainedEarnings": 649204000, "treasuryStock": 21916000, "capitalSurplus": 31890000, "otherStockholderEquity": 21916000, "totalStockholderEquity": 755865000, "netTangibleAssets": 659042000}, {"maxAge": 1, "endDate": "2017-03-31", "cash": 202000, "netReceivables": 222649000, "inventory": 393423000, "otherCurrentAssets": 14849000, "totalCurrentAssets": 631952000, "longTermInvestments": 6733000, "propertyPlantEquipment": 236037000, "intangibleAssets": 96716000, "otherAssets": 125257000, "totalAssets": 1096695000, "accountsPayable": 108256000, "otherCurrentLiab": 54741000, "longTermDebt": 32105000, "otherLiab": 9917000, "totalCurrentLiabilities": 284021000, "totalLiab": 326043000, "commonStock": 52855000, "retainedEarnings": 663683000, "treasuryStock": 22224000, "capitalSurplus": 31890000, "otherStockholderEquity": 22224000, "totalStockholderEquity": 770652000, "netTangibleAssets": 673936000}], "maxAge": 86400}, "earningsTrend": {"trend": [{"maxAge": 1, "period": "0q", "endDate": null, "growth": {}, "earningsEstimate": {"avg": 0.0, "low": 0.0, "high": 0.0, "yearAgoEps": {}, "numberOfAnalysts": 0, "growth": {}}, "revenueEstimate": {"avg": 0, "low": 0, "high": 0, "numberOfAnalysts": 0, "yearAgoRevenue": {}, "growth": {}}, "epsTrend": {"current": 0.0, "7daysAgo": 0.0, "30daysAgo": 0.0, "60daysAgo": 0.0, "90daysAgo": 0.0}, "epsRevisions": {"upLast7days": 0, "upLast30days": 0, "downLast30days": 0, "downLast90days": {}}}, {"maxAge": 1, "period": "+1q", "endDate": null, "growth": {}, "earningsEstimate": {"avg": 0.0, "low": 0.0, "high": 0.0, "yearAgoEps": {}, "numberOfAnalysts": 0, "growth": {}}, "revenueEstimate": {"avg": 0, "low": 0, "high": 0, "numberOfAnalysts": 0, "yearAgoRevenue": {}, "growth": {}}, "epsTrend": {"current": 0.0, "7daysAgo": 0.0, "30daysAgo": 0.0, "60daysAgo": 0.0, "90daysAgo": 0.0}, "epsRevisions": {"upLast7days": 0, "upLast30days": 0, "downLast30days": 0, "downLast90days": {}}}, {"maxAge": 1, "period": "0y", "endDate": null, "growth": {}, "earningsEstimate": {"avg": 0.0, "low": 0.0, "high": 0.0, "yearAgoEps": {}, "numberOfAnalysts": 0, "growth": {}}, "revenueEstimate": {"avg": 0, "low": 0, "high": 0, "numberOfAnalysts": 0, "yearAgoRevenue": {}, "growth": {}}, "epsTrend": {"current": 0.0, "7daysAgo": 0.0, "30daysAgo": 0.0, "60daysAgo": 0.0, "90daysAgo": 0.0}, "epsRevisions": {"upLast7days": 0, "upLast30days": 0, "downLast30days": 0, "downLast90days": {}}}, {"maxAge": 1, "period": "+1y", "endDate": null, "growth": {}, "earningsEstimate": {"avg": 0.0, "low": 0.0, "high": 0.0, "yearAgoEps": {}, "numberOfAnalysts": 0, "growth": {}}, "revenueEstimate": {"avg": 0, "low": 0, "high": 0, "numberOfAnalysts": 0, "yearAgoRevenue": {}, "growth": {}}, "epsTrend": {"current": 0.0, "7daysAgo": 0.0, "30daysAgo": 0.0, "60daysAgo": 0.0, "90daysAgo": 0.0}, "epsRevisions": {"upLast7days": 0, "upLast30days": 0, "downLast30days": 0, "downLast90days": {}}}, {"maxAge": 1, "period": "+5y", "endDate": null, "growth": {}, "earningsEstimate": {"avg": {}, "low": {}, "high": {}, "yearAgoEps": {}, "numberOfAnalysts": {}, "growth": {}}, "revenueEstimate": {"avg": {}, "low": {}, "high": {}, "numberOfAnalysts": {}, "yearAgoRevenue": {}, "growth": {}}, "epsTrend": {"current": {}, "7daysAgo": {}, "30daysAgo": {}, "60daysAgo": {}, "90daysAgo": {}}, "epsRevisions": {"upLast7days": {}, "upLast30days": {}, "downLast30days": {}, "downLast90days": {}}}, {"maxAge": 1, "period": "-5y", "endDate": null, "growth": {}, "earningsEstimate": {"avg": {}, "low": {}, "high": {}, "yearAgoEps": {}, "numberOfAnalysts": {}, "growth": {}}, "revenueEstimate": {"avg": {}, "low": {}, "high": {}, "numberOfAnalysts": {}, "yearAgoRevenue": {}, "growth": {}}, "epsTrend": {"current": {}, "7daysAgo": {}, "30daysAgo": {}, "60daysAgo": {}, "90daysAgo": {}}, "epsRevisions": {"upLast7days": {}, "upLast30days": {}, "downLast30days": {}, "downLast90days": {}}}], "maxAge": 1}, "financialData": {"maxAge": 86400, "currentPrice": 163.65, "targetHighPrice": 183.0, "targetLowPrice": 183.0, "targetMeanPrice": 183.0, "targetMedianPrice": 183.0, "recommendationKey": "none", "numberOfAnalystOpinions": 1, "grossProfits": 116793000, "financialCurrency": "INR"}}}