{"BHARATWIRE.BO": {"cashflowStatementHistory": {"cashflowStatements": [{"maxAge": 1, "endDate": "2020-03-31", "netIncome": -609577000, "depreciation": 217900000, "changeToNetincome": 689649000, "changeToAccountReceivables": 67828000, "changeToLiabilities": -209587000, "changeToInventory": 112112000, "changeToOperatingActivities": 1240181000, "totalCashFromOperatingActivities": 1509034000, "capitalExpenditures": -2748000, "totalCashflowsFromInvestingActivities": -2498000, "netBorrowings": -621758000, "otherCashflowsFromFinancingActivities": -894695000, "totalCashFromFinancingActivities": -1516453000, "changeInCash": -9917000}, {"maxAge": 1, "endDate": "2019-03-31", "netIncome": -445558000, "depreciation": 210632000, "changeToNetincome": 440946000, "changeToAccountReceivables": -129414000, "changeToLiabilities": -56665000, "changeToInventory": -154075000, "changeToOperatingActivities": 961821000, "totalCashFromOperatingActivities": 827717000, "capitalExpenditures": -143580000, "totalCashflowsFromInvestingActivities": -143380000, "netBorrowings": -170660000, "otherCashflowsFromFinancingActivities": -726292000, "totalCashFromFinancingActivities": -896952000, "changeInCash": -212615000}, {"maxAge": 1, "endDate": "2018-03-31", "netIncome": 2491000, "depreciation": 123861000, "changeToNetincome": 279845000, "changeToAccountReceivables": -62974000, "changeToLiabilities": 178544000, "changeToInventory": -297427000, "changeToOperatingActivities": 94273000, "totalCashFromOperatingActivities": 318613000, "capitalExpenditures": -2385857000, "otherCashflowsFromInvestingActivities": 1399283000, "totalCashflowsFromInvestingActivities": -984154000, "netBorrowings": 1150133000, "otherCashflowsFromFinancingActivities": -251843000, "totalCashFromFinancingActivities": 898290000, "changeInCash": 232749000}, {"maxAge": 1, "endDate": "2017-03-31", "netIncome": 24402000, "depreciation": 38460000, "changeToNetincome": 1885000, "changeToAccountReceivables": -475000, "changeToLiabilities": 77189000, "changeToInventory": -92893000, "changeToOperatingActivities": 121150000, "totalCashFromOperatingActivities": 170110000, "capitalExpenditures": -2802692000, "otherCashflowsFromInvestingActivities": 176929000, "totalCashflowsFromInvestingActivities": -2587887000, "netBorrowings": 1748734000, "otherCashflowsFromFinancingActivities": -25419000, "totalCashFromFinancingActivities": 1723315000, "changeInCash": -694463000}], "maxAge": 86400}, "institutionOwnership": {"maxAge": 1, "ownershipList": []}, "balanceSheetHistoryQuarterly": {"balanceSheetStatements": [{"maxAge": 1, "endDate": "2020-06-30", "totalStockholderEquity": 390551000, "netTangibleAssets": 388335000}, {"maxAge": 1, "endDate": "2020-03-31", "cash": 27806000, "shortTermInvestments": 5263000, "netReceivables": 295881000, "inventory": 776504000, "otherCurrentAssets": 430457000, "totalCurrentAssets": 1539883000, "propertyPlantEquipment": 5389448000, "intangibleAssets": 2216000, "otherAssets": 591679000, "deferredLongTermAssetCharges": 464148000, "totalAssets": 7523226000, "accountsPayable": 108078000, "shortLongTermDebt": 2681064000, "otherCurrentLiab": 147079000, "longTermDebt": 2785053000, "otherLiab": 49715000, "totalCurrentLiabilities": 4297907000, "totalLiab": 7132675000, "commonStock": 449522000, "retainedEarnings": -914630000, "treasuryStock": 41479000, "capitalSurplus": 814180000, "otherStockholderEquity": 41479000, "totalStockholderEquity": 390551000, "netTangibleAssets": 388335000}, {"maxAge": 1, "endDate": "2019-12-31", "totalStockholderEquity": 669390000, "netTangibleAssets": 666234000}, {"maxAge": 1, "endDate": "2019-09-30", "cash": 44351000, "shortTermInvestments": 10526000, "netReceivables": 428433000, "inventory": 778910000, "otherCurrentAssets": 263495000, "totalCurrentAssets": 1525715000, "propertyPlantEquipment": 5499268000, "intangibleAssets": 3156000, "otherAssets": 476701000, "deferredLongTermAssetCharges": 365907000, "totalAssets": 7504840000, "accountsPayable": 155545000, "shortLongTermDebt": 1736975000, "otherCurrentLiab": 137005000, "longTermDebt": 3550192000, "otherLiab": 50406000, "totalCurrentLiabilities": 3234852000, "totalLiab": 6835450000, "commonStock": 449522000, "treasuryStock": 219868000, "otherStockholderEquity": 219868000, "totalStockholderEquity": 669390000, "netTangibleAssets": 666234000}], "maxAge": 86400}, "indexTrend": {"maxAge": 1, "symbol": "SP5", "peRatio": 19.7411, "pegRatio": 1.34172, "estimates": [{"period": "0q", "growth": 0.549}, {"period": "+1q", "growth": 0.431}, {"period": "0y", "growth": 0.305}, {"period": "+1y", "growth": 0.109}, {"period": "+5y", "growth": 0.120865}, {"period": "-5y"}]}, "insiderTransactions": {"transactions": [{"maxAge": 1, "shares": 9405000, "filerUrl": "", "transactionText": "", "filerName": "Gaji Mercantiles Pvt. Ltd.", "filerRelation": "Promoter", "moneyText": "", "startDate": "2017-05-02", "ownership": "D"}, {"maxAge": 1, "shares": 5470, "filerUrl": "", "transactionText": "", "filerName": "Arora (Mahender Singh)", "filerRelation": "Chief Executive Officer", "moneyText": "", "startDate": "2017-01-12", "ownership": "D"}, {"maxAge": 1, "shares": 5501, "filerUrl": "", "transactionText": "", "filerName": "Arora (Mahender Singh)", "filerRelation": "Chief Executive Officer", "moneyText": "", "startDate": "2017-01-12", "ownership": "D"}, {"maxAge": 1, "shares": 10499, "filerUrl": "", "transactionText": "", "filerName": "Arora (Mahender Singh)", "filerRelation": "Chief Executive Officer", "moneyText": "", "startDate": "2017-01-12", "ownership": "D"}, {"maxAge": 1, "shares": 5000, "filerUrl": "", "transactionText": "", "filerName": "Arora (Mahender Singh)", "filerRelation": "Chief Executive Officer", "moneyText": "", "startDate": "2017-01-10", "ownership": "D"}, {"maxAge": 1, "shares": 10000, "filerUrl": "", "transactionText": "", "filerName": "Arora (Mahender Singh)", "filerRelation": "Chief Executive Officer", "moneyText": "", "startDate": "2017-01-10", "ownership": "D"}, {"maxAge": 1, "shares": 10115, "filerUrl": "", "transactionText": "", "filerName": "Arora (Mahender Singh)", "filerRelation": "Chief Executive Officer", "moneyText": "", "startDate": "2017-01-09", "ownership": "D"}, {"maxAge": 1, "shares": 10144, "filerUrl": "", "transactionText": "", "filerName": "Arora (Mahender Singh)", "filerRelation": "Chief Executive Officer", "moneyText": "", "startDate": "2017-01-05", "ownership": "D"}, {"maxAge": 1, "shares": 50, "filerUrl": "", "transactionText": "", "filerName": "Arora (Mahender Singh)", "filerRelation": "Chief Executive Officer", "moneyText": "", "startDate": "2017-01-02", "ownership": "D"}, {"maxAge": 1, "shares": 359, "filerUrl": "", "transactionText": "", "filerName": "Arora (Mahender Singh)", "filerRelation": "Chief Executive Officer", "moneyText": "", "startDate": "2017-01-02", "ownership": "D"}, {"maxAge": 1, "shares": 146, "filerUrl": "", "transactionText": "", "filerName": "Arora (Mahender Singh)", "filerRelation": "Chief Executive Officer", "moneyText": "", "startDate": "2017-01-02", "ownership": "D"}, {"maxAge": 1, "shares": 9445, "filerUrl": "", "transactionText": "", "filerName": "Arora (Mahender Singh)", "filerRelation": "Chief Executive Officer", "moneyText": "", "startDate": "2017-01-02", "ownership": "D"}, {"maxAge": 1, "shares": 100000, "filerUrl": "", "transactionText": "", "filerName": "Mittal (Mayank Murarilal)", "filerRelation": "Director", "moneyText": "", "startDate": "2016-05-13", "ownership": "D"}, {"maxAge": 1, "shares": 400000, "filerUrl": "", "transactionText": "", "filerName": "Gyan Shankar Investment & Trading Company Pvt. Ltd.", "filerRelation": "Promoter", "moneyText": "", "startDate": "2016-05-11", "ownership": "D"}, {"maxAge": 1, "shares": 30000, "filerUrl": "", "transactionText": "", "filerName": "Gyan Shankar Investment & Trading Company Pvt. Ltd.", "filerRelation": "Promoter", "moneyText": "", "startDate": "2016-05-02", "ownership": "D"}, {"maxAge": 1, "shares": 1184369, "filerUrl": "", "transactionText": "", "filerName": "Gyan Shankar Investment & Trading Company Pvt. Ltd.", "filerRelation": "Promoter", "moneyText": "", "startDate": "2016-04-12", "ownership": "D"}], "maxAge": 1}, "quoteType": {"exchange": "BSE", "quoteType": "EQUITY", "symbol": "BHARATWIRE.BO", "underlyingSymbol": "BHARATWIRE.BO", "shortName": "Bharat Wire Ropes Limited", "longName": "Bharat Wire Ropes Limited", "firstTradeDateEpochUtc": "2016-04-01 09:15:00", "timeZoneFullName": "Asia/Kolkata", "timeZoneShortName": "IST", "uuid": "14a0e66b-5722-3ac8-a31f-d46681d86ed1", "messageBoardId": null, "gmtOffSetMilliseconds": 19800000, "maxAge": 1}, "incomeStatementHistory": {"incomeStatementHistory": [{"maxAge": 1, "endDate": "2020-03-31", "totalRevenue": 2577147000, "costOfRevenue": 1640136000, "grossProfit": 937011000, "researchDevelopment": {}, "sellingGeneralAdministrative": 316451000, "nonRecurring": {}, "otherOperatingExpenses": 330952000, "totalOperatingExpenses": 2505584000, "operatingIncome": 71563000, "totalOtherIncomeExpenseNet": -891580000, "ebit": 71563000, "interestExpense": -890236000, "incomeBeforeTax": -820017000, "incomeTaxExpense": -210440000, "minorityInterest": {}, "netIncomeFromContinuingOps": -609577000, "discontinuedOperations": {}, "extraordinaryItems": {}, "effectOfAccountingCharges": {}, "otherItems": {}, "netIncome": -609577000, "netIncomeApplicableToCommonShares": -609577000}, {"maxAge": 1, "endDate": "2019-03-31", "totalRevenue": 2406387000, "costOfRevenue": 1530099000, "grossProfit": 876288000, "researchDevelopment": {}, "sellingGeneralAdministrative": 320367000, "nonRecurring": {}, "otherOperatingExpenses": 369069000, "totalOperatingExpenses": 2429812000, "operatingIncome": -23425000, "totalOtherIncomeExpenseNet": -717175000, "ebit": -23425000, "interestExpense": -716200000, "incomeBeforeTax": -740600000, "incomeTaxExpense": -295042000, "minorityInterest": {}, "netIncomeFromContinuingOps": -445558000, "discontinuedOperations": {}, "extraordinaryItems": {}, "effectOfAccountingCharges": {}, "otherItems": {}, "netIncome": -445558000, "netIncomeApplicableToCommonShares": -445558000}, {"maxAge": 1, "endDate": "2018-03-31", "totalRevenue": 1648976000, "costOfRevenue": 1107981000, "grossProfit": 540995000, "researchDevelopment": {}, "sellingGeneralAdministrative": 151881000, "nonRecurring": {}, "otherOperatingExpenses": 212400000, "totalOperatingExpenses": 1595741000, "operatingIncome": 53235000, "totalOtherIncomeExpenseNet": -50183000, "ebit": 53235000, "interestExpense": -220150000, "incomeBeforeTax": 3052000, "incomeTaxExpense": 561000, "minorityInterest": {}, "netIncomeFromContinuingOps": 2491000, "discontinuedOperations": {}, "extraordinaryItems": {}, "effectOfAccountingCharges": {}, "otherItems": {}, "netIncome": 2491000, "netIncomeApplicableToCommonShares": 2491000}, {"maxAge": 1, "endDate": "2017-03-31", "totalRevenue": 648287000, "costOfRevenue": 479376000, "grossProfit": 168911000, "researchDevelopment": {}, "sellingGeneralAdministrative": 69761000, "nonRecurring": {}, "otherOperatingExpenses": 33921000, "totalOperatingExpenses": 621910000, "operatingIncome": 26377000, "totalOtherIncomeExpenseNet": 2830000, "ebit": 26377000, "interestExpense": -22321000, "incomeBeforeTax": 29207000, "incomeTaxExpense": 4805000, "minorityInterest": {}, "netIncomeFromContinuingOps": 24402000, "discontinuedOperations": {}, "extraordinaryItems": {}, "effectOfAccountingCharges": {}, "otherItems": {}, "netIncome": 24402000, "netIncomeApplicableToCommonShares": 24402000}], "maxAge": 86400}, "fundOwnership": {"maxAge": 1, "ownershipList": []}, "summaryDetail": {"maxAge": 1, "priceHint": 2, "previousClose": 44.7, "open": 43.1, "dayLow": 43.1, "dayHigh": 46.9, "regularMarketPreviousClose": 44.7, "regularMarketOpen": 43.1, "regularMarketDayLow": 43.1, "regularMarketDayHigh": 46.9, "volume": 3025, "regularMarketVolume": 3025, "averageVolume": 6243, "averageVolume10days": 15700, "averageDailyVolume10Day": 15700, "bid": 46.2, "ask": 0.0, "bidSize": 0, "askSize": 0, "marketCap": 2079039232, "fiftyTwoWeekLow": 10.5, "fiftyTwoWeekHigh": 46.9, "fiftyDayAverage": 35.314285, "twoHundredDayAverage": 28.537956, "currency": "INR", "fromCurrency": null, "toCurrency": null, "lastMarket": null, "algorithm": null, "tradeable": false}, "incomeStatementHistoryQuarterly": {"incomeStatementHistory": [{"maxAge": 1, "endDate": "2020-06-30", "totalRevenue": 472754000, "costOfRevenue": 330710000, "grossProfit": 142044000, "researchDevelopment": {}, "sellingGeneralAdministrative": 41552000, "nonRecurring": {}, "otherOperatingExpenses": 61190000, "totalOperatingExpenses": 487670000, "operatingIncome": -14916000, "totalOtherIncomeExpenseNet": -224552000, "ebit": -14916000, "interestExpense": -225870000, "incomeBeforeTax": -239468000, "incomeTaxExpense": -64957000, "minorityInterest": {}, "netIncomeFromContinuingOps": -174511000, "discontinuedOperations": {}, "extraordinaryItems": {}, "effectOfAccountingCharges": {}, "otherItems": {}, "netIncome": -174511000, "netIncomeApplicableToCommonShares": -174511000}, {"maxAge": 1, "endDate": "2020-03-31", "totalRevenue": 745946000, "costOfRevenue": 455560000, "grossProfit": 290386000, "researchDevelopment": {}, "sellingGeneralAdministrative": 85810000, "nonRecurring": {}, "otherOperatingExpenses": 79342000, "totalOperatingExpenses": 674862000, "operatingIncome": 71084000, "totalOtherIncomeExpenseNet": -234709000, "ebit": 71084000, "interestExpense": -230873000, "incomeBeforeTax": -163625000, "incomeTaxExpense": -42903000, "minorityInterest": {}, "netIncomeFromContinuingOps": -120722000, "discontinuedOperations": {}, "extraordinaryItems": {}, "effectOfAccountingCharges": {}, "otherItems": {}, "netIncome": -120722000, "netIncomeApplicableToCommonShares": -120722000}, {"maxAge": 1, "endDate": "2019-12-31", "totalRevenue": 584802000, "costOfRevenue": 367801000, "grossProfit": 217001000, "researchDevelopment": {}, "sellingGeneralAdministrative": 74429000, "nonRecurring": {}, "otherOperatingExpenses": 82157000, "totalOperatingExpenses": 579085000, "operatingIncome": 5717000, "totalOtherIncomeExpenseNet": -222240000, "ebit": 5717000, "interestExpense": -222823000, "incomeBeforeTax": -216523000, "incomeTaxExpense": -55358000, "minorityInterest": {}, "netIncomeFromContinuingOps": -161165000, "discontinuedOperations": {}, "extraordinaryItems": {}, "effectOfAccountingCharges": {}, "otherItems": {}, "netIncome": -161165000, "netIncomeApplicableToCommonShares": -161165000}, {"maxAge": 1, "endDate": "2019-09-30", "totalRevenue": 660651000, "costOfRevenue": 435159000, "grossProfit": 225492000, "researchDevelopment": {}, "sellingGeneralAdministrative": 79528000, "nonRecurring": {}, "otherOperatingExpenses": 87306000, "totalOperatingExpenses": 656833000, "operatingIncome": 3818000, "totalOtherIncomeExpenseNet": -231113000, "ebit": 3818000, "interestExpense": -232243000, "incomeBeforeTax": -227295000, "incomeTaxExpense": -59144000, "minorityInterest": {}, "netIncomeFromContinuingOps": -168151000, "discontinuedOperations": {}, "extraordinaryItems": {}, "effectOfAccountingCharges": {}, "otherItems": {}, "netIncome": -168151000, "netIncomeApplicableToCommonShares": -168151000}], "maxAge": 86400}, "cashflowStatementHistoryQuarterly": {"cashflowStatements": [{"maxAge": 1, "endDate": "2020-06-30", "netIncome": -174511000, "changeToLiabilities": 0}, {"maxAge": 1, "endDate": "2020-03-31", "netIncome": -120722000, "changeToLiabilities": 0}, {"maxAge": 1, "endDate": "2019-12-31", "netIncome": -161165000, "changeToLiabilities": 0}, {"maxAge": 1, "endDate": "2019-09-30", "netIncome": -168151000, "changeToLiabilities": 0}], "maxAge": 86400}, "insiderHolders": {"holders": [{"maxAge": 1, "name": "Arora (Mahender Singh)", "relation": "Chief Executive Officer", "url": "", "transactionDescription": "Acquisition", "latestTransDate": "2017-01-12", "positionDirect": 45789, "positionDirectDate": "2017-01-12"}, {"maxAge": 1, "name": "Gaji Mercantiles Pvt. Ltd.", "relation": "Promoter", "url": "", "transactionDescription": "Sale", "latestTransDate": "2017-05-02", "positionDirect": 9405000, "positionDirectDate": "2017-05-02"}, {"maxAge": 1, "name": "Gyan Shankar Investment & Trading Company Pvt. Ltd.", "relation": "Promoter", "url": "", "transactionDescription": "Acquisition", "latestTransDate": "2016-05-11", "positionDirect": 1714370, "positionDirectDate": "2016-05-11"}, {"maxAge": 1, "name": "Mittal (Mayank Murarilal)", "relation": "Director", "url": "", "transactionDescription": "Acquisition", "latestTransDate": "2016-05-13", "positionDirect": 100001, "positionDirectDate": "2016-05-13"}], "maxAge": 1}, "calendarEvents": {"maxAge": 1, "earnings": {"earningsDate": []}}, "price": {"maxAge": 1, "regularMarketChangePercent": 0.0346756, "regularMarketChange": 1.5499992, "regularMarketTime": "2021-04-30 15:16:35", "priceHint": 2, "regularMarketPrice": 46.25, "regularMarketDayHigh": 46.9, "regularMarketDayLow": 43.1, "regularMarketVolume": 3025, "averageDailyVolume10Day": 15700, "averageDailyVolume3Month": 6243, "regularMarketPreviousClose": 44.7, "regularMarketSource": "FREE_REALTIME", "regularMarketOpen": 43.1, "exchange": "BSE", "exchangeName": "BSE", "exchangeDataDelayedBy": 0, "marketState": "CLOSED", "quoteType": "EQUITY", "symbol": "BHARATWIRE.BO", "underlyingSymbol": null, "shortName": "Bharat Wire Ropes Limited", "longName": "Bharat Wire Ropes Limited", "currency": "INR", "quoteSourceName": "Delayed Quote", "currencySymbol": "\u20b9", "fromCurrency": null, "toCurrency": null, "lastMarket": null, "marketCap": 2079039232}, "balanceSheetHistory": {"balanceSheetStatements": [{"maxAge": 1, "endDate": "2020-03-31", "cash": 27806000, "shortTermInvestments": 5263000, "netReceivables": 295881000, "inventory": 776504000, "otherCurrentAssets": 430457000, "totalCurrentAssets": 1539883000, "propertyPlantEquipment": 5389448000, "intangibleAssets": 2216000, "otherAssets": 591679000, "deferredLongTermAssetCharges": 464148000, "totalAssets": 7523226000, "accountsPayable": 108078000, "shortLongTermDebt": 2681064000, "otherCurrentLiab": 147079000, "longTermDebt": 2785053000, "otherLiab": 49715000, "totalCurrentLiabilities": 4297907000, "totalLiab": 7132675000, "commonStock": 449522000, "retainedEarnings": -914630000, "treasuryStock": 41479000, "capitalSurplus": 814180000, "otherStockholderEquity": 41479000, "totalStockholderEquity": 390551000, "netTangibleAssets": 388335000}, {"maxAge": 1, "endDate": "2019-03-31", "cash": 3403000, "shortTermInvestments": 6457000, "netReceivables": 364659000, "inventory": 888616000, "otherCurrentAssets": 422230000, "totalCurrentAssets": 1692073000, "propertyPlantEquipment": 5606500000, "intangibleAssets": 3421000, "otherAssets": 367210000, "deferredLongTermAssetCharges": 253728000, "totalAssets": 7669204000, "accountsPayable": 317666000, "shortLongTermDebt": 1421153000, "otherCurrentLiab": 134364000, "longTermDebt": 3578154000, "otherLiab": 49869000, "totalCurrentLiabilities": 3044100000, "totalLiab": 6672123000, "commonStock": 449522000, "retainedEarnings": -305034000, "treasuryStock": 38413000, "capitalSurplus": 814180000, "otherStockholderEquity": 38413000, "totalStockholderEquity": 997081000, "netTangibleAssets": 993660000}, {"maxAge": 1, "endDate": "2018-03-31", "cash": 192995000, "shortTermInvestments": 11035000, "netReceivables": 235856000, "inventory": 734540000, "otherCurrentAssets": 418545000, "totalCurrentAssets": 1600402000, "propertyPlantEquipment": 5673449000, "intangibleAssets": 3753000, "otherAssets": 86690000, "totalAssets": 7364294000, "accountsPayable": 374331000, "shortLongTermDebt": 396502000, "otherCurrentLiab": 162402000, "longTermDebt": 4337038000, "otherLiab": 88229000, "totalCurrentLiabilities": 1506169000, "totalLiab": 5931436000, "commonStock": 449522000, "retainedEarnings": 140123000, "treasuryStock": 29033000, "capitalSurplus": 814180000, "otherStockholderEquity": 29033000, "totalStockholderEquity": 1432858000, "netTangibleAssets": 1429105000}, {"maxAge": 1, "endDate": "2017-03-31", "cash": 17864000, "shortTermInvestments": 9240000, "netReceivables": 171153000, "inventory": 437113000, "otherCurrentAssets": 321745000, "totalCurrentAssets": 959495000, "propertyPlantEquipment": 4818610000, "intangibleAssets": 3090000, "otherAssets": 211280000, "totalAssets": 5992475000, "accountsPayable": 195788000, "shortLongTermDebt": 12199000, "otherCurrentLiab": 325073000, "longTermDebt": 3489545000, "otherLiab": 304794000, "totalCurrentLiabilities": 790859000, "totalLiab": 4585198000, "commonStock": 449522000, "retainedEarnings": 138774000, "treasuryStock": 4801000, "capitalSurplus": 814180000, "otherStockholderEquity": 4801000, "totalStockholderEquity": 1407277000, "netTangibleAssets": 1404187000}], "maxAge": 86400}, "financialData": {"maxAge": 86400, "currentPrice": 46.25, "recommendationKey": "none", "grossProfits": 937011000, "financialCurrency": "INR"}}}