{"BHARAT.BO": {"cashflowStatementHistory": {"cashflowStatements": [{"maxAge": 1, "endDate": "2020-03-31", "netIncome": 2078156, "changeToNetincome": -5532808, "changeToLiabilities": 0, "changeToOperatingActivities": 141859, "totalCashFromOperatingActivities": 1088516, "investments": -322259, "otherCashflowsFromInvestingActivities": 2124172, "totalCashflowsFromInvestingActivities": 1801913, "dividendsPaid": -2028240, "otherCashflowsFromFinancingActivities": -416911, "totalCashFromFinancingActivities": -2445151, "changeInCash": 445278}, {"maxAge": 1, "endDate": "2019-03-31", "netIncome": 789182, "changeToNetincome": -5537896, "changeToAccountReceivables": 123616, "changeToLiabilities": 0, "changeToOperatingActivities": -887747, "totalCashFromOperatingActivities": -3912843, "investments": 2280646, "otherCashflowsFromInvestingActivities": 1813003, "totalCashflowsFromInvestingActivities": 4093649, "dividendsPaid": -1690200, "otherCashflowsFromFinancingActivities": -764334, "totalCashFromFinancingActivities": -4482774, "changeInCash": -4301968}, {"maxAge": 1, "endDate": "2018-03-31", "netIncome": 5950616, "changeToNetincome": -6670426, "changeToAccountReceivables": -110430, "changeToLiabilities": 0, "changeToInventory": -750710, "changeToOperatingActivities": -5950, "totalCashFromOperatingActivities": -1586900, "investments": 5526820, "otherCashflowsFromInvestingActivities": 2287550, "totalCashflowsFromInvestingActivities": 7814370, "dividendsPaid": -1690200, "otherCashflowsFromFinancingActivities": -344090, "totalCashFromFinancingActivities": -2034290, "changeInCash": 4193180}, {"maxAge": 1, "endDate": "2017-03-31", "netIncome": 5005155, "depreciation": 5020, "changeToNetincome": -5671845, "changeToAccountReceivables": 41090, "changeToLiabilities": 0, "changeToInventory": 571910, "changeToOperatingActivities": 2422820, "totalCashFromOperatingActivities": 2374150, "investments": -1899150, "otherCashflowsFromInvestingActivities": 1608390, "totalCashflowsFromInvestingActivities": -290760, "dividendsPaid": -1690200, "otherCashflowsFromFinancingActivities": -344090, "totalCashFromFinancingActivities": -2034290, "changeInCash": 49100}], "maxAge": 86400}, "institutionOwnership": {"maxAge": 1, "ownershipList": []}, "balanceSheetHistoryQuarterly": {"balanceSheetStatements": [{"maxAge": 1, "endDate": "2020-06-30", "totalStockholderEquity": 133277000, "netTangibleAssets": 133277000}, {"maxAge": 1, "endDate": "2020-03-31", "cash": 763439, "netReceivables": 2244188, "otherCurrentAssets": 3990720, "totalCurrentAssets": 142378808, "propertyPlantEquipment": 32809, "totalAssets": 142411617, "otherCurrentLiab": 1730994, "otherLiab": 7253093, "totalCurrentLiabilities": 1880723, "totalLiab": 9133816, "commonStock": 33804000, "retainedEarnings": 60465112, "treasuryStock": 39008689, "otherStockholderEquity": 39008689, "totalStockholderEquity": 133277801, "netTangibleAssets": 133277801}, {"maxAge": 1, "endDate": "2019-12-31", "totalStockholderEquity": 146472000, "netTangibleAssets": 146472000}, {"maxAge": 1, "endDate": "2019-09-30", "cash": 4639000, "netReceivables": 2017000, "totalCurrentAssets": 6656000, "longTermInvestments": 153873000, "propertyPlantEquipment": 33000, "otherAssets": 442000, "totalAssets": 161004000, "otherCurrentLiab": 33000, "otherLiab": 14499000, "totalCurrentLiabilities": 33000, "totalLiab": 14532000, "commonStock": 33804000, "treasuryStock": 112668000, "otherStockholderEquity": 112668000, "totalStockholderEquity": 146472000, "netTangibleAssets": 146472000}], "maxAge": 86400}, "indexTrend": {"maxAge": 1, "symbol": "SP5", "peRatio": 19.7411, "pegRatio": 1.34172, "estimates": [{"period": "0q", "growth": 0.549}, {"period": "+1q", "growth": 0.431}, {"period": "0y", "growth": 0.305}, {"period": "+1y", "growth": 0.109}, {"period": "+5y", "growth": 0.120859005}, {"period": "-5y"}]}, "insiderTransactions": {"transactions": [{"maxAge": 1, "shares": 6, "filerUrl": "", "transactionText": "", "filerName": "Ahuja (Nisha)", "filerRelation": "Director (Non-Executive)", "moneyText": "", "startDate": "2020-03-24", "ownership": "D"}, {"maxAge": 1, "shares": 250, "filerUrl": "", "transactionText": "", "filerName": "Bhushan (Vijay)", "filerRelation": "Director (Non-Executive)", "moneyText": "", "startDate": "2020-03-24", "ownership": "D"}, {"maxAge": 1, "shares": 5, "filerUrl": "", "transactionText": "", "filerName": "Bhushan (Vijay)", "filerRelation": "Director (Non-Executive)", "moneyText": "", "startDate": "2020-03-20", "ownership": "D"}, {"maxAge": 1, "shares": 23661, "filerUrl": "", "transactionText": "", "filerName": "Ahuja (Nisha)", "filerRelation": "Director (Non-Executive)", "moneyText": "", "startDate": "2020-03-19", "ownership": "D"}, {"maxAge": 1, "shares": 2100, "filerUrl": "", "transactionText": "", "filerName": "Bhushan (Vijay)", "filerRelation": "Director (Non-Executive)", "moneyText": "", "startDate": "2020-03-19", "ownership": "D"}, {"maxAge": 1, "shares": 45907, "filerUrl": "", "transactionText": "", "filerName": "Ahuja (Jogesh Chander)", "filerRelation": "Director (Non-Executive)", "moneyText": "", "startDate": "2019-12-26", "ownership": "D"}, {"maxAge": 1, "shares": 0, "filerUrl": "", "transactionText": "", "filerName": "Ahuja (Uday)", "filerRelation": "UNREPORTED", "moneyText": "", "startDate": "2019-12-26", "ownership": "I"}], "maxAge": 1}, "quoteType": {"exchange": "BSE", "quoteType": "EQUITY", "symbol": "BHARAT.BO", "underlyingSymbol": "BHARAT.BO", "shortName": "BHARAT BHUSHAN SHARE & COMMODI", "longName": "Bharat Bhushan Finance & Commodity Brokers Limited", "firstTradeDateEpochUtc": "2000-01-04 09:15:00", "timeZoneFullName": "Asia/Kolkata", "timeZoneShortName": "IST", "uuid": "5aec0146-bef8-3f6d-8fac-87b5f995b4f5", "messageBoardId": null, "gmtOffSetMilliseconds": 19800000, "maxAge": 1}, "incomeStatementHistory": {"incomeStatementHistory": [{"maxAge": 1, "endDate": "2020-03-31", "totalRevenue": 5673882, "costOfRevenue": 28120, "grossProfit": 5645762, "researchDevelopment": {}, "sellingGeneralAdministrative": 1824486, "nonRecurring": {}, "otherOperatingExpenses": 1199829, "totalOperatingExpenses": 3052435, "operatingIncome": 2621447, "totalOtherIncomeExpenseNet": 0, "ebit": 0, "interestExpense": {}, "incomeBeforeTax": 2621447, "incomeTaxExpense": 543291, "minorityInterest": {}, "netIncomeFromContinuingOps": 2078156, "discontinuedOperations": {}, "extraordinaryItems": {}, "effectOfAccountingCharges": {}, "otherItems": {}, "netIncome": 2078156, "netIncomeApplicableToCommonShares": 2078156}, {"maxAge": 1, "endDate": "2019-03-31", "totalRevenue": 4953833, "costOfRevenue": 22076, "grossProfit": 4931757, "researchDevelopment": {}, "sellingGeneralAdministrative": 1621037, "nonRecurring": {}, "otherOperatingExpenses": 1309279, "totalOperatingExpenses": 2952392, "operatingIncome": 2001441, "totalOtherIncomeExpenseNet": 275000, "ebit": 0, "interestExpense": {}, "incomeBeforeTax": 2276441, "incomeTaxExpense": 1487259, "minorityInterest": {}, "netIncomeFromContinuingOps": 789182, "discontinuedOperations": {}, "extraordinaryItems": {}, "effectOfAccountingCharges": {}, "otherItems": {}, "netIncome": 789182, "netIncomeApplicableToCommonShares": 789182}, {"maxAge": 1, "endDate": "2018-03-31", "totalRevenue": 10333493, "costOfRevenue": 23792, "grossProfit": 10309701, "researchDevelopment": {}, "sellingGeneralAdministrative": 1578256, "nonRecurring": {}, "otherOperatingExpenses": 1252662, "totalOperatingExpenses": 2854710, "operatingIncome": 7478783, "totalOtherIncomeExpenseNet": 0, "ebit": 0, "interestExpense": {}, "incomeBeforeTax": 7478783, "incomeTaxExpense": 1528167, "minorityInterest": {}, "netIncomeFromContinuingOps": 5950616, "discontinuedOperations": {}, "extraordinaryItems": {}, "effectOfAccountingCharges": {}, "otherItems": {}, "netIncome": 5950616, "netIncomeApplicableToCommonShares": 5950616}, {"maxAge": 1, "endDate": "2017-03-31", "totalRevenue": 8137376, "costOfRevenue": 46571, "grossProfit": 8090805, "researchDevelopment": {}, "sellingGeneralAdministrative": 1401717, "nonRecurring": {}, "otherOperatingExpenses": 635903, "totalOperatingExpenses": 2089207, "operatingIncome": 6048169, "totalOtherIncomeExpenseNet": 0, "ebit": 0, "interestExpense": {}, "incomeBeforeTax": 6048169, "incomeTaxExpense": 1043014, "minorityInterest": {}, "netIncomeFromContinuingOps": 5005155, "discontinuedOperations": {}, "extraordinaryItems": {}, "effectOfAccountingCharges": {}, "otherItems": {}, "netIncome": 5005155, "netIncomeApplicableToCommonShares": 5005155}], "maxAge": 86400}, "fundOwnership": {"maxAge": 1, "ownershipList": []}, "summaryDetail": {"maxAge": 1, "priceHint": 2, "previousClose": 19.0, "open": 19.55, "dayLow": 17.2, "dayHigh": 21.8, "regularMarketPreviousClose": 19.0, "regularMarketOpen": 19.55, "regularMarketDayLow": 17.2, "regularMarketDayHigh": 21.8, "trailingPE": 20.922747, "volume": 3024, "regularMarketVolume": 3024, "averageVolume": 2160, "averageVolume10days": 3182, "averageDailyVolume10Day": 3182, "bid": 18.7, "ask": 19.5, "bidSize": 0, "askSize": 0, "marketCap": 65917800, "fiftyTwoWeekLow": 9.52, "fiftyTwoWeekHigh": 23.95, "fiftyDayAverage": 17.751429, "twoHundredDayAverage": 17.893358, "trailingAnnualDividendRate": 0.6, "trailingAnnualDividendYield": 0.031578947, "currency": "INR", "fromCurrency": null, "toCurrency": null, "lastMarket": null, "algorithm": null, "tradeable": false}, "incomeStatementHistoryQuarterly": {"incomeStatementHistory": [{"maxAge": 1, "endDate": "2020-06-30", "totalRevenue": 1523000, "costOfRevenue": 0, "grossProfit": 1523000, "researchDevelopment": {}, "sellingGeneralAdministrative": 380000, "nonRecurring": {}, "otherOperatingExpenses": 216000, "totalOperatingExpenses": 596000, "operatingIncome": 927000, "totalOtherIncomeExpenseNet": 0, "ebit": 0, "interestExpense": {}, "incomeBeforeTax": 927000, "incomeTaxExpense": 145000, "minorityInterest": {}, "netIncomeFromContinuingOps": 782000, "discontinuedOperations": {}, "extraordinaryItems": {}, "effectOfAccountingCharges": {}, "otherItems": {}, "netIncome": 782000, "netIncomeApplicableToCommonShares": 782000}, {"maxAge": 1, "endDate": "2020-03-31", "totalRevenue": 3195882, "costOfRevenue": 28120, "grossProfit": 3167762, "researchDevelopment": {}, "sellingGeneralAdministrative": 572486, "nonRecurring": {}, "otherOperatingExpenses": 237829, "totalOperatingExpenses": 838435, "operatingIncome": 2357447, "totalOtherIncomeExpenseNet": 0, "ebit": 0, "interestExpense": {}, "incomeBeforeTax": 2357447, "incomeTaxExpense": -92709, "minorityInterest": {}, "netIncomeFromContinuingOps": 2450156, "discontinuedOperations": {}, "extraordinaryItems": {}, "effectOfAccountingCharges": {}, "otherItems": {}, "netIncome": 2450156, "netIncomeApplicableToCommonShares": 2450156}, {"maxAge": 1, "endDate": "2019-12-31", "totalRevenue": 945000, "costOfRevenue": 0, "grossProfit": 945000, "researchDevelopment": {}, "sellingGeneralAdministrative": 474000, "nonRecurring": {}, "otherOperatingExpenses": 300000, "totalOperatingExpenses": 774000, "operatingIncome": 171000, "totalOtherIncomeExpenseNet": 0, "ebit": 0, "interestExpense": {}, "incomeBeforeTax": 171000, "incomeTaxExpense": 223000, "minorityInterest": {}, "netIncomeFromContinuingOps": -52000, "discontinuedOperations": {}, "extraordinaryItems": {}, "effectOfAccountingCharges": {}, "otherItems": {}, "netIncome": -52000, "netIncomeApplicableToCommonShares": -52000}, {"maxAge": 1, "endDate": "2019-09-30", "totalRevenue": 902000, "costOfRevenue": 0, "grossProfit": 902000, "researchDevelopment": {}, "sellingGeneralAdministrative": 388000, "nonRecurring": {}, "otherOperatingExpenses": 376000, "totalOperatingExpenses": 764000, "operatingIncome": 138000, "totalOtherIncomeExpenseNet": -6000, "ebit": 0, "interestExpense": {}, "incomeBeforeTax": 132000, "incomeTaxExpense": 97000, "minorityInterest": {}, "netIncomeFromContinuingOps": 35000, "discontinuedOperations": {}, "extraordinaryItems": {}, "effectOfAccountingCharges": {}, "otherItems": {}, "netIncome": 35000, "netIncomeApplicableToCommonShares": 35000}], "maxAge": 86400}, "cashflowStatementHistoryQuarterly": {"cashflowStatements": [{"maxAge": 1, "endDate": "2020-06-30", "netIncome": 782000, "changeToLiabilities": 0}, {"maxAge": 1, "endDate": "2020-03-31", "netIncome": 2450156, "changeToLiabilities": 0}, {"maxAge": 1, "endDate": "2019-12-31", "netIncome": -52000, "changeToLiabilities": 0}, {"maxAge": 1, "endDate": "2019-09-30", "netIncome": 35000, "changeToLiabilities": 0}], "maxAge": 86400}, "insiderHolders": {"holders": [{"maxAge": 1, "name": "Ahuja (Jogesh Chander)", "relation": "Director (Non-Executive)", "url": "", "transactionDescription": "Other", "latestTransDate": "2019-12-26", "positionDirect": 0, "positionDirectDate": "2019-12-26"}, {"maxAge": 1, "name": "Ahuja (Nisha)", "relation": "Director (Non-Executive)", "url": "", "transactionDescription": "Acquisition", "latestTransDate": "2020-03-24", "positionDirect": 679413, "positionDirectDate": "2020-03-24"}, {"maxAge": 1, "name": "Ahuja (Uday)", "relation": "UNREPORTED", "url": "", "transactionDescription": "Other", "latestTransDate": "2019-12-26", "positionIndirect": 45907, "positionIndirectDate": 1577318400}, {"maxAge": 1, "name": "Bhushan (Vijay)", "relation": "Director (Non-Executive)", "url": "", "transactionDescription": "Acquisition", "latestTransDate": "2020-03-24", "positionDirect": 804323, "positionDirectDate": "2020-03-24"}], "maxAge": 1}, "calendarEvents": {"maxAge": 1, "earnings": {"earningsDate": ["2020-08-17 05:30:S"]}}, "price": {"maxAge": 1, "regularMarketChangePercent": 0.02631579, "regularMarketChange": 0.5, "regularMarketTime": "2021-04-30 15:27:28", "priceHint": 2, "regularMarketPrice": 19.5, "regularMarketDayHigh": 21.8, "regularMarketDayLow": 17.2, "regularMarketVolume": 3024, "averageDailyVolume10Day": 3182, "averageDailyVolume3Month": 2160, "regularMarketPreviousClose": 19.0, "regularMarketSource": "FREE_REALTIME", "regularMarketOpen": 19.55, "exchange": "BSE", "exchangeName": "BSE", "exchangeDataDelayedBy": 0, "marketState": "CLOSED", "quoteType": "EQUITY", "symbol": "BHARAT.BO", "underlyingSymbol": null, "shortName": "BHARAT BHUSHAN SHARE & COMMODI", "longName": "Bharat Bhushan Finance & Commodity Brokers Limited", "currency": "INR", "quoteSourceName": "Delayed Quote", "currencySymbol": "\u20b9", "fromCurrency": null, "toCurrency": null, "lastMarket": null, "marketCap": 65917800}, "balanceSheetHistory": {"balanceSheetStatements": [{"maxAge": 1, "endDate": "2020-03-31", "cash": 763439, "netReceivables": 2244188, "otherCurrentAssets": 3990720, "totalCurrentAssets": 142378808, "propertyPlantEquipment": 32809, "totalAssets": 142411617, "otherCurrentLiab": 1730994, "otherLiab": 7253093, "totalCurrentLiabilities": 1880723, "totalLiab": 9133816, "commonStock": 33804000, "retainedEarnings": 60465112, "treasuryStock": 39008689, "otherStockholderEquity": 39008689, "totalStockholderEquity": 133277801, "netTangibleAssets": 133277801}, {"maxAge": 1, "endDate": "2019-03-31", "cash": 318161, "netReceivables": 2370832, "otherCurrentAssets": 4007521, "totalCurrentAssets": 162145577, "propertyPlantEquipment": 32809, "otherAssets": 3266, "totalAssets": 162181652, "otherCurrentLiab": 1798069, "otherLiab": 7378706, "totalCurrentLiabilities": 1950163, "totalLiab": 9328869, "commonStock": 33804000, "retainedEarnings": 59319834, "treasuryStock": 59728949, "otherStockholderEquity": 59728949, "totalStockholderEquity": 152852783, "netTangibleAssets": 152852783}, {"maxAge": 1, "endDate": "2018-03-31", "cash": 6134306, "netReceivables": 2310121, "otherCurrentAssets": 1429710, "totalCurrentAssets": 16202614, "longTermInvestments": 75193965, "propertyPlantEquipment": 32809, "otherAssets": 2024277, "deferredLongTermAssetCharges": 19718, "totalAssets": 93453665, "otherCurrentLiab": 3662177, "totalCurrentLiabilities": 3811692, "totalLiab": 3811692, "commonStock": 33804000, "retainedEarnings": 55837573, "treasuryStock": 400, "otherStockholderEquity": 400, "totalStockholderEquity": 89641973, "netTangibleAssets": 89641973}, {"maxAge": 1, "endDate": "2017-03-31", "cash": 1941129, "netReceivables": 2120629, "otherCurrentAssets": 1247807, "totalCurrentAssets": 10887336, "longTermInvestments": 76118481, "propertyPlantEquipment": 32809, "otherAssets": 2038546, "deferredLongTermAssetCharges": 33986, "totalAssets": 89077172, "otherCurrentLiab": 3179656, "otherLiab": 20051, "totalCurrentLiabilities": 3331473, "totalLiab": 3351524, "commonStock": 33804000, "retainedEarnings": 51921248, "treasuryStock": 400, "otherStockholderEquity": 400, "totalStockholderEquity": 85725648, "netTangibleAssets": 85725648}], "maxAge": 86400}, "financialData": {"maxAge": 86400, "currentPrice": 19.5, "recommendationKey": "none", "grossProfits": 5645762, "financialCurrency": "INR"}}}