{"BHASKAGR.BO": {"cashflowStatementHistory": {"cashflowStatements": [{"maxAge": 1, "endDate": "2020-03-31", "netIncome": 6093296, "depreciation": 9866933, "changeToNetincome": 12166481, "changeToAccountReceivables": -26407632, "changeToLiabilities": -5313812, "changeToInventory": 32572748, "changeToOperatingActivities": 5437424, "totalCashFromOperatingActivities": 34415438, "capitalExpenditures": -6490149, "otherCashflowsFromInvestingActivities": -26861, "totalCashflowsFromInvestingActivities": -5977010, "netBorrowings": -16202588, "otherCashflowsFromFinancingActivities": -12195327, "totalCashFromFinancingActivities": -28397915, "changeInCash": 40512}, {"maxAge": 1, "endDate": "2019-03-31", "netIncome": 7170109, "depreciation": 7696455, "changeToNetincome": 13867419, "changeToAccountReceivables": -15994172, "changeToLiabilities": 6716249, "changeToInventory": -11877498, "changeToOperatingActivities": 16730898, "totalCashFromOperatingActivities": 24309460, "capitalExpenditures": -19484405, "otherCashflowsFromInvestingActivities": -27524, "totalCashflowsFromInvestingActivities": -19511929, "netBorrowings": 8823452, "otherCashflowsFromFinancingActivities": -13554777, "totalCashFromFinancingActivities": -4731325, "changeInCash": 66206}, {"maxAge": 1, "endDate": "2018-03-31", "netIncome": 3893734, "depreciation": 5640835, "changeToNetincome": 9625782, "changeToAccountReceivables": -6182352, "changeToLiabilities": 10844887, "changeToInventory": -21198529, "changeToOperatingActivities": 3757799, "totalCashFromOperatingActivities": 6382156, "capitalExpenditures": -37075153, "otherCashflowsFromInvestingActivities": -37220, "totalCashflowsFromInvestingActivities": -37112373, "netBorrowings": 37261072, "otherCashflowsFromFinancingActivities": -6749932, "totalCashFromFinancingActivities": 30511140, "changeInCash": -219077}, {"maxAge": 1, "endDate": "2017-03-31", "netIncome": 8571340, "depreciation": 4477626, "changeToNetincome": 9035803, "changeToAccountReceivables": 2340908, "changeToLiabilities": 1231603, "changeToInventory": -14742610, "changeToOperatingActivities": 2385372, "totalCashFromOperatingActivities": 13300042, "capitalExpenditures": -22419449, "investments": 28000, "otherCashflowsFromInvestingActivities": -37220, "totalCashflowsFromInvestingActivities": -20291449, "netBorrowings": 13017931, "otherCashflowsFromFinancingActivities": -5805711, "totalCashFromFinancingActivities": 7212220, "changeInCash": 220813}], "maxAge": 86400}, "institutionOwnership": {"ownershipList": [], "maxAge": 1}, "balanceSheetHistoryQuarterly": {"balanceSheetStatements": [{"maxAge": 1, "endDate": "2020-06-30", "totalStockholderEquity": 93469055, "netTangibleAssets": 93469055}, {"maxAge": 1, "endDate": "2020-03-31", "cash": 177422, "netReceivables": 54161844, "inventory": 55895723, "otherCurrentAssets": 161987, "totalCurrentAssets": 110752405, "propertyPlantEquipment": 184538777, "otherAssets": 668584, "totalAssets": 295959766, "accountsPayable": 34500953, "shortLongTermDebt": 7949128, "otherCurrentLiab": 51274783, "longTermDebt": 39813234, "otherLiab": 1915718, "totalCurrentLiabilities": 160761759, "totalLiab": 202490711, "commonStock": 51980330, "retainedEarnings": -21054474, "treasuryStock": 47381660, "capitalSurplus": 15161539, "otherStockholderEquity": 47381660, "totalStockholderEquity": 93469055, "netTangibleAssets": 93469055}, {"maxAge": 1, "endDate": "2019-12-31", "totalStockholderEquity": 94317000, "netTangibleAssets": 94317000}, {"maxAge": 1, "endDate": "2019-09-30", "cash": 229000, "shortTermInvestments": 8000, "netReceivables": 124873000, "inventory": 106877000, "otherCurrentAssets": 1303000, "totalCurrentAssets": 233290000, "propertyPlantEquipment": 189109000, "otherAssets": 464000, "totalAssets": 422863000, "accountsPayable": 156667000, "otherCurrentLiab": 70231000, "longTermDebt": 41167000, "otherLiab": 2352000, "totalCurrentLiabilities": 285027000, "totalLiab": 328546000, "commonStock": 51980000, "treasuryStock": 42337000, "otherStockholderEquity": 42337000, "totalStockholderEquity": 94317000, "netTangibleAssets": 94317000}], "maxAge": 86400}, "indexTrend": {"maxAge": 1, "symbol": "SP5", "peRatio": 19.7411, "pegRatio": 1.34172, "estimates": [{"period": "0q", "growth": 0.549}, {"period": "+1q", "growth": 0.431}, {"period": "0y", "growth": 0.305}, {"period": "+1y", "growth": 0.109}, {"period": "+5y", "growth": 0.120859005}, {"period": "-5y"}]}, "insiderTransactions": {"transactions": [{"maxAge": 1, "shares": 208594, "filerUrl": "", "transactionText": "", "filerName": "Posani Fertilisers Ltd", "filerRelation": "Promoter", "moneyText": "", "startDate": "2020-03-13", "ownership": "D"}, {"maxAge": 1, "shares": 623619, "filerUrl": "", "transactionText": "", "filerName": "Durgamba (P)", "filerRelation": "Promoter", "moneyText": "", "startDate": "2019-07-12", "ownership": "D"}, {"maxAge": 1, "shares": 623619, "filerUrl": "", "transactionText": "", "filerName": "Kumar (Praveen P)", "filerRelation": "Promoter", "moneyText": "", "startDate": "2019-07-12", "ownership": "D"}], "maxAge": 1}, "quoteType": {"exchange": "BSE", "quoteType": "EQUITY", "symbol": "BHASKAGR.BO", "underlyingSymbol": "BHASKAGR.BO", "shortName": "BHASKAR AGROCHEMICALS LTD.", "longName": "Bhaskar Agrochemicals Limited", "firstTradeDateEpochUtc": "1998-12-30 09:15:00", "timeZoneFullName": "Asia/Kolkata", "timeZoneShortName": "IST", "uuid": "fb4d5177-8360-3559-b258-fb40550d9de2", "gmtOffSetMilliseconds": 19800000, "maxAge": 1}, "incomeStatementHistory": {"incomeStatementHistory": [{"maxAge": 1, "endDate": "2020-03-31", "totalRevenue": 518377684, "costOfRevenue": 451353719, "grossProfit": 67023965, "researchDevelopment": {}, "sellingGeneralAdministrative": 18080854, "nonRecurring": {}, "otherOperatingExpenses": 13791653, "totalOperatingExpenses": 493093159, "operatingIncome": 25284525, "totalOtherIncomeExpenseNet": -19191229, "ebit": 25284525, "interestExpense": -12195327, "incomeBeforeTax": 6093296, "incomeTaxExpense": 0, "minorityInterest": {}, "netIncomeFromContinuingOps": 6093296, "discontinuedOperations": {}, "extraordinaryItems": {}, "effectOfAccountingCharges": {}, "otherItems": {}, "netIncome": 6093296, "netIncomeApplicableToCommonShares": 6093296}, {"maxAge": 1, "endDate": "2019-03-31", "totalRevenue": 516670544, "costOfRevenue": 457994740, "grossProfit": 58675804, "researchDevelopment": {}, "sellingGeneralAdministrative": 17467772, "nonRecurring": {}, "otherOperatingExpenses": 12428094, "totalOperatingExpenses": 495587061, "operatingIncome": 21083483, "totalOtherIncomeExpenseNet": -13913374, "ebit": 21083483, "interestExpense": -13554777, "incomeBeforeTax": 7170109, "incomeTaxExpense": 0, "minorityInterest": {}, "netIncomeFromContinuingOps": 7170109, "discontinuedOperations": {}, "extraordinaryItems": {}, "effectOfAccountingCharges": {}, "otherItems": {}, "netIncome": 7170109, "netIncomeApplicableToCommonShares": 7170109}, {"maxAge": 1, "endDate": "2018-03-31", "totalRevenue": 517945573, "costOfRevenue": 466832076, "grossProfit": 51113497, "researchDevelopment": {}, "sellingGeneralAdministrative": 16696242, "nonRecurring": {}, "otherOperatingExpenses": 15367363, "totalOperatingExpenses": 504536516, "operatingIncome": 13409057, "totalOtherIncomeExpenseNet": -9515323, "ebit": 13409057, "interestExpense": -9176708, "incomeBeforeTax": 3893734, "incomeTaxExpense": 0, "minorityInterest": {}, "netIncomeFromContinuingOps": 3893734, "discontinuedOperations": {}, "extraordinaryItems": {}, "effectOfAccountingCharges": {}, "otherItems": {}, "netIncome": 3893734, "netIncomeApplicableToCommonShares": 3893734}, {"maxAge": 1, "endDate": "2017-03-31", "totalRevenue": 278088805, "costOfRevenue": 233473898, "grossProfit": 44614907, "researchDevelopment": {}, "sellingGeneralAdministrative": 12071124, "nonRecurring": {}, "otherOperatingExpenses": 10730039, "totalOperatingExpenses": 260752687, "operatingIncome": 17336118, "totalOtherIncomeExpenseNet": -8764778, "ebit": 17336118, "interestExpense": -7700481, "incomeBeforeTax": 8571340, "incomeTaxExpense": 0, "minorityInterest": {}, "netIncomeFromContinuingOps": 8571340, "discontinuedOperations": {}, "extraordinaryItems": {}, "effectOfAccountingCharges": {}, "otherItems": {}, "netIncome": 8571340, "netIncomeApplicableToCommonShares": 8571340}], "maxAge": 86400}, "fundOwnership": {"ownershipList": [], "maxAge": 1}, "summaryDetail": {"maxAge": 1, "priceHint": 2, "previousClose": 35.0, "open": 36.75, "dayLow": 36.75, "dayHigh": 36.75, "regularMarketPreviousClose": 35.0, "regularMarketOpen": 36.75, "regularMarketDayLow": 36.75, "regularMarketDayHigh": 36.75, "trailingPE": 24.14586, "volume": 52, "regularMarketVolume": 52, "averageVolume": 2259, "averageVolume10days": 1148, "averageDailyVolume10Day": 1148, "bid": 33.25, "ask": 36.75, "bidSize": 0, "askSize": 0, "marketCap": 191453904, "fiftyTwoWeekLow": 11.4, "fiftyTwoWeekHigh": 41.7, "fiftyDayAverage": 30.081818, "twoHundredDayAverage": 19.888382, "currency": "INR", "fromCurrency": null, "lastMarket": null, "algorithm": null, "tradeable": false}, "incomeStatementHistoryQuarterly": {"incomeStatementHistory": [{"maxAge": 1, "endDate": "2020-06-30", "totalRevenue": 87668000, "costOfRevenue": 77455000, "grossProfit": 10213000, "researchDevelopment": {}, "sellingGeneralAdministrative": 3968000, "nonRecurring": {}, "otherOperatingExpenses": 4395000, "totalOperatingExpenses": 88214000, "operatingIncome": -546000, "totalOtherIncomeExpenseNet": -2823000, "ebit": -546000, "interestExpense": -2828000, "incomeBeforeTax": -3369000, "incomeTaxExpense": 0, "minorityInterest": {}, "netIncomeFromContinuingOps": -3369000, "discontinuedOperations": {}, "extraordinaryItems": {}, "effectOfAccountingCharges": {}, "otherItems": {}, "netIncome": -3369000, "netIncomeApplicableToCommonShares": -3369000}, {"maxAge": 1, "endDate": "2020-03-31", "totalRevenue": 34507684, "costOfRevenue": 24837719, "grossProfit": 9669965, "researchDevelopment": {}, "sellingGeneralAdministrative": 5235854, "nonRecurring": {}, "otherOperatingExpenses": 1049653, "totalOperatingExpenses": 33647159, "operatingIncome": 860525, "totalOtherIncomeExpenseNet": -9164229, "ebit": 860525, "interestExpense": -2112327, "incomeBeforeTax": -8303704, "incomeTaxExpense": 0, "minorityInterest": {}, "netIncomeFromContinuingOps": -8303704, "discontinuedOperations": {}, "extraordinaryItems": {}, "effectOfAccountingCharges": {}, "otherItems": {}, "netIncome": -8303704, "netIncomeApplicableToCommonShares": -8303704}, {"maxAge": 1, "endDate": "2019-12-31", "totalRevenue": 162734000, "costOfRevenue": 140942000, "grossProfit": 21792000, "researchDevelopment": {}, "sellingGeneralAdministrative": 4196000, "nonRecurring": {}, "otherOperatingExpenses": 4436000, "totalOperatingExpenses": 152021000, "operatingIncome": 10713000, "totalOtherIncomeExpenseNet": -3127000, "ebit": 10713000, "interestExpense": -3180000, "incomeBeforeTax": 7586000, "incomeTaxExpense": 0, "minorityInterest": {}, "netIncomeFromContinuingOps": 7586000, "discontinuedOperations": {}, "extraordinaryItems": {}, "effectOfAccountingCharges": {}, "otherItems": {}, "netIncome": 7586000, "netIncomeApplicableToCommonShares": 7586000}, {"maxAge": 1, "endDate": "2019-09-30", "totalRevenue": 250732000, "costOfRevenue": 222771000, "grossProfit": 27961000, "researchDevelopment": {}, "sellingGeneralAdministrative": 4588000, "nonRecurring": {}, "otherOperatingExpenses": 5226000, "totalOperatingExpenses": 235047000, "operatingIncome": 15685000, "totalOtherIncomeExpenseNet": -3677000, "ebit": 15685000, "interestExpense": -3680000, "incomeBeforeTax": 12008000, "incomeTaxExpense": 0, "minorityInterest": {}, "netIncomeFromContinuingOps": 12008000, "discontinuedOperations": {}, "extraordinaryItems": {}, "effectOfAccountingCharges": {}, "otherItems": {}, "netIncome": 12008000, "netIncomeApplicableToCommonShares": 12008000}], "maxAge": 86400}, "cashflowStatementHistoryQuarterly": {"cashflowStatements": [{"maxAge": 1, "endDate": "2020-06-30", "netIncome": -3369000, "changeToLiabilities": 0}, {"maxAge": 1, "endDate": "2020-03-31", "netIncome": -8303704, "changeToLiabilities": 0}, {"maxAge": 1, "endDate": "2019-12-31", "netIncome": 7586000, "changeToLiabilities": 0}, {"maxAge": 1, "endDate": "2019-09-30", "netIncome": 12008000, "changeToLiabilities": 0}], "maxAge": 86400}, "insiderHolders": {"holders": [{"maxAge": 1, "name": "Durgamba (P)", "relation": "Promoter", "url": "", "transactionDescription": "Other", "latestTransDate": "2019-07-12", "positionDirect": 0, "positionDirectDate": "2019-07-12"}, {"maxAge": 1, "name": "Kumar (Praveen P)", "relation": "Promoter", "url": "", "transactionDescription": "Other", "latestTransDate": "2019-07-12", "positionDirect": 901573, "positionDirectDate": "2019-07-12"}, {"maxAge": 1, "name": "Posani Fertilisers Ltd", "relation": "Promoter", "url": "", "transactionDescription": "Sale", "latestTransDate": "2020-03-13", "positionDirect": 0, "positionDirectDate": "2020-03-13"}], "maxAge": 1}, "calendarEvents": {"maxAge": 1, "earnings": {"earningsDate": []}}, "upgradeDowngradeHistory": {"history": [], "maxAge": 86400}, "price": {"maxAge": 1, "regularMarketChangePercent": 0.05, "regularMarketChange": 1.75, "regularMarketTime": "2021-04-30 14:58:30", "priceHint": 2, "regularMarketPrice": 36.75, "regularMarketDayHigh": 36.75, "regularMarketDayLow": 36.75, "regularMarketVolume": 52, "averageDailyVolume10Day": 1148, "averageDailyVolume3Month": 2259, "regularMarketPreviousClose": 35.0, "regularMarketSource": "FREE_REALTIME", "regularMarketOpen": 36.75, "exchange": "BSE", "exchangeName": "BSE", "exchangeDataDelayedBy": 0, "marketState": "CLOSED", "quoteType": "EQUITY", "symbol": "BHASKAGR.BO", "underlyingSymbol": null, "shortName": "BHASKAR AGROCHEMICALS LTD.", "longName": "Bhaskar Agrochemicals Limited", "currency": "INR", "quoteSourceName": "Delayed Quote", "currencySymbol": "\u20b9", "fromCurrency": null, "lastMarket": null, "marketCap": 191453904}, "balanceSheetHistory": {"balanceSheetStatements": [{"maxAge": 1, "endDate": "2020-03-31", "cash": 177422, "netReceivables": 54161844, "inventory": 55895723, "otherCurrentAssets": 161987, "totalCurrentAssets": 110752405, "propertyPlantEquipment": 184538777, "otherAssets": 668584, "totalAssets": 295959766, "accountsPayable": 34500953, "shortLongTermDebt": 7949128, "otherCurrentLiab": 51274783, "longTermDebt": 39813234, "otherLiab": 1915718, "totalCurrentLiabilities": 160761759, "totalLiab": 202490711, "commonStock": 51980330, "retainedEarnings": -21054474, "treasuryStock": 47381660, "capitalSurplus": 15161539, "otherStockholderEquity": 47381660, "totalStockholderEquity": 93469055, "netTangibleAssets": 93469055}, {"maxAge": 1, "endDate": "2019-03-31", "cash": 136909, "netReceivables": 27740693, "inventory": 88468471, "otherCurrentAssets": 24902, "totalCurrentAssets": 116583212, "propertyPlantEquipment": 188403176, "otherAssets": 1250466, "totalAssets": 306236854, "accountsPayable": 39814765, "shortLongTermDebt": 11768595, "otherCurrentLiab": 45153100, "longTermDebt": 44414230, "otherLiab": 2316168, "totalCurrentLiabilities": 172144274, "totalLiab": 218874672, "commonStock": 51980330, "retainedEarnings": -27161347, "treasuryStock": 47381660, "capitalSurplus": 15161539, "otherStockholderEquity": 47381660, "totalStockholderEquity": 87362182, "netTangibleAssets": 87362182}, {"maxAge": 1, "endDate": "2018-03-31", "cash": 70703, "shortTermInvestments": 6000, "netReceivables": 11740194, "inventory": 76590973, "otherCurrentAssets": 816682, "totalCurrentAssets": 89350658, "propertyPlantEquipment": 176615226, "otherAssets": 3411677, "totalAssets": 269377561, "accountsPayable": 33098516, "shortLongTermDebt": 11666277, "otherCurrentLiab": 31356206, "longTermDebt": 53223575, "otherLiab": 2398206, "totalCurrentLiabilities": 133851573, "totalLiab": 189473354, "commonStock": 51980330, "retainedEarnings": -34619322, "treasuryStock": 47381660, "capitalSurplus": 15161539, "otherStockholderEquity": 47381660, "totalStockholderEquity": 79904207, "netTangibleAssets": 79904207}, {"maxAge": 1, "endDate": "2017-03-31", "cash": 289780, "netReceivables": 5681478, "inventory": 55392444, "otherCurrentAssets": 498615, "totalCurrentAssets": 61969492, "propertyPlantEquipment": 147703450, "otherAssets": 889135, "totalAssets": 210562077, "accountsPayable": 22411129, "otherCurrentLiab": 35303050, "longTermDebt": 38033162, "otherLiab": 1891322, "totalCurrentLiabilities": 94410290, "totalLiab": 134334774, "commonStock": 51980330, "retainedEarnings": -38296226, "treasuryStock": 47381660, "capitalSurplus": 15161539, "otherStockholderEquity": 47381660, "totalStockholderEquity": 76227303, "netTangibleAssets": 76227303}], "maxAge": 86400}, "financialData": {"maxAge": 86400, "currentPrice": 36.75, "recommendationKey": "none", "grossProfits": 67023965, "financialCurrency": "INR"}}}