{"BHEL.BO": {"recommendationTrend": {"trend": [{"period": "0m", "strongBuy": 0, "buy": 0, "hold": 0, "sell": 0, "strongSell": 0}, {"period": "-1m", "strongBuy": 0, "buy": 0, "hold": 0, "sell": 0, "strongSell": 0}, {"period": "-2m", "strongBuy": 0, "buy": 0, "hold": 0, "sell": 0, "strongSell": 0}, {"period": "-3m", "strongBuy": 0, "buy": 0, "hold": 0, "sell": 0, "strongSell": 0}], "maxAge": 86400}, "cashflowStatementHistory": {"cashflowStatements": [{"maxAge": 1, "endDate": "2020-03-31", "netIncome": -14660100000, "depreciation": 4899300000, "changeToNetincome": 6872600000, "changeToAccountReceivables": 17530500000, "changeToLiabilities": -21784600000, "changeToInventory": -10951200000, "changeToOperatingActivities": -10955100000, "totalCashFromOperatingActivities": -28915200000, "capitalExpenditures": -4345000000, "investments": 17003000000, "otherCashflowsFromInvestingActivities": 5615000000, "totalCashflowsFromInvestingActivities": 18366000000, "dividendsPaid": -4186700000, "netBorrowings": 24944000000, "otherCashflowsFromFinancingActivities": -4136900000, "totalCashFromFinancingActivities": 16620400000, "changeInCash": 6071200000}, {"maxAge": 1, "endDate": "2019-03-31", "netIncome": 10051000000, "depreciation": 4757400000, "changeToNetincome": 22481000000, "changeToAccountReceivables": -47015300000, "changeToLiabilities": 9816500000, "changeToInventory": -18686500000, "changeToOperatingActivities": -20005600000, "totalCashFromOperatingActivities": -38601500000, "capitalExpenditures": -4261100000, "investments": 17175200000, "otherCashflowsFromInvestingActivities": 6251900000, "totalCashflowsFromInvestingActivities": 19188500000, "dividendsPaid": -6527500000, "netBorrowings": 25024900000, "otherCashflowsFromFinancingActivities": -2447500000, "totalCashFromFinancingActivities": -316300000, "changeInCash": -19729400000, "repurchaseOfStock": -16366200000}, {"maxAge": 1, "endDate": "2018-03-31", "netIncome": 4411600000, "depreciation": 7873300000, "changeToNetincome": 30309000000, "changeToAccountReceivables": -63409100000, "changeToLiabilities": 17439200000, "changeToInventory": 10003400000, "changeToOperatingActivities": 3263300000, "totalCashFromOperatingActivities": 9890700000, "capitalExpenditures": -2812500000, "investments": 5257300000, "otherCashflowsFromInvestingActivities": 7052700000, "totalCashflowsFromInvestingActivities": 9612100000, "dividendsPaid": -4846300000, "netBorrowings": -461600000, "otherCashflowsFromFinancingActivities": -1366000000, "totalCashFromFinancingActivities": -6673900000, "changeInCash": 12828900000, "repurchaseOfStock": -16366200000}, {"maxAge": 1, "endDate": "2017-03-31", "netIncome": 4572600000, "depreciation": 8497900000, "changeToNetincome": 6286000000, "changeToAccountReceivables": 700000000, "changeToLiabilities": -907900000, "changeToInventory": 21351000000, "changeToOperatingActivities": -34895500000, "totalCashFromOperatingActivities": 5604100000, "capitalExpenditures": -3531000000, "investments": -8816600000, "otherCashflowsFromInvestingActivities": 6498700000, "totalCashflowsFromInvestingActivities": -5651600000, "dividendsPaid": -2937100000, "netBorrowings": -500800000, "otherCashflowsFromFinancingActivities": -1240800000, "totalCashFromFinancingActivities": -4678700000, "changeInCash": -4726200000, "repurchaseOfStock": -16366200000}], "maxAge": 86400}, "institutionOwnership": {"maxAge": 1, "ownershipList": []}, "balanceSheetHistoryQuarterly": {"balanceSheetStatements": [{"maxAge": 1, "endDate": "2020-06-30", "totalStockholderEquity": 286607200000, "netTangibleAssets": 285748500000}, {"maxAge": 1, "endDate": "2020-03-31", "cash": 14028600000, "shortTermInvestments": 50000300000, "netReceivables": 166291900000, "inventory": 89082300000, "otherCurrentAssets": 7708700000, "totalCurrentAssets": 327111800000, "longTermInvestments": 1620600000, "propertyPlantEquipment": 30452500000, "intangibleAssets": 858700000, "otherAssets": 247799600000, "deferredLongTermAssetCharges": 27658700000, "totalAssets": 607843200000, "accountsPayable": 88975200000, "otherCurrentLiab": 68967800000, "otherLiab": 93804600000, "minorityInterest": -90700000, "totalCurrentLiabilities": 226768400000, "totalLiab": 321326700000, "commonStock": 6964100000, "retainedEarnings": 283062900000, "treasuryStock": -3419800000, "otherStockholderEquity": -3419800000, "totalStockholderEquity": 286607200000, "netTangibleAssets": 285748500000}, {"maxAge": 1, "endDate": "2019-12-31", "totalStockholderEquity": 302712000000, "netTangibleAssets": 299663600000}, {"maxAge": 1, "endDate": "2019-09-30", "cash": 68165600000, "shortTermInvestments": 3232100000, "netReceivables": 93969600000, "inventory": 94447600000, "otherCurrentAssets": 106071300000, "totalCurrentAssets": 365886200000, "longTermInvestments": 1576000000, "propertyPlantEquipment": 28682900000, "intangibleAssets": 3048400000, "otherAssets": 240436900000, "deferredLongTermAssetCharges": 36416300000, "totalAssets": 639630400000, "accountsPayable": 106905300000, "otherCurrentLiab": 86963100000, "longTermDebt": 933700000, "otherLiab": 94132500000, "minorityInterest": -86900000, "totalCurrentLiabilities": 241939100000, "totalLiab": 337005300000, "commonStock": 6964100000, "treasuryStock": 295747900000, "otherStockholderEquity": 295747900000, "totalStockholderEquity": 302712000000, "netTangibleAssets": 299663600000}], "maxAge": 86400}, "earningsHistory": {"history": [{"maxAge": 1, "epsActual": 0.42, "epsEstimate": 0.53, "epsDifference": -0.11, "surprisePercent": -0.20799999, "quarter": "2017-12-31", "period": "-4q"}, {"maxAge": 1, "epsActual": 1.25, "epsEstimate": 1.36, "epsDifference": -0.11, "surprisePercent": -0.081, "quarter": "2018-03-31", "period": "-3q"}, {"maxAge": 1, "epsActual": 0.42, "epsEstimate": 0.55, "epsDifference": -0.13, "surprisePercent": -0.236, "quarter": "2018-06-30", "period": "-2q"}, {"maxAge": 1, "epsActual": 0.5, "epsEstimate": 0.55, "epsDifference": -0.05, "surprisePercent": -0.091000006, "quarter": "2018-09-30", "period": "-1q"}], "maxAge": 86400}, "indexTrend": {"maxAge": 1, "symbol": "SP5", "peRatio": 19.7411, "pegRatio": 1.34172, "estimates": [{"period": "0q", "growth": 0.549}, {"period": "+1q", "growth": 0.431}, {"period": "0y", "growth": 0.305}, {"period": "+1y", "growth": 0.109}, {"period": "+5y", "growth": 0.120865}, {"period": "-5y"}]}, "esgScores": {"maxAge": 86400, "totalEsg": 37.54, "environmentScore": null, "socialScore": null, "governanceScore": null, "ratingYear": 2020, "ratingMonth": 10, "highestControversy": 4.0, "peerCount": 20, "esgPerformance": "OUT_PERF", "peerGroup": "Electrical Equipment", "relatedControversy": ["Society & Community Incidents"], "peerEsgScorePerformance": {"min": 12.27, "avg": 23.247999999999998, "max": 37.54}, "peerGovernancePerformance": {"min": 4.11, "avg": 7.701052631578949, "max": 10.7}, "peerSocialPerformance": {"min": 4.14, "avg": 9.14842105263158, "max": 14.56}, "peerEnvironmentPerformance": {"min": 2.33, "avg": 5.648421052631579, "max": 9.71}, "peerHighestControversyPerformance": {"min": 0.0, "avg": 1.85, "max": 4.0}, "percentile": 79.36, "environmentPercentile": null, "socialPercentile": null, "governancePercentile": null, "adult": false, "alcoholic": false, "animalTesting": false, "catholic": false, "controversialWeapons": false, "smallArms": false, "furLeather": false, "gambling": false, "gmo": false, "militaryContract": true, "nuclear": false, "pesticides": false, "palmOil": false, "coal": false, "tobacco": false}, "industryTrend": {"maxAge": 1, "symbol": null, "estimates": []}, "insiderTransactions": {"transactions": [{"maxAge": 1, "shares": 145424170, "filerUrl": "", "transactionText": "", "filerName": "Life Insurance Corporation of India", "filerRelation": "Institution- Corporation", "moneyText": "", "startDate": "2014-03-03", "ownership": "D"}, {"maxAge": 1, "shares": 114100000, "filerUrl": "", "transactionText": "", "filerName": "President of India", "filerRelation": "Promoter", "moneyText": "", "startDate": "2014-03-03", "ownership": "D"}, {"maxAge": 1, "shares": 100, "filerUrl": "", "transactionText": "", "filerName": "Shankar (Krishna W V K)", "filerRelation": "Director", "moneyText": "", "startDate": "2013-08-01", "ownership": "D"}], "maxAge": 1}, "quoteType": {"exchange": "BSE", "quoteType": "EQUITY", "symbol": "BHEL.BO", "underlyingSymbol": "BHEL.BO", "shortName": "BHARAT HEAVY ELECTRICALS LTD.", "longName": "Bharat Heavy Electricals Limited", "firstTradeDateEpochUtc": "1995-05-05 09:15:00", "timeZoneFullName": "Asia/Kolkata", "timeZoneShortName": "IST", "uuid": "9dae5d75-b6c4-3f78-8cfe-0fc37ceff3b6", "messageBoardId": null, "gmtOffSetMilliseconds": 19800000, "maxAge": 1}, "incomeStatementHistory": {"incomeStatementHistory": [{"maxAge": 1, "endDate": "2020-03-31", "totalRevenue": 214900100000, "costOfRevenue": 159746900000, "grossProfit": 55153200000, "researchDevelopment": {}, "sellingGeneralAdministrative": 54967100000, "nonRecurring": {}, "otherOperatingExpenses": 1922000000, "totalOperatingExpenses": 222244700000, "operatingIncome": -7344600000, "totalOtherIncomeExpenseNet": 753900000, "ebit": -7344600000, "interestExpense": -1063600000, "incomeBeforeTax": -6590700000, "incomeTaxExpense": 8092800000, "minorityInterest": -90700000, "netIncomeFromContinuingOps": -14683500000, "discontinuedOperations": {}, "extraordinaryItems": {}, "effectOfAccountingCharges": {}, "otherItems": {}, "netIncome": -14660100000, "netIncomeApplicableToCommonShares": -14660100000}, {"maxAge": 1, "endDate": "2019-03-31", "totalRevenue": 304413800000, "costOfRevenue": 208539900000, "grossProfit": 95873900000, "researchDevelopment": {}, "sellingGeneralAdministrative": 56254000000, "nonRecurring": {}, "otherOperatingExpenses": 17974300000, "totalOperatingExpenses": 287785900000, "operatingIncome": 16627900000, "totalOtherIncomeExpenseNet": 1769500000, "ebit": 16627900000, "interestExpense": -871500000, "incomeBeforeTax": 18397400000, "incomeTaxExpense": 8373200000, "minorityInterest": -67300000, "netIncomeFromContinuingOps": 10024200000, "discontinuedOperations": {}, "extraordinaryItems": {}, "effectOfAccountingCharges": {}, "otherItems": {}, "netIncome": 10051000000, "netIncomeApplicableToCommonShares": 10051000000}, {"maxAge": 1, "endDate": "2018-03-31", "totalRevenue": 288274800000, "costOfRevenue": 184223200000, "grossProfit": 104051600000, "researchDevelopment": {}, "sellingGeneralAdministrative": 61960400000, "nonRecurring": {}, "otherOperatingExpenses": 22232900000, "totalOperatingExpenses": 276372000000, "operatingIncome": 11902800000, "totalOtherIncomeExpenseNet": 245900000, "ebit": 11902800000, "interestExpense": -351800000, "incomeBeforeTax": 12148700000, "incomeTaxExpense": 7766800000, "minorityInterest": -40500000, "netIncomeFromContinuingOps": 4381900000, "discontinuedOperations": {}, "extraordinaryItems": {}, "effectOfAccountingCharges": {}, "otherItems": {}, "netIncome": 4411600000, "netIncomeApplicableToCommonShares": 4411600000}, {"maxAge": 1, "endDate": "2017-03-31", "totalRevenue": 286294400000, "costOfRevenue": 205400200000, "grossProfit": 80894200000, "researchDevelopment": {}, "sellingGeneralAdministrative": 55747500000, "nonRecurring": {}, "otherOperatingExpenses": 13846100000, "totalOperatingExpenses": 284220300000, "operatingIncome": 2074100000, "totalOtherIncomeExpenseNet": 3781600000, "ebit": 2074100000, "interestExpense": -625300000, "incomeBeforeTax": 5855700000, "incomeTaxExpense": 1303900000, "minorityInterest": -10800000, "netIncomeFromContinuingOps": 4551800000, "discontinuedOperations": {}, "extraordinaryItems": {}, "effectOfAccountingCharges": {}, "otherItems": {}, "netIncome": 4572600000, "netIncomeApplicableToCommonShares": 4572600000}], "maxAge": 86400}, "fundOwnership": {"maxAge": 1, "ownershipList": []}, "summaryDetail": {"maxAge": 1, "priceHint": 2, "previousClose": 47.2, "open": 46.95, "dayLow": 46.35, "dayHigh": 49.4, "regularMarketPreviousClose": 47.2, "regularMarketOpen": 46.95, "regularMarketDayLow": 46.35, "regularMarketDayHigh": 49.4, "forwardPE": 10.04158, "volume": 4290144, "regularMarketVolume": 4290144, "averageVolume": 6063916, "averageVolume10days": 6706386, "averageDailyVolume10Day": 6706386, "bid": 0.0, "ask": 48.3, "bidSize": 0, "askSize": 0, "marketCap": 168183496704, "fiftyTwoWeekLow": 19.2, "fiftyTwoWeekHigh": 49.4, "fiftyDayAverage": 39.31, "twoHundredDayAverage": 34.76095, "trailingAnnualDividendRate": 2.0, "trailingAnnualDividendYield": 0.042372882, "currency": "INR", "fromCurrency": null, "toCurrency": null, "lastMarket": null, "algorithm": null, "tradeable": false}, "sectorTrend": {"maxAge": 1, "symbol": null, "estimates": []}, "incomeStatementHistoryQuarterly": {"incomeStatementHistory": [{"maxAge": 1, "endDate": "2020-06-30", "totalRevenue": 19909000000, "costOfRevenue": 13115200000, "grossProfit": 6793800000, "researchDevelopment": {}, "sellingGeneralAdministrative": 13788700000, "nonRecurring": {}, "otherOperatingExpenses": 3596700000, "totalOperatingExpenses": 31686500000, "operatingIncome": -11777500000, "totalOtherIncomeExpenseNet": -146500000, "ebit": -11777500000, "interestExpense": -1148300000, "incomeBeforeTax": -11924000000, "incomeTaxExpense": -2992600000, "minorityInterest": {}, "netIncomeFromContinuingOps": -8931400000, "discontinuedOperations": {}, "extraordinaryItems": {}, "effectOfAccountingCharges": {}, "otherItems": {}, "netIncome": -8928300000, "netIncomeApplicableToCommonShares": -8928300000}, {"maxAge": 1, "endDate": "2020-03-31", "totalRevenue": 50498100000, "costOfRevenue": 58555600000, "grossProfit": -8057500000, "researchDevelopment": {}, "sellingGeneralAdministrative": 11984500000, "nonRecurring": {}, "otherOperatingExpenses": -15083400000, "totalOperatingExpenses": 57575800000, "operatingIncome": -7077700000, "totalOtherIncomeExpenseNet": -8200000, "ebit": -7077700000, "interestExpense": -1148300000, "incomeBeforeTax": -7085900000, "incomeTaxExpense": 8235900000, "minorityInterest": -90700000, "netIncomeFromContinuingOps": -15321800000, "discontinuedOperations": {}, "extraordinaryItems": {}, "effectOfAccountingCharges": {}, "otherItems": {}, "netIncome": -15326700000, "netIncomeApplicableToCommonShares": -15326700000}, {"maxAge": 1, "endDate": "2019-12-31", "totalRevenue": 56808200000, "costOfRevenue": 36009100000, "grossProfit": 20799100000, "researchDevelopment": {}, "sellingGeneralAdministrative": 13725400000, "nonRecurring": {}, "otherOperatingExpenses": 3806300000, "totalOperatingExpenses": 54686300000, "operatingIncome": 2121900000, "totalOtherIncomeExpenseNet": 171000000, "ebit": 2121900000, "interestExpense": -1397300000, "incomeBeforeTax": 2292900000, "incomeTaxExpense": 674800000, "minorityInterest": -90700000, "netIncomeFromContinuingOps": 1618100000, "discontinuedOperations": {}, "extraordinaryItems": {}, "effectOfAccountingCharges": {}, "otherItems": {}, "netIncome": 1626700000, "netIncomeApplicableToCommonShares": 1626700000}, {"maxAge": 1, "endDate": "2019-09-30", "totalRevenue": 62269000000, "costOfRevenue": 39108500000, "grossProfit": 23160500000, "researchDevelopment": {}, "sellingGeneralAdministrative": 14722200000, "nonRecurring": {}, "otherOperatingExpenses": 5785800000, "totalOperatingExpenses": 60811200000, "operatingIncome": 1457800000, "totalOtherIncomeExpenseNet": 211000000, "ebit": 1457800000, "interestExpense": -1190200000, "incomeBeforeTax": 1668800000, "incomeTaxExpense": 459300000, "minorityInterest": -86900000, "netIncomeFromContinuingOps": 1209500000, "discontinuedOperations": {}, "extraordinaryItems": {}, "effectOfAccountingCharges": {}, "otherItems": {}, "netIncome": 1217000000, "netIncomeApplicableToCommonShares": 1217000000}], "maxAge": 86400}, "cashflowStatementHistoryQuarterly": {"cashflowStatements": [{"maxAge": 1, "endDate": "2020-06-30", "netIncome": -8928300000, "changeToLiabilities": 0}, {"maxAge": 1, "endDate": "2020-03-31", "netIncome": -15326700000, "changeToLiabilities": 0}, {"maxAge": 1, "endDate": "2019-12-31", "netIncome": 1626700000, "changeToLiabilities": 0}, {"maxAge": 1, "endDate": "2019-09-30", "netIncome": 1217000000, "changeToLiabilities": 0}], "maxAge": 86400}, "insiderHolders": {"holders": [{"maxAge": 1, "name": "Life Insurance Corporation of India", "relation": "Institution- Corporation", "url": "", "transactionDescription": "Acquisition", "latestTransDate": "2014-03-03", "positionDirect": 366991620, "positionDirectDate": "2014-03-03"}, {"maxAge": 1, "name": "President of India", "relation": "Promoter", "url": "", "transactionDescription": "Sale", "latestTransDate": "2014-03-03", "positionDirect": 1543452000, "positionDirectDate": "2014-03-03"}, {"maxAge": 1, "name": "Shankar (Krishna W V K)", "relation": "Director", "url": "", "transactionDescription": "Other", "latestTransDate": "2013-08-01", "positionDirect": 100, "positionDirectDate": "2013-08-01"}], "maxAge": 1}, "earnings": {"maxAge": 86400, "earningsChart": {"quarterly": [{"date": "4Q2017", "actual": 0.42, "estimate": 0.53}, {"date": "1Q2018", "actual": 1.25, "estimate": 1.36}, {"date": "2Q2018", "actual": 0.42, "estimate": 0.55}, {"date": "3Q2018", "actual": 0.5, "estimate": 0.55}], "currentQuarterEstimateDate": "4Q", "currentQuarterEstimateYear": 2018, "earningsDate": ["2020-11-06 05:30:S"]}, "financialsChart": {"yearly": [{"date": 2017, "revenue": 286294400000, "earnings": 4572600000}, {"date": 2018, "revenue": 288274800000, "earnings": 4411600000}, {"date": 2019, "revenue": 304413800000, "earnings": 10051000000}, {"date": 2020, "revenue": 214900100000, "earnings": -14660100000}], "quarterly": [{"date": "3Q2019", "revenue": 62269000000, "earnings": 1217000000}, {"date": "4Q2019", "revenue": 56808200000, "earnings": 1626700000}, {"date": "1Q2020", "revenue": 50498100000, "earnings": -15326700000}, {"date": "2Q2020", "revenue": 19909000000, "earnings": -8928300000}]}, "financialCurrency": "INR"}, "calendarEvents": {"maxAge": 1, "earnings": {"earningsDate": ["2020-11-06 05:30:S"], "revenueAverage": 71259300000, "revenueLow": 71259300000, "revenueHigh": 71259300000}}, "price": {"maxAge": 1, "regularMarketChangePercent": 0.023305053, "regularMarketChange": 1.0999985, "regularMarketTime": "2021-04-30 15:54:32", "priceHint": 2, "regularMarketPrice": 48.3, "regularMarketDayHigh": 49.4, "regularMarketDayLow": 46.35, "regularMarketVolume": 4290144, "averageDailyVolume10Day": 6706386, "averageDailyVolume3Month": 6063916, "regularMarketPreviousClose": 47.2, "regularMarketSource": "FREE_REALTIME", "regularMarketOpen": 46.95, "exchange": "BSE", "exchangeName": "BSE", "exchangeDataDelayedBy": 0, "marketState": "CLOSED", "quoteType": "EQUITY", "symbol": "BHEL.BO", "underlyingSymbol": null, "shortName": "BHARAT HEAVY ELECTRICALS LTD.", "longName": "Bharat Heavy Electricals Limited", "currency": "INR", "quoteSourceName": "Delayed Quote", "currencySymbol": "\u20b9", "fromCurrency": null, "toCurrency": null, "lastMarket": null, "marketCap": 168183496704}, "balanceSheetHistory": {"balanceSheetStatements": [{"maxAge": 1, "endDate": "2020-03-31", "cash": 14028600000, "shortTermInvestments": 50000300000, "netReceivables": 166291900000, "inventory": 89082300000, "otherCurrentAssets": 7708700000, "totalCurrentAssets": 327111800000, "longTermInvestments": 1620600000, "propertyPlantEquipment": 30452500000, "intangibleAssets": 858700000, "otherAssets": 247799600000, "deferredLongTermAssetCharges": 27658700000, "totalAssets": 607843200000, "accountsPayable": 88975200000, "otherCurrentLiab": 68967800000, "otherLiab": 93804600000, "minorityInterest": -90700000, "totalCurrentLiabilities": 226768400000, "totalLiab": 321326700000, "commonStock": 6964100000, "retainedEarnings": 283062900000, "treasuryStock": -3419800000, "otherStockholderEquity": -3419800000, "totalStockholderEquity": 286607200000, "netTangibleAssets": 285748500000}, {"maxAge": 1, "endDate": "2019-03-31", "cash": 7957400000, "shortTermInvestments": 67000600000, "netReceivables": 224747600000, "inventory": 78000400000, "otherCurrentAssets": 6103100000, "totalCurrentAssets": 383809100000, "longTermInvestments": 1523600000, "propertyPlantEquipment": 31106000000, "intangibleAssets": 953000000, "otherAssets": 221951400000, "deferredLongTermAssetCharges": 35054500000, "totalAssets": 639343100000, "accountsPayable": 113809800000, "otherCurrentLiab": 65397000000, "otherLiab": 98860700000, "minorityInterest": -67300000, "totalCurrentLiabilities": 230551800000, "totalLiab": 330367000000, "commonStock": 6964100000, "retainedEarnings": 302760400000, "treasuryStock": -681100000, "otherStockholderEquity": -681100000, "totalStockholderEquity": 309043400000, "netTangibleAssets": 308090400000}, {"maxAge": 1, "endDate": "2018-03-31", "cash": 27688100000, "shortTermInvestments": 84002800000, "netReceivables": 237729900000, "inventory": 62631500000, "otherCurrentAssets": 9379400000, "totalCurrentAssets": 421431700000, "longTermInvestments": 4289700000, "propertyPlantEquipment": 31764300000, "intangibleAssets": 995400000, "otherAssets": 176255000000, "deferredLongTermAssetCharges": 36324300000, "totalAssets": 634736100000, "accountsPayable": 105892500000, "otherCurrentLiab": 74732100000, "otherLiab": 92177300000, "minorityInterest": -40500000, "totalCurrentLiabilities": 218677600000, "totalLiab": 311426700000, "commonStock": 7342800000, "retainedEarnings": 315875100000, "treasuryStock": 132000000, "otherStockholderEquity": 132000000, "totalStockholderEquity": 323349900000, "netTangibleAssets": 322354500000}, {"maxAge": 1, "endDate": "2017-03-31", "cash": 14859200000, "shortTermInvestments": 90007300000, "netReceivables": 234076800000, "inventory": 73796700000, "otherCurrentAssets": 16299600000, "totalCurrentAssets": 429039600000, "longTermInvestments": 7571300000, "propertyPlantEquipment": 36559400000, "intangibleAssets": 1135900000, "otherAssets": 139168300000, "deferredLongTermAssetCharges": 38461900000, "totalAssets": 613474500000, "accountsPayable": 87158800000, "otherCurrentLiab": 92118500000, "otherLiab": 87273600000, "minorityInterest": -10800000, "totalCurrentLiabilities": 201426300000, "totalLiab": 289595400000, "commonStock": 4895200000, "retainedEarnings": 319695700000, "treasuryStock": -701000000, "otherStockholderEquity": -701000000, "totalStockholderEquity": 323889900000, "netTangibleAssets": 322754000000}], "maxAge": 86400}, "earningsTrend": {"trend": [{"maxAge": 1, "period": "0q", "endDate": "2018-12-31", "growth": {}, "earningsEstimate": {"avg": 0.0, "low": 0.0, "high": 0.0, "yearAgoEps": 0.42, "numberOfAnalysts": 0, "growth": {}}, "revenueEstimate": {"avg": 71259300000, "low": 71259300000, "high": 71259300000, "numberOfAnalysts": 1, "yearAgoRevenue": 66263500000, "growth": 0.075}, "epsTrend": {"current": 0.0, "7daysAgo": 0.49, "30daysAgo": 0.49, "60daysAgo": 0.49, "90daysAgo": 0.49}, "epsRevisions": {"upLast7days": 0, "upLast30days": 0, "downLast30days": 0, "downLast90days": {}}}, {"maxAge": 1, "period": "+1q", "endDate": "2019-03-31", "growth": {}, "earningsEstimate": {"avg": 0.0, "low": 0.0, "high": 0.0, "yearAgoEps": 1.25, "numberOfAnalysts": 0, "growth": {}}, "revenueEstimate": {"avg": 113857000000, "low": 113857000000, "high": 113857000000, "numberOfAnalysts": 1, "yearAgoRevenue": 98318900000, "growth": 0.158}, "epsTrend": {"current": 0.0, "7daysAgo": 2.57, "30daysAgo": 2.57, "60daysAgo": 2.57, "90daysAgo": 2.57}, "epsRevisions": {"upLast7days": 0, "upLast30days": 0, "downLast30days": 0, "downLast90days": {}}}, {"maxAge": 1, "period": "0y", "endDate": "2019-03-31", "growth": {}, "earningsEstimate": {"avg": 0.0, "low": 0.0, "high": 0.0, "yearAgoEps": {}, "numberOfAnalysts": 0, "growth": {}}, "revenueEstimate": {"avg": 314945000000, "low": 287849000000, "high": 359737000000, "numberOfAnalysts": 33, "yearAgoRevenue": 279632000000, "growth": 0.126}, "epsTrend": {"current": 0.0, "7daysAgo": 3.71, "30daysAgo": 3.71, "60daysAgo": 3.71, "90daysAgo": 3.71}, "epsRevisions": {"upLast7days": 0, "upLast30days": 1, "downLast30days": 0, "downLast90days": {}}}, {"maxAge": 1, "period": "+1y", "endDate": "2020-03-31", "growth": {}, "earningsEstimate": {"avg": 0.0, "low": 0.0, "high": 0.0, "yearAgoEps": {}, "numberOfAnalysts": 0, "growth": {}}, "revenueEstimate": {"avg": 348154000000, "low": 303726000000, "high": 401317000000, "numberOfAnalysts": 33, "yearAgoRevenue": 314945000000, "growth": 0.105}, "epsTrend": {"current": 0.0, "7daysAgo": 4.81, "30daysAgo": 4.81, "60daysAgo": 4.81, "90daysAgo": 4.81}, "epsRevisions": {"upLast7days": 0, "upLast30days": 1, "downLast30days": 0, "downLast90days": {}}}, {"maxAge": 1, "period": "+5y", "endDate": null, "growth": 0.5951, "earningsEstimate": {"avg": {}, "low": {}, "high": {}, "yearAgoEps": {}, "numberOfAnalysts": {}, "growth": {}}, "revenueEstimate": {"avg": {}, "low": {}, "high": {}, "numberOfAnalysts": {}, "yearAgoRevenue": {}, "growth": {}}, "epsTrend": {"current": {}, "7daysAgo": {}, "30daysAgo": {}, "60daysAgo": {}, "90daysAgo": {}}, "epsRevisions": {"upLast7days": {}, "upLast30days": {}, "downLast30days": {}, "downLast90days": {}}}, {"maxAge": 1, "period": "-5y", "endDate": null, "growth": {}, "earningsEstimate": {"avg": {}, "low": {}, "high": {}, "yearAgoEps": {}, "numberOfAnalysts": {}, "growth": {}}, "revenueEstimate": {"avg": {}, "low": {}, "high": {}, "numberOfAnalysts": {}, "yearAgoRevenue": {}, "growth": {}}, "epsTrend": {"current": {}, "7daysAgo": {}, "30daysAgo": {}, "60daysAgo": {}, "90daysAgo": {}}, "epsRevisions": {"upLast7days": {}, "upLast30days": {}, "downLast30days": {}, "downLast90days": {}}}], "maxAge": 1}, "financialData": {"maxAge": 86400, "currentPrice": 48.3, "targetHighPrice": 104.0, "targetLowPrice": 46.0, "targetMeanPrice": 75.66, "targetMedianPrice": 75.0, "recommendationKey": "none", "numberOfAnalystOpinions": 35, "grossProfits": 55153200000, "financialCurrency": "INR"}}}