{"BHEL.NS": {"assetProfile": {"address1": "BHEL House", "address2": "Siri Fort", "city": "New Delhi", "zip": "110049", "country": "India", "phone": "91 11 6633 7000", "fax": "91 11 6633 7428", "website": "http://www.bhel.com", "industry": "Specialty Industrial Machinery", "sector": "Industrials", "longBusinessSummary": "Bharat Heavy Electricals Limited operates as an engineering and manufacturing enterprise in the energy and infrastructure sectors, and a power equipment manufacturer worldwide. The company operates through Power and Industry segments. It offers thermal power plants, nuclear power plants, gas-based power plants, hydro power plants, solar power systems, DG power plants, desalination and water treatment plants, systems and services, industrial systems, boilers, boiler auxiliaries, soot blowers, valves, piping systems, seamless steel tubes, steam turbines, turbogenerators, industrial sets, castings and forgings, condenser and heat exchangers, pumps, compressors, solar photovoltaics, and automation and control systems. The company also provides transmission systems control, software system solutions, medium voltage vacuum switchgears, on load tap changers, LT switchgear and bus ducts, transformers and reactors, capacitors, bushings, control gears, insulators, electrical machines, rail transportation systems, defense and aerospace products, transportation equipment, energy storage systems and e-mobility, oil field equipment, and fabricated equipment and mechanical packages. It serves customers in power, transmission, transportation, renewables, water, oil and gas, defense and aerospace, and other industries. Bharat Heavy Electricals Limited was founded in 1964 and is based in New Delhi, India.", "fullTimeEmployees": 33752, "companyOfficers": [{"maxAge": 1, "name": "Dr. Nalin  Shinghal", "age": 56, "title": "Chairman & MD", "yearBorn": 1964, "fiscalYear": 2020, "totalPay": 4141356, "exercisedValue": 0, "unexercisedValue": 0}, {"maxAge": 1, "name": "Mr. Subodh  Gupta", "age": 65, "title": "Director of Fin. & Director", "yearBorn": 1955, "fiscalYear": 2020, "totalPay": 5247592, "exercisedValue": 0, "unexercisedValue": 0}, {"maxAge": 1, "name": "Mr. Rajeev  Kalra", "age": 49, "title": "Compliance Officer & Company Sec.", "yearBorn": 1971, "fiscalYear": 2020, "totalPay": 3953682, "exercisedValue": 0, "unexercisedValue": 0}, {"maxAge": 1, "name": "Mr. Anil  Kapoor", "age": 58, "title": "Director of HR & Director", "yearBorn": 1962, "fiscalYear": 2020, "totalPay": 2416747, "exercisedValue": 0, "unexercisedValue": 0}, {"maxAge": 1, "name": "Mr. Kamalesh  Das", "age": 58, "title": "Director of Engineering, R&D and Exec. Director", "yearBorn": 1962, "fiscalYear": 2020, "totalPay": 4712610, "exercisedValue": 0, "unexercisedValue": 0}, {"maxAge": 1, "name": "Mr. S.B.  Narang", "title": "GM & Head of Corp. Fin.", "exercisedValue": 0, "unexercisedValue": 0}, {"maxAge": 1, "name": "Mr. A. K. Jain", "title": "GM & Head of TBSG", "exercisedValue": 0, "unexercisedValue": 0}, {"maxAge": 1, "name": "Mr. Alok  Ranjan", "title": "Chief Vigilance Officer", "exercisedValue": 0, "unexercisedValue": 0}, {"maxAge": 1, "name": "Ms. Renuka  Gera", "title": "Director of Industrial Systems & Products and Director", "exercisedValue": 0, "unexercisedValue": 0}, {"maxAge": 1, "name": "Mr. Rajiv  Bhatnager", "title": "GM & Head of CSM - New Delhi", "exercisedValue": 0, "unexercisedValue": 0}], "auditRisk": 3, "boardRisk": 7, "compensationRisk": 1, "shareHolderRightsRisk": 8, "overallRisk": 7, "governanceEpochDate": "2021-04-01 05:30:00", "compensationAsOfEpochDate": "2020-12-31 05:30:00", "maxAge": 86400}, "recommendationTrend": {"trend": [{"period": "0m", "strongBuy": 0, "buy": 0, "hold": 0, "sell": 0, "strongSell": 0}, {"period": "-1m", "strongBuy": 2, "buy": 5, "hold": 6, "sell": 15, "strongSell": 10}, {"period": "-2m", "strongBuy": 2, "buy": 5, "hold": 7, "sell": 15, "strongSell": 10}, {"period": "-3m", "strongBuy": 2, "buy": 5, "hold": 8, "sell": 17, "strongSell": 10}], "maxAge": 86400}, "cashflowStatementHistory": {"cashflowStatements": [{"maxAge": 1, "endDate": "2020-03-31", "netIncome": -14660100000, "depreciation": 4899300000, "changeToNetincome": 6872600000, "changeToAccountReceivables": 17530500000, "changeToLiabilities": -21784600000, "changeToInventory": -10951200000, "changeToOperatingActivities": -10955100000, "totalCashFromOperatingActivities": -28915200000, "capitalExpenditures": -4345000000, "investments": 17003000000, "otherCashflowsFromInvestingActivities": 5615000000, "totalCashflowsFromInvestingActivities": 18366000000, "dividendsPaid": -4186700000, "netBorrowings": 24944000000, "otherCashflowsFromFinancingActivities": -4136900000, "totalCashFromFinancingActivities": 16620400000, "changeInCash": 6071200000}, {"maxAge": 1, "endDate": "2019-03-31", "netIncome": 10051000000, "depreciation": 4757400000, "changeToNetincome": 22481000000, "changeToAccountReceivables": -47015300000, "changeToLiabilities": 9816500000, "changeToInventory": -18686500000, "changeToOperatingActivities": -20005600000, "totalCashFromOperatingActivities": -38601500000, "capitalExpenditures": -4261100000, "investments": 17175200000, "otherCashflowsFromInvestingActivities": 6251900000, "totalCashflowsFromInvestingActivities": 19188500000, "dividendsPaid": -6527500000, "netBorrowings": 25024900000, "otherCashflowsFromFinancingActivities": -2447500000, "totalCashFromFinancingActivities": -316300000, "changeInCash": -19729400000, "repurchaseOfStock": -16366200000}, {"maxAge": 1, "endDate": "2018-03-31", "netIncome": 4411600000, "depreciation": 7873300000, "changeToNetincome": 30309000000, "changeToAccountReceivables": -63409100000, "changeToLiabilities": 17439200000, "changeToInventory": 10003400000, "changeToOperatingActivities": 3263300000, "totalCashFromOperatingActivities": 9890700000, "capitalExpenditures": -2812500000, "investments": 5257300000, "otherCashflowsFromInvestingActivities": 7052700000, "totalCashflowsFromInvestingActivities": 9612100000, "dividendsPaid": -4846300000, "netBorrowings": -461600000, "otherCashflowsFromFinancingActivities": -1366000000, "totalCashFromFinancingActivities": -6673900000, "changeInCash": 12828900000, "repurchaseOfStock": -16366200000}, {"maxAge": 1, "endDate": "2017-03-31", "netIncome": 4572600000, "depreciation": 8497900000, "changeToNetincome": 6286000000, "changeToAccountReceivables": 700000000, "changeToLiabilities": -907900000, "changeToInventory": 21351000000, "changeToOperatingActivities": -34895500000, "totalCashFromOperatingActivities": 5604100000, "capitalExpenditures": -3531000000, "investments": -8816600000, "otherCashflowsFromInvestingActivities": 6498700000, "totalCashflowsFromInvestingActivities": -5651600000, "dividendsPaid": -2937100000, "netBorrowings": -500800000, "otherCashflowsFromFinancingActivities": -1240800000, "totalCashFromFinancingActivities": -4678700000, "changeInCash": -4726200000, "repurchaseOfStock": -16366200000}], "maxAge": 86400}, "indexTrend": {"maxAge": 1, "symbol": "SP5", "peRatio": 19.7411, "pegRatio": 1.34172, "estimates": [{"period": "0q", "growth": 0.549}, {"period": "+1q", "growth": 0.431}, {"period": "0y", "growth": 0.305}, {"period": "+1y", "growth": 0.109}, {"period": "+5y", "growth": 0.120865}, {"period": "-5y"}]}, "defaultKeyStatistics": {"maxAge": 1, "priceHint": 2, "enterpriseValue": 148677033984, "forwardPE": 11.180555, "profitMargins": -0.21035999, "floatShares": 1270781486, "sharesOutstanding": 3482060032, "heldPercentInsiders": 0.63181, "heldPercentInstitutions": 0.25276, "beta": 1.263133, "category": null, "bookValue": 78.286, "priceToBook": 0.6169685, "fundFamily": null, "legalType": null, "lastFiscalYearEnd": "2020-03-31 05:30:00", "nextFiscalYearEnd": "2022-03-31 05:30:00", "mostRecentQuarter": "2020-12-31 05:30:00", "netIncomeToCommon": -31949699072, "trailingEps": -9.644, "forwardEps": 4.32, "pegRatio": 0.73, "lastSplitFactor": "3:2", "lastSplitDate": "2017-09-28 05:30:00", "enterpriseToRevenue": 0.979, "enterpriseToEbitda": -5.846, "52WeekChange": 1.0553191, "SandP52WeekChange": 0.48148263, "lastDividendValue": 1.2, "lastDividendDate": 1568246400}, "industryTrend": {"maxAge": 1, "symbol": null, "estimates": []}, "quoteType": {"exchange": "NSI", "quoteType": "EQUITY", "symbol": "BHEL.NS", "underlyingSymbol": "BHEL.NS", "shortName": "BHARAT HEAVY ELECT", "longName": "Bharat Heavy Electricals Limited", "firstTradeDateEpochUtc": "1996-01-01 09:15:00", "timeZoneFullName": "Asia/Kolkata", "timeZoneShortName": "IST", "uuid": "be2206fa-ff6f-3758-9d49-fd2236e3fe90", "messageBoardId": "finmb_880166", "gmtOffSetMilliseconds": 19800000, "maxAge": 1}, "incomeStatementHistory": {"incomeStatementHistory": [{"maxAge": 1, "endDate": "2020-03-31", "totalRevenue": 214900100000, "costOfRevenue": 159746900000, "grossProfit": 55153200000, "researchDevelopment": {}, "sellingGeneralAdministrative": 54967100000, "nonRecurring": {}, "otherOperatingExpenses": 1922000000, "totalOperatingExpenses": 222244700000, "operatingIncome": -7344600000, "totalOtherIncomeExpenseNet": 753900000, "ebit": -7344600000, "interestExpense": -1063600000, "incomeBeforeTax": -6590700000, "incomeTaxExpense": 8092800000, "minorityInterest": -90700000, "netIncomeFromContinuingOps": -14683500000, "discontinuedOperations": {}, "extraordinaryItems": {}, "effectOfAccountingCharges": {}, "otherItems": {}, "netIncome": -14660100000, "netIncomeApplicableToCommonShares": -14660100000}, {"maxAge": 1, "endDate": "2019-03-31", "totalRevenue": 304413800000, "costOfRevenue": 208539900000, "grossProfit": 95873900000, "researchDevelopment": {}, "sellingGeneralAdministrative": 56254000000, "nonRecurring": {}, "otherOperatingExpenses": 17974300000, "totalOperatingExpenses": 287785900000, "operatingIncome": 16627900000, "totalOtherIncomeExpenseNet": 1769500000, "ebit": 16627900000, "interestExpense": -871500000, "incomeBeforeTax": 18397400000, "incomeTaxExpense": 8373200000, "minorityInterest": -67300000, "netIncomeFromContinuingOps": 10024200000, "discontinuedOperations": {}, "extraordinaryItems": {}, "effectOfAccountingCharges": {}, "otherItems": {}, "netIncome": 10051000000, "netIncomeApplicableToCommonShares": 10051000000}, {"maxAge": 1, "endDate": "2018-03-31", "totalRevenue": 288274800000, "costOfRevenue": 184223200000, "grossProfit": 104051600000, "researchDevelopment": {}, "sellingGeneralAdministrative": 61960400000, "nonRecurring": {}, "otherOperatingExpenses": 22232900000, "totalOperatingExpenses": 276372000000, "operatingIncome": 11902800000, "totalOtherIncomeExpenseNet": 245900000, "ebit": 11902800000, "interestExpense": -351800000, "incomeBeforeTax": 12148700000, "incomeTaxExpense": 7766800000, "minorityInterest": -40500000, "netIncomeFromContinuingOps": 4381900000, "discontinuedOperations": {}, "extraordinaryItems": {}, "effectOfAccountingCharges": {}, "otherItems": {}, "netIncome": 4411600000, "netIncomeApplicableToCommonShares": 4411600000}, {"maxAge": 1, "endDate": "2017-03-31", "totalRevenue": 286294400000, "costOfRevenue": 205400200000, "grossProfit": 80894200000, "researchDevelopment": {}, "sellingGeneralAdministrative": 55747500000, "nonRecurring": {}, "otherOperatingExpenses": 13846100000, "totalOperatingExpenses": 284220300000, "operatingIncome": 2074100000, "totalOtherIncomeExpenseNet": 3781600000, "ebit": 2074100000, "interestExpense": -625300000, "incomeBeforeTax": 5855700000, "incomeTaxExpense": 1303900000, "minorityInterest": -10800000, "netIncomeFromContinuingOps": 4551800000, "discontinuedOperations": {}, "extraordinaryItems": {}, "effectOfAccountingCharges": {}, "otherItems": {}, "netIncome": 4572600000, "netIncomeApplicableToCommonShares": 4572600000}], "maxAge": 86400}, "fundOwnership": {"maxAge": 1, "ownershipList": [{"maxAge": 1, "reportDate": "2020-12-31", "organization": "MFS International New Discovery Fund", "pctHeld": 0.0042, "position": 14453222, "value": 518870669}, {"maxAge": 1, "reportDate": "2021-01-31", "organization": "Vanguard International Stock Index-Emerging Markets Stk", "pctHeld": 0.0034, "position": 11729459, "value": 422846996}, {"maxAge": 1, "reportDate": "2021-01-31", "organization": "Vanguard International Stock Index-Total Intl Stock Indx", "pctHeld": 0.0033000002, "position": 11452554, "value": 412864571}, {"maxAge": 1, "reportDate": "2021-03-31", "organization": "iShares Core MSCI Emerging Markets ETF", "pctHeld": 0.0025, "position": 8779060, "value": 427979175}, {"maxAge": 1, "reportDate": "2020-12-31", "organization": "PIMCO Equity Series-PIMCO RAE Emerging Markets Fd", "pctHeld": 0.0017, "position": 6065166, "value": 217739459}, {"maxAge": 1, "reportDate": "2021-01-31", "organization": "DFA Emerging Markets Core Equity Portfolio", "pctHeld": 0.0016, "position": 5717221, "value": 206105817}, {"maxAge": 1, "reportDate": "2021-01-31", "organization": "DFA Investment Dimensions-DFA Emerging Mkts Value", "pctHeld": 0.0016, "position": 5700069, "value": 205487487}, {"maxAge": 1, "reportDate": "2021-01-31", "organization": "DFA Emerging Markets Small Cap Series", "pctHeld": 0.0011999999, "position": 4207886, "value": 151694290}, {"maxAge": 1, "reportDate": "2021-01-31", "organization": "Old Westbury Small & Mid Cap Strategies Fund", "pctHeld": 0.00059999997, "position": 2190500, "value": 78967525}, {"maxAge": 1, "reportDate": "2021-03-31", "organization": "SPDR Portfolio Emerging Markets ETF", "pctHeld": 0.00059999997, "position": 2007632, "value": 97872060}]}, "summaryDetail": {"maxAge": 1, "priceHint": 2, "previousClose": 47.2, "open": 46.8, "dayLow": 46.2, "dayHigh": 49.4, "regularMarketPreviousClose": 47.2, "regularMarketOpen": 46.8, "regularMarketDayLow": 46.2, "regularMarketDayHigh": 49.4, "exDividendDate": "2019-09-12 05:30:00", "payoutRatio": 0.0, "beta": 1.263133, "forwardPE": 11.180555, "volume": 62770601, "regularMarketVolume": 62770601, "averageVolume": 76416184, "averageVolume10days": 40006799, "averageDailyVolume10Day": 40006799, "bid": 0.0, "ask": 0.0, "bidSize": 0, "askSize": 0, "marketCap": 168183496704, "fiftyTwoWeekLow": 20.9, "fiftyTwoWeekHigh": 56.5, "priceToSalesTrailing12Months": 1.1073424, "fiftyDayAverage": 48.83889, "twoHundredDayAverage": 39.374138, "trailingAnnualDividendRate": 2.0, "trailingAnnualDividendYield": 0.042372882, "currency": "INR", "fromCurrency": null, "toCurrency": null, "lastMarket": null, "algorithm": null, "tradeable": false}, "insiderHolders": {"holders": [{"maxAge": 1, "name": "Life Insurance Corporation of India", "relation": "Institution- Corporation", "url": "", "transactionDescription": "Acquisition", "latestTransDate": "2014-03-03", "positionDirect": 366991620, "positionDirectDate": "2014-03-03"}, {"maxAge": 1, "name": "President of India", "relation": "Promoter", "url": "", "transactionDescription": "Sale", "latestTransDate": "2014-03-03", "positionDirect": 1543452000, "positionDirectDate": "2014-03-03"}, {"maxAge": 1, "name": "Shankar (Krishna W V K)", "relation": "Director", "url": "", "transactionDescription": "Other", "latestTransDate": "2013-08-01", "positionDirect": 100, "positionDirectDate": "2013-08-01"}], "maxAge": 1}, "calendarEvents": {"maxAge": 1, "earnings": {"earningsDate": [], "earningsAverage": 1.44, "earningsLow": 1.29, "earningsHigh": 1.59, "revenueAverage": 113345000000, "revenueLow": 106712000000, "revenueHigh": 119977000000}, "exDividendDate": "2019-09-12 05:30:00"}, "price": {"maxAge": 1, "regularMarketChangePercent": 0.023305053, "regularMarketChange": 1.0999985, "regularMarketTime": "2021-04-30 15:30:01", "priceHint": 2, "regularMarketPrice": 48.3, "regularMarketDayHigh": 49.4, "regularMarketDayLow": 46.2, "regularMarketVolume": 62770601, "averageDailyVolume10Day": 40006799, "averageDailyVolume3Month": 76416184, "regularMarketPreviousClose": 47.2, "regularMarketSource": "FREE_REALTIME", "regularMarketOpen": 46.8, "exchange": "NSI", "exchangeName": "NSE", "exchangeDataDelayedBy": 15, "marketState": "CLOSED", "quoteType": "EQUITY", "symbol": "BHEL.NS", "underlyingSymbol": null, "shortName": "BHARAT HEAVY ELECT", "longName": "Bharat Heavy Electricals Limited", "currency": "INR", "quoteSourceName": "Delayed Quote", "currencySymbol": "\u20b9", "fromCurrency": null, "toCurrency": null, "lastMarket": null, "marketCap": 168183496704}, "balanceSheetHistory": {"balanceSheetStatements": [{"maxAge": 1, "endDate": "2020-03-31", "cash": 14028600000, "shortTermInvestments": 50000300000, "netReceivables": 166291900000, "inventory": 89082300000, "otherCurrentAssets": 7708700000, "totalCurrentAssets": 327111800000, "longTermInvestments": 1620600000, "propertyPlantEquipment": 30452500000, "intangibleAssets": 858700000, "otherAssets": 247799600000, "deferredLongTermAssetCharges": 27658700000, "totalAssets": 607843200000, "accountsPayable": 88975200000, "otherCurrentLiab": 68967800000, "otherLiab": 93804600000, "minorityInterest": -90700000, "totalCurrentLiabilities": 226768400000, "totalLiab": 321326700000, "commonStock": 6964100000, "retainedEarnings": 283062900000, "treasuryStock": -3419800000, "otherStockholderEquity": -3419800000, "totalStockholderEquity": 286607200000, "netTangibleAssets": 285748500000}, {"maxAge": 1, "endDate": "2019-03-31", "cash": 7957400000, "shortTermInvestments": 67000600000, "netReceivables": 224747600000, "inventory": 78000400000, "otherCurrentAssets": 6103100000, "totalCurrentAssets": 383809100000, "longTermInvestments": 1523600000, "propertyPlantEquipment": 31106000000, "intangibleAssets": 953000000, "otherAssets": 221951400000, "deferredLongTermAssetCharges": 35054500000, "totalAssets": 639343100000, "accountsPayable": 113809800000, "otherCurrentLiab": 65397000000, "otherLiab": 98860700000, "minorityInterest": -67300000, "totalCurrentLiabilities": 230551800000, "totalLiab": 330367000000, "commonStock": 6964100000, "retainedEarnings": 302760400000, "treasuryStock": -681100000, "otherStockholderEquity": -681100000, "totalStockholderEquity": 309043400000, "netTangibleAssets": 308090400000}, {"maxAge": 1, "endDate": "2018-03-31", "cash": 27688100000, "shortTermInvestments": 84002800000, "netReceivables": 237729900000, "inventory": 62631500000, "otherCurrentAssets": 9379400000, "totalCurrentAssets": 421431700000, "longTermInvestments": 4289700000, "propertyPlantEquipment": 31764300000, "intangibleAssets": 995400000, "otherAssets": 176255000000, "deferredLongTermAssetCharges": 36324300000, "totalAssets": 634736100000, "accountsPayable": 105892500000, "otherCurrentLiab": 74732100000, "otherLiab": 92177300000, "minorityInterest": -40500000, "totalCurrentLiabilities": 218677600000, "totalLiab": 311426700000, "commonStock": 7342800000, "retainedEarnings": 315875100000, "treasuryStock": 132000000, "otherStockholderEquity": 132000000, "totalStockholderEquity": 323349900000, "netTangibleAssets": 322354500000}, {"maxAge": 1, "endDate": "2017-03-31", "cash": 14859200000, "shortTermInvestments": 90007300000, "netReceivables": 234076800000, "inventory": 73796700000, "otherCurrentAssets": 16299600000, "totalCurrentAssets": 429039600000, "longTermInvestments": 7571300000, "propertyPlantEquipment": 36559400000, "intangibleAssets": 1135900000, "otherAssets": 139168300000, "deferredLongTermAssetCharges": 38461900000, "totalAssets": 613474500000, "accountsPayable": 87158800000, "otherCurrentLiab": 92118500000, "otherLiab": 87273600000, "minorityInterest": -10800000, "totalCurrentLiabilities": 201426300000, "totalLiab": 289595400000, "commonStock": 4895200000, "retainedEarnings": 319695700000, "treasuryStock": -701000000, "otherStockholderEquity": -701000000, "totalStockholderEquity": 323889900000, "netTangibleAssets": 322754000000}], "maxAge": 86400}, "earningsTrend": {"trend": [{"maxAge": 1, "period": "0q", "endDate": "2018-03-31", "growth": 1.4410001, "earningsEstimate": {"avg": 1.44, "low": 1.29, "high": 1.59, "yearAgoEps": 0.59, "numberOfAnalysts": 2, "growth": 1.4410001}, "revenueEstimate": {"avg": 113345000000, "low": 106712000000, "high": 119977000000, "numberOfAnalysts": 2, "yearAgoRevenue": 94049500000, "growth": 0.205}, "epsTrend": {"current": 1.44, "7daysAgo": 1.44, "30daysAgo": 1.44, "60daysAgo": 1.5, "90daysAgo": 1.5}, "epsRevisions": {"upLast7days": 0, "upLast30days": 0, "downLast30days": 0, "downLast90days": {}}}, {"maxAge": 1, "period": "+1q", "endDate": "2018-06-30", "growth": 1.773, "earningsEstimate": {"avg": 0.61, "low": 0.61, "high": 0.61, "yearAgoEps": 0.22, "numberOfAnalysts": 1, "growth": 1.773}, "revenueEstimate": {"avg": 0, "low": 0, "high": 0, "numberOfAnalysts": 0, "yearAgoRevenue": {}, "growth": {}}, "epsTrend": {"current": 0.61, "7daysAgo": 0.61, "30daysAgo": 0.61, "60daysAgo": 0.61, "90daysAgo": 0.61}, "epsRevisions": {"upLast7days": 0, "upLast30days": 0, "downLast30days": 0, "downLast90days": {}}}, {"maxAge": 1, "period": "0y", "endDate": "2018-03-31", "growth": 0.926, "earningsEstimate": {"avg": 2.6, "low": 1.47, "high": 3.9, "yearAgoEps": 1.35, "numberOfAnalysts": 34, "growth": 0.926}, "revenueEstimate": {"avg": 294864000000, "low": 277544000000, "high": 322008000000, "numberOfAnalysts": 33, "yearAgoRevenue": 275876000000, "growth": 0.069}, "epsTrend": {"current": 2.6, "7daysAgo": 2.65, "30daysAgo": 2.67, "60daysAgo": 2.79, "90daysAgo": 2.79}, "epsRevisions": {"upLast7days": 0, "upLast30days": 8, "downLast30days": 3, "downLast90days": {}}}, {"maxAge": 1, "period": "+1y", "endDate": "2019-03-31", "growth": 0.66199994, "earningsEstimate": {"avg": 4.32, "low": 1.69, "high": 6.79, "yearAgoEps": 2.6, "numberOfAnalysts": 34, "growth": 0.66199994}, "revenueEstimate": {"avg": 333774000000, "low": 302838000000, "high": 385369000000, "numberOfAnalysts": 33, "yearAgoRevenue": 294864000000, "growth": 0.132}, "epsTrend": {"current": 4.32, "7daysAgo": 4.44, "30daysAgo": 4.63, "60daysAgo": 4.57, "90daysAgo": 4.57}, "epsRevisions": {"upLast7days": 1, "upLast30days": 4, "downLast30days": 2, "downLast90days": {}}}, {"maxAge": 1, "period": "+5y", "endDate": null, "growth": 0.4749, "earningsEstimate": {"avg": {}, "low": {}, "high": {}, "yearAgoEps": {}, "numberOfAnalysts": {}, "growth": {}}, "revenueEstimate": {"avg": {}, "low": {}, "high": {}, "numberOfAnalysts": {}, "yearAgoRevenue": {}, "growth": {}}, "epsTrend": {"current": {}, "7daysAgo": {}, "30daysAgo": {}, "60daysAgo": {}, "90daysAgo": {}}, "epsRevisions": {"upLast7days": {}, "upLast30days": {}, "downLast30days": {}, "downLast90days": {}}}, {"maxAge": 1, "period": "-5y", "endDate": null, "growth": -0.44597, "earningsEstimate": {"avg": {}, "low": {}, "high": {}, "yearAgoEps": {}, "numberOfAnalysts": {}, "growth": {}}, "revenueEstimate": {"avg": {}, "low": {}, "high": {}, "numberOfAnalysts": {}, "yearAgoRevenue": {}, "growth": {}}, "epsTrend": {"current": {}, "7daysAgo": {}, "30daysAgo": {}, "60daysAgo": {}, "90daysAgo": {}}, "epsRevisions": {"upLast7days": {}, "upLast30days": {}, "downLast30days": {}, "downLast90days": {}}}], "maxAge": 1}, "institutionOwnership": {"maxAge": 1, "ownershipList": []}, "majorHoldersBreakdown": {"maxAge": 1, "insidersPercentHeld": 0.63181, "institutionsPercentHeld": 0.25276, "institutionsFloatPercentHeld": 0.68651, "institutionsCount": 48}, "balanceSheetHistoryQuarterly": {"balanceSheetStatements": [{"maxAge": 1, "endDate": "2020-12-31", "totalStockholderEquity": 271793700000, "netTangibleAssets": 271055100000}, {"maxAge": 1, "endDate": "2020-09-30", "cash": 60257500000, "shortTermInvestments": 2351800000, "netReceivables": 63369500000, "inventory": 84043400000, "otherCurrentAssets": 97556600000, "totalCurrentAssets": 307578800000, "longTermInvestments": 1711800000, "propertyPlantEquipment": 28984400000, "intangibleAssets": 738600000, "otherAssets": 250943500000, "deferredLongTermAssetCharges": 32611600000, "totalAssets": 589957100000, "accountsPayable": 79366300000, "otherCurrentLiab": 107174300000, "otherLiab": 83243900000, "minorityInterest": -97400000, "totalCurrentLiabilities": 234401400000, "totalLiab": 318260800000, "commonStock": 6964100000, "treasuryStock": 264829600000, "otherStockholderEquity": 264829600000, "totalStockholderEquity": 271793700000, "netTangibleAssets": 271055100000}, {"maxAge": 1, "endDate": "2020-06-30", "totalStockholderEquity": 286607200000, "netTangibleAssets": 285748500000}, {"maxAge": 1, "endDate": "2020-03-31", "cash": 14028600000, "shortTermInvestments": 50000300000, "netReceivables": 166291900000, "inventory": 89082300000, "otherCurrentAssets": 7708700000, "totalCurrentAssets": 327111800000, "longTermInvestments": 1620600000, "propertyPlantEquipment": 30452500000, "intangibleAssets": 858700000, "otherAssets": 247799600000, "deferredLongTermAssetCharges": 27658700000, "totalAssets": 607843200000, "accountsPayable": 88975200000, "otherCurrentLiab": 68967800000, "otherLiab": 93804600000, "minorityInterest": -90700000, "totalCurrentLiabilities": 226768400000, "totalLiab": 321326700000, "commonStock": 6964100000, "retainedEarnings": 283062900000, "treasuryStock": -3419800000, "otherStockholderEquity": -3419800000, "totalStockholderEquity": 286607200000, "netTangibleAssets": 285748500000}], "maxAge": 86400}, "earningsHistory": {"history": [{"maxAge": 1, "epsActual": 0.59, "epsEstimate": 1.78, "epsDifference": -1.19, "surprisePercent": -0.669, "quarter": "2017-03-31", "period": "-4q"}, {"maxAge": 1, "epsActual": 0.22, "epsEstimate": 0.3, "epsDifference": -0.08, "surprisePercent": -0.26700002, "quarter": "2017-06-30", "period": "-3q"}, {"maxAge": 1, "epsActual": 0.31, "epsEstimate": 0.43, "epsDifference": -0.12, "surprisePercent": -0.27899998, "quarter": "2017-09-30", "period": "-2q"}, {"maxAge": 1, "epsActual": 0.42, "epsEstimate": 0.53, "epsDifference": -0.11, "surprisePercent": -0.20799999, "quarter": "2017-12-31", "period": "-1q"}], "maxAge": 86400}, "esgScores": {"maxAge": 86400, "totalEsg": 36.78, "environmentScore": null, "socialScore": null, "governanceScore": null, "ratingYear": 2021, "ratingMonth": 3, "highestControversy": 4.0, "peerCount": 19, "esgPerformance": "OUT_PERF", "peerGroup": "Electrical Equipment", "relatedControversy": ["Society & Community Incidents"], "peerEsgScorePerformance": {"min": 12.53, "avg": 22.70157894736842, "max": 36.78}, "peerGovernancePerformance": {"min": 4.36, "avg": 7.3549999999999995, "max": 10.49}, "peerSocialPerformance": {"min": 4.14, "avg": 8.959444444444445, "max": 14.56}, "peerEnvironmentPerformance": {"min": 2.18, "avg": 5.605555555555557, "max": 9.71}, "peerHighestControversyPerformance": {"min": 0.0, "avg": 1.631578947368421, "max": 4.0}, "percentile": 78.72, "environmentPercentile": null, "socialPercentile": null, "governancePercentile": null, "adult": false, "alcoholic": false, "animalTesting": false, "catholic": false, "controversialWeapons": false, "smallArms": false, "furLeather": false, "gambling": false, "gmo": false, "militaryContract": true, "nuclear": false, "pesticides": false, "palmOil": false, "coal": false, "tobacco": false}, "summaryProfile": {"address1": "BHEL House", "address2": "Siri Fort", "city": "New Delhi", "zip": "110049", "country": "India", "phone": "91 11 6633 7000", "fax": "91 11 6633 7428", "website": "http://www.bhel.com", "industry": "Specialty Industrial Machinery", "sector": "Industrials", "longBusinessSummary": "Bharat Heavy Electricals Limited operates as an engineering and manufacturing enterprise in the energy and infrastructure sectors, and a power equipment manufacturer worldwide. The company operates through Power and Industry segments. It offers thermal power plants, nuclear power plants, gas-based power plants, hydro power plants, solar power systems, DG power plants, desalination and water treatment plants, systems and services, industrial systems, boilers, boiler auxiliaries, soot blowers, valves, piping systems, seamless steel tubes, steam turbines, turbogenerators, industrial sets, castings and forgings, condenser and heat exchangers, pumps, compressors, solar photovoltaics, and automation and control systems. The company also provides transmission systems control, software system solutions, medium voltage vacuum switchgears, on load tap changers, LT switchgear and bus ducts, transformers and reactors, capacitors, bushings, control gears, insulators, electrical machines, rail transportation systems, defense and aerospace products, transportation equipment, energy storage systems and e-mobility, oil field equipment, and fabricated equipment and mechanical packages. It serves customers in power, transmission, transportation, renewables, water, oil and gas, defense and aerospace, and other industries. Bharat Heavy Electricals Limited was founded in 1964 and is based in New Delhi, India.", "fullTimeEmployees": 33752, "companyOfficers": [], "maxAge": 86400}, "netSharePurchaseActivity": {"maxAge": 1, "period": "6m", "buyInfoCount": 0, "buyInfoShares": 0, "sellInfoCount": 0, "netInfoCount": 0, "netInfoShares": 0, "netPercentInsiderShares": 0.0, "totalInsiderShares": 2180647168}, "insiderTransactions": {"transactions": [{"maxAge": 1, "shares": 145424170, "filerUrl": "", "transactionText": "", "filerName": "Life Insurance Corporation of India", "filerRelation": "Institution- Corporation", "moneyText": "", "startDate": "2014-03-03", "ownership": "D"}, {"maxAge": 1, "shares": 114100000, "filerUrl": "", "transactionText": "", "filerName": "President of India", "filerRelation": "Promoter", "moneyText": "", "startDate": "2014-03-03", "ownership": "D"}, {"maxAge": 1, "shares": 100, "filerUrl": "", "transactionText": "", "filerName": "Shankar (Krishna W V K)", "filerRelation": "Director", "moneyText": "", "startDate": "2013-08-01", "ownership": "D"}], "maxAge": 1}, "sectorTrend": {"maxAge": 1, "symbol": null, "estimates": []}, "incomeStatementHistoryQuarterly": {"incomeStatementHistory": [{"maxAge": 1, "endDate": "2020-12-31", "totalRevenue": 44513600000, "costOfRevenue": 29411100000, "grossProfit": 15102500000, "researchDevelopment": {}, "sellingGeneralAdministrative": 13803500000, "nonRecurring": {}, "otherOperatingExpenses": 3103100000, "totalOperatingExpenses": 47446100000, "operatingIncome": -2932500000, "totalOtherIncomeExpenseNet": 135000000, "ebit": -2932500000, "interestExpense": -857900000, "incomeBeforeTax": -2797500000, "incomeTaxExpense": -618900000, "minorityInterest": {}, "netIncomeFromContinuingOps": -2178600000, "discontinuedOperations": {}, "extraordinaryItems": {}, "effectOfAccountingCharges": {}, "otherItems": {}, "netIncome": -2174400000, "netIncomeApplicableToCommonShares": -2174400000}, {"maxAge": 1, "endDate": "2020-09-30", "totalRevenue": 36959600000, "costOfRevenue": 23834000000, "grossProfit": 13125600000, "researchDevelopment": {}, "sellingGeneralAdministrative": 13828800000, "nonRecurring": {}, "otherOperatingExpenses": 5629900000, "totalOperatingExpenses": 44445100000, "operatingIncome": -7485500000, "totalOtherIncomeExpenseNet": 147500000, "ebit": -7485500000, "interestExpense": -945000000, "incomeBeforeTax": -7338000000, "incomeTaxExpense": -1814200000, "minorityInterest": -97400000, "netIncomeFromContinuingOps": -5523800000, "discontinuedOperations": {}, "extraordinaryItems": {}, "effectOfAccountingCharges": {}, "otherItems": {}, "netIncome": -5520200000, "netIncomeApplicableToCommonShares": -5520200000}, {"maxAge": 1, "endDate": "2020-06-30", "totalRevenue": 19909000000, "costOfRevenue": 13115200000, "grossProfit": 6793800000, "researchDevelopment": {}, "sellingGeneralAdministrative": 13788700000, "nonRecurring": {}, "otherOperatingExpenses": 3596700000, "totalOperatingExpenses": 31686500000, "operatingIncome": -11777500000, "totalOtherIncomeExpenseNet": -146500000, "ebit": -11777500000, "interestExpense": -1148300000, "incomeBeforeTax": -11924000000, "incomeTaxExpense": -2992600000, "minorityInterest": -97400000, "netIncomeFromContinuingOps": -8931400000, "discontinuedOperations": {}, "extraordinaryItems": {}, "effectOfAccountingCharges": {}, "otherItems": {}, "netIncome": -8928300000, "netIncomeApplicableToCommonShares": -8928300000}, {"maxAge": 1, "endDate": "2020-03-31", "totalRevenue": 50498100000, "costOfRevenue": 58555600000, "grossProfit": -8057500000, "researchDevelopment": {}, "sellingGeneralAdministrative": 11984500000, "nonRecurring": {}, "otherOperatingExpenses": -15083400000, "totalOperatingExpenses": 57575800000, "operatingIncome": -7077700000, "totalOtherIncomeExpenseNet": -8200000, "ebit": -7077700000, "interestExpense": -1148300000, "incomeBeforeTax": -7085900000, "incomeTaxExpense": 8235900000, "minorityInterest": -90700000, "netIncomeFromContinuingOps": -15321800000, "discontinuedOperations": {}, "extraordinaryItems": {}, "effectOfAccountingCharges": {}, "otherItems": {}, "netIncome": -15326700000, "netIncomeApplicableToCommonShares": -15326700000}], "maxAge": 86400}, "cashflowStatementHistoryQuarterly": {"cashflowStatements": [{"maxAge": 1, "endDate": "2020-12-31", "netIncome": -2174400000, "changeToLiabilities": 0}, {"maxAge": 1, "endDate": "2020-09-30", "netIncome": -5520200000, "changeToLiabilities": 0}, {"maxAge": 1, "endDate": "2020-06-30", "netIncome": -8928300000, "changeToLiabilities": 0}, {"maxAge": 1, "endDate": "2020-03-31", "netIncome": -15326700000, "changeToLiabilities": 0}], "maxAge": 86400}, "earnings": {"maxAge": 86400, "earningsChart": {"quarterly": [{"date": "1Q2017", "actual": 0.59, "estimate": 1.78}, {"date": "2Q2017", "actual": 0.22, "estimate": 0.3}, {"date": "3Q2017", "actual": 0.31, "estimate": 0.43}, {"date": "4Q2017", "actual": 0.42, "estimate": 0.53}], "currentQuarterEstimate": 1.44, "currentQuarterEstimateDate": "1Q", "currentQuarterEstimateYear": 2018, "earningsDate": []}, "financialsChart": {"yearly": [{"date": 2017, "revenue": 286294400000, "earnings": 4572600000}, {"date": 2018, "revenue": 288274800000, "earnings": 4411600000}, {"date": 2019, "revenue": 304413800000, "earnings": 10051000000}, {"date": 2020, "revenue": 214900100000, "earnings": -14660100000}], "quarterly": [{"date": "1Q2020", "revenue": 50498100000, "earnings": -15326700000}, {"date": "2Q2020", "revenue": 19909000000, "earnings": -8928300000}, {"date": "3Q2020", "revenue": 36959600000, "earnings": -5520200000}, {"date": "4Q2020", "revenue": 44513600000, "earnings": -2174400000}]}, "financialCurrency": "INR"}, "financialData": {"maxAge": 86400, "currentPrice": 48.3, "targetHighPrice": 141.0, "targetLowPrice": 49.0, "targetMeanPrice": 91.73, "targetMedianPrice": 90.0, "recommendationMean": 3.5, "recommendationKey": "hold", "numberOfAnalystOpinions": 37, "totalCash": 62609301504, "totalCashPerShare": 18.14, "ebitda": -25433600000, "totalDebt": 48476299264, "totalRevenue": 151880302592, "debtToEquity": 17.842, "revenuePerShare": 45.846, "grossProfits": 55153200000, "revenueGrowth": -0.216, "grossMargins": 0.17754, "ebitdaMargins": -0.16746001, "operatingMargins": -0.19274001, "profitMargins": -0.21035999, "financialCurrency": "INR"}}}