{"BI.BO": {"recommendationTrend": {"trend": [{"period": "0m", "strongBuy": 0, "buy": 0, "hold": 0, "sell": 0, "strongSell": 0}, {"period": "-1m", "strongBuy": 0, "buy": 0, "hold": 0, "sell": 0, "strongSell": 0}, {"period": "-2m", "strongBuy": 0, "buy": 0, "hold": 0, "sell": 0, "strongSell": 0}, {"period": "-3m", "strongBuy": 0, "buy": 0, "hold": 0, "sell": 0, "strongSell": 0}], "maxAge": 86400}, "cashflowStatementHistory": {"cashflowStatements": [{"maxAge": 1, "endDate": "2020-03-31", "netIncome": -1035316000, "depreciation": 1688145000, "changeToNetincome": 2420231000, "changeToAccountReceivables": 1956034000, "changeToLiabilities": -2227638000, "changeToInventory": 2923311000, "changeToOperatingActivities": -3154592000, "totalCashFromOperatingActivities": 2581008000, "investments": -73417000, "otherCashflowsFromInvestingActivities": 38303000, "totalCashflowsFromInvestingActivities": 13074310000, "netBorrowings": -14254027000, "otherCashflowsFromFinancingActivities": -1747404000, "totalCashFromFinancingActivities": -16001431000, "changeInCash": -346113000}, {"maxAge": 1, "endDate": "2019-03-31", "netIncome": -4550846000, "depreciation": 3772901000, "changeToNetincome": 2485407000, "changeToAccountReceivables": -210998000, "changeToLiabilities": -1040043000, "changeToInventory": 35626000, "changeToOperatingActivities": 1553466000, "totalCashFromOperatingActivities": 2056196000, "capitalExpenditures": -1153591000, "investments": 80668000, "otherCashflowsFromInvestingActivities": 22957000, "totalCashflowsFromInvestingActivities": -1038337000, "netBorrowings": 1813556000, "otherCashflowsFromFinancingActivities": -2839993000, "totalCashFromFinancingActivities": -1026437000, "changeInCash": -8577000}, {"maxAge": 1, "endDate": "2018-03-31", "netIncome": -2011362000, "depreciation": 4151771000, "changeToNetincome": -781412000, "changeToAccountReceivables": -860004000, "changeToLiabilities": 1179497000, "changeToInventory": -420314000, "changeToOperatingActivities": -283651000, "totalCashFromOperatingActivities": 984690000, "capitalExpenditures": -2144238000, "investments": 75066000, "otherCashflowsFromInvestingActivities": 37839000, "totalCashflowsFromInvestingActivities": -2025203000, "netBorrowings": 3413132000, "otherCashflowsFromFinancingActivities": -2502228000, "totalCashFromFinancingActivities": 910904000, "changeInCash": -129609000}, {"maxAge": 1, "endDate": "2017-03-31", "netIncome": -845386000, "depreciation": 1755101000, "changeToNetincome": 927550000, "changeToAccountReceivables": 382424000, "changeToLiabilities": 1738000, "changeToInventory": 670030000, "changeToOperatingActivities": 97397000, "totalCashFromOperatingActivities": 3003241000, "capitalExpenditures": -1451875000, "investments": 27190000, "otherCashflowsFromInvestingActivities": 41091000, "totalCashflowsFromInvestingActivities": -1286844000, "netBorrowings": 223135000, "otherCashflowsFromFinancingActivities": -1775114000, "totalCashFromFinancingActivities": -1551979000, "changeInCash": 164418000}], "maxAge": 86400}, "institutionOwnership": {"ownershipList": [], "maxAge": 1}, "balanceSheetHistoryQuarterly": {"balanceSheetStatements": [{"maxAge": 1, "endDate": "2020-03-31", "cash": 412651000, "shortTermInvestments": 229348000, "netReceivables": 2001377000, "inventory": 769740000, "otherCurrentAssets": 232894000, "totalCurrentAssets": 3651904000, "longTermInvestments": 5100000, "propertyPlantEquipment": 5086958000, "intangibleAssets": 252895000, "otherAssets": 2118692000, "deferredLongTermAssetCharges": 889927000, "totalAssets": 11115549000, "accountsPayable": 959650000, "otherCurrentLiab": 517212000, "longTermDebt": 5588352000, "otherLiab": 653185000, "minorityInterest": 678819000, "totalCurrentLiabilities": 3112302000, "totalLiab": 9353839000, "commonStock": 235452000, "retainedEarnings": -4958737000, "treasuryStock": 702736000, "capitalSurplus": 5103440000, "otherStockholderEquity": 702736000, "totalStockholderEquity": 1082891000, "netTangibleAssets": 829996000}, {"maxAge": 1, "endDate": "2019-12-31", "totalStockholderEquity": -2959700000, "netTangibleAssets": -6208900000}, {"maxAge": 1, "endDate": "2019-09-30", "cash": 1278100000, "netReceivables": 3039400000, "inventory": 3677600000, "otherCurrentAssets": 786500000, "totalCurrentAssets": 8781600000, "longTermInvestments": 66800000, "propertyPlantEquipment": 16457800000, "goodWill": 2896800000, "intangibleAssets": 352400000, "otherAssets": 1904400000, "deferredLongTermAssetCharges": 759000000, "totalAssets": 30459800000, "accountsPayable": 3182300000, "otherCurrentLiab": 2695900000, "longTermDebt": 7543600000, "otherLiab": 3531500000, "minorityInterest": 647900000, "totalCurrentLiabilities": 21696500000, "totalLiab": 32771600000, "commonStock": 235500000, "treasuryStock": -3195200000, "otherStockholderEquity": -3195200000, "totalStockholderEquity": -2959700000, "netTangibleAssets": -6208900000}, {"maxAge": 1, "endDate": "2019-06-30", "totalStockholderEquity": -698300000, "netTangibleAssets": -4719200000}], "maxAge": 86400}, "earningsHistory": {"history": [{"maxAge": 1, "epsActual": {}, "epsEstimate": {}, "epsDifference": {}, "surprisePercent": {}, "quarter": {}, "period": "-4q"}, {"maxAge": 1, "epsActual": {}, "epsEstimate": {}, "epsDifference": {}, "surprisePercent": {}, "quarter": {}, "period": "-3q"}, {"maxAge": 1, "epsActual": {}, "epsEstimate": {}, "epsDifference": {}, "surprisePercent": {}, "quarter": {}, "period": "-2q"}, {"maxAge": 1, "epsActual": {}, "epsEstimate": {}, "epsDifference": {}, "surprisePercent": {}, "quarter": {}, "period": "-1q"}], "maxAge": 86400}, "indexTrend": {"maxAge": 1, "symbol": "SP5", "peRatio": 19.7411, "pegRatio": 1.34172, "estimates": [{"period": "0q", "growth": 0.549}, {"period": "+1q", "growth": 0.431}, {"period": "0y", "growth": 0.305}, {"period": "+1y", "growth": 0.109}, {"period": "+5y", "growth": 0.120859005}, {"period": "-5y"}]}, "industryTrend": {"maxAge": 1, "symbol": null, "estimates": []}, "insiderTransactions": {"transactions": [{"maxAge": 1, "shares": 1310000, "filerUrl": "", "transactionText": "", "filerName": "Bhandari (Mohan Harakchand)", "filerRelation": "Executive Chairman", "moneyText": "", "startDate": "2011-12-30", "ownership": "D"}, {"maxAge": 1, "shares": 50000, "filerUrl": "", "transactionText": "", "filerName": "Bhandari (Nutan Mohan)", "filerRelation": "Promoter", "moneyText": "", "startDate": "2011-11-15", "ownership": "D"}, {"maxAge": 1, "shares": 1612481, "filerUrl": "", "transactionText": "", "filerName": "Bhandari (Mohan Harakchand)", "filerRelation": "Executive Chairman", "moneyText": "", "startDate": "2011-11-14", "ownership": "D"}, {"maxAge": 1, "shares": 24696, "filerUrl": "", "transactionText": "", "filerName": "Bhandari (Mohan Harakchand)", "filerRelation": "Executive Chairman", "moneyText": "", "startDate": "2011-09-06", "ownership": "D"}, {"maxAge": 1, "shares": 30000, "filerUrl": "", "transactionText": "", "filerName": "Taparia (Rajendra Bhagirath)", "filerRelation": "Director", "moneyText": "", "startDate": "2009-12-09", "ownership": "D"}], "maxAge": 1}, "quoteType": {"exchange": "BSE", "quoteType": "EQUITY", "symbol": "BI.BO", "underlyingSymbol": "BI.BO", "shortName": "BILCARE LTD.", "longName": "Bilcare Limited", "firstTradeDateEpochUtc": "2000-08-02 09:15:00", "timeZoneFullName": "Asia/Kolkata", "timeZoneShortName": "IST", "uuid": "81bc76d8-befa-343d-9d13-05597229d246", "gmtOffSetMilliseconds": 19800000, "maxAge": 1}, "incomeStatementHistory": {"incomeStatementHistory": [{"maxAge": 1, "endDate": "2020-03-31", "totalRevenue": 18270091000, "costOfRevenue": 10015513000, "grossProfit": 8254578000, "researchDevelopment": {}, "sellingGeneralAdministrative": 3867602000, "nonRecurring": {}, "otherOperatingExpenses": 3598550000, "totalOperatingExpenses": 19176193000, "operatingIncome": -906102000, "totalOtherIncomeExpenseNet": -230343000, "ebit": -906102000, "interestExpense": -1698679000, "incomeBeforeTax": -1136445000, "incomeTaxExpense": -146195000, "minorityInterest": 678819000, "netIncomeFromContinuingOps": -990250000, "discontinuedOperations": {}, "extraordinaryItems": {}, "effectOfAccountingCharges": {}, "otherItems": {}, "netIncome": -1035316000, "netIncomeApplicableToCommonShares": -1035316000}, {"maxAge": 1, "endDate": "2019-03-31", "totalRevenue": 29970111000, "costOfRevenue": 16377894000, "grossProfit": 13592217000, "researchDevelopment": {}, "sellingGeneralAdministrative": 6470322000, "nonRecurring": {}, "otherOperatingExpenses": 5426421000, "totalOperatingExpenses": 32058174000, "operatingIncome": -2088063000, "totalOtherIncomeExpenseNet": -2237003000, "ebit": -2088063000, "interestExpense": -2405900000, "incomeBeforeTax": -4325066000, "incomeTaxExpense": 207838000, "minorityInterest": 640229000, "netIncomeFromContinuingOps": -4532904000, "discontinuedOperations": {}, "extraordinaryItems": {}, "effectOfAccountingCharges": {}, "otherItems": {}, "netIncome": -4550846000, "netIncomeApplicableToCommonShares": -4550846000}, {"maxAge": 1, "endDate": "2018-03-31", "totalRevenue": 27784445000, "costOfRevenue": 15160225000, "grossProfit": 12624220000, "researchDevelopment": {}, "sellingGeneralAdministrative": 5863009000, "nonRecurring": {}, "otherOperatingExpenses": 4880829000, "totalOperatingExpenses": 30065089000, "operatingIncome": -2280644000, "totalOtherIncomeExpenseNet": 208555000, "ebit": -2280644000, "interestExpense": -1765292000, "incomeBeforeTax": -2072089000, "incomeTaxExpense": -81027000, "minorityInterest": 633950000, "netIncomeFromContinuingOps": -1991062000, "discontinuedOperations": {}, "extraordinaryItems": {}, "effectOfAccountingCharges": {}, "otherItems": {}, "netIncome": -2011362000, "netIncomeApplicableToCommonShares": -2011362000}, {"maxAge": 1, "endDate": "2017-03-31", "totalRevenue": 26329227000, "costOfRevenue": 14292326000, "grossProfit": 12036901000, "researchDevelopment": {}, "sellingGeneralAdministrative": 5491567000, "nonRecurring": {}, "otherOperatingExpenses": 4642117000, "totalOperatingExpenses": 26195494000, "operatingIncome": 133733000, "totalOtherIncomeExpenseNet": -694378000, "ebit": 133733000, "interestExpense": -1522550000, "incomeBeforeTax": -560645000, "incomeTaxExpense": 237443000, "minorityInterest": 624763000, "netIncomeFromContinuingOps": -798088000, "discontinuedOperations": {}, "extraordinaryItems": {}, "effectOfAccountingCharges": {}, "otherItems": {}, "netIncome": -845386000, "netIncomeApplicableToCommonShares": -845386000}], "maxAge": 86400}, "fundOwnership": {"ownershipList": [], "maxAge": 1}, "summaryDetail": {"maxAge": 1, "priceHint": 2, "previousClose": 53.6, "open": 52.15, "dayLow": 52.0, "dayHigh": 54.0, "regularMarketPreviousClose": 53.6, "regularMarketOpen": 52.15, "regularMarketDayLow": 52.0, "regularMarketDayHigh": 54.0, "volume": 41009, "regularMarketVolume": 41009, "averageVolume": 44634, "averageVolume10days": 164929, "averageDailyVolume10Day": 164929, "bid": 52.7, "ask": 53.0, "bidSize": 0, "askSize": 0, "marketCap": 1238477440, "fiftyTwoWeekLow": 13.3, "fiftyTwoWeekHigh": 67.95, "fiftyDayAverage": 47.22121, "twoHundredDayAverage": 45.625366, "currency": "INR", "fromCurrency": null, "lastMarket": null, "algorithm": null, "tradeable": false}, "sectorTrend": {"maxAge": 1, "symbol": null, "estimates": []}, "incomeStatementHistoryQuarterly": {"incomeStatementHistory": [{"maxAge": 1, "endDate": "2020-03-31", "totalRevenue": 1201691000, "costOfRevenue": 783413000, "grossProfit": 418278000, "researchDevelopment": {}, "sellingGeneralAdministrative": 278602000, "nonRecurring": {}, "otherOperatingExpenses": -970950000, "totalOperatingExpenses": -354907000, "operatingIncome": 1556598000, "totalOtherIncomeExpenseNet": -1051743000, "ebit": 1556598000, "interestExpense": -116079000, "incomeBeforeTax": 504855000, "incomeTaxExpense": -283295000, "minorityInterest": 678819000, "netIncomeFromContinuingOps": 788150000, "discontinuedOperations": {}, "extraordinaryItems": {}, "effectOfAccountingCharges": {}, "otherItems": {}, "netIncome": 765684000, "netIncomeApplicableToCommonShares": 765684000}, {"maxAge": 1, "endDate": "2019-12-31", "totalRevenue": 3325700000, "costOfRevenue": 1891800000, "grossProfit": 1433900000, "researchDevelopment": {}, "sellingGeneralAdministrative": 584800000, "nonRecurring": {}, "otherOperatingExpenses": 1773800000, "totalOperatingExpenses": 4586400000, "operatingIncome": -1260700000, "totalOtherIncomeExpenseNet": 1785300000, "ebit": -1260700000, "interestExpense": -340000000, "incomeBeforeTax": 524600000, "incomeTaxExpense": 103100000, "minorityInterest": 678819000, "netIncomeFromContinuingOps": 421500000, "discontinuedOperations": {}, "extraordinaryItems": {}, "effectOfAccountingCharges": {}, "otherItems": {}, "netIncome": 412400000, "netIncomeApplicableToCommonShares": 412400000}, {"maxAge": 1, "endDate": "2019-09-30", "totalRevenue": 6734300000, "costOfRevenue": 3584200000, "grossProfit": 3150100000, "researchDevelopment": {}, "sellingGeneralAdministrative": 1444400000, "nonRecurring": {}, "otherOperatingExpenses": 1313000000, "totalOperatingExpenses": 7592700000, "operatingIncome": -858400000, "totalOtherIncomeExpenseNet": -502500000, "ebit": -858400000, "interestExpense": -638100000, "incomeBeforeTax": -1360900000, "incomeTaxExpense": -28700000, "minorityInterest": 647900000, "netIncomeFromContinuingOps": -1332200000, "discontinuedOperations": {}, "extraordinaryItems": {}, "effectOfAccountingCharges": {}, "otherItems": {}, "netIncome": -1340000000, "netIncomeApplicableToCommonShares": -1340000000}, {"maxAge": 1, "endDate": "2019-06-30", "totalRevenue": 7008400000, "costOfRevenue": 3756100000, "grossProfit": 3252300000, "researchDevelopment": {}, "sellingGeneralAdministrative": 1559800000, "nonRecurring": {}, "otherOperatingExpenses": 1469000000, "totalOperatingExpenses": 7338300000, "operatingIncome": -329900000, "totalOtherIncomeExpenseNet": -475100000, "ebit": -329900000, "interestExpense": -618200000, "incomeBeforeTax": -805000000, "incomeTaxExpense": 62700000, "minorityInterest": 647900000, "netIncomeFromContinuingOps": -867700000, "discontinuedOperations": {}, "extraordinaryItems": {}, "effectOfAccountingCharges": {}, "otherItems": {}, "netIncome": -873400000, "netIncomeApplicableToCommonShares": -873400000}], "maxAge": 86400}, "cashflowStatementHistoryQuarterly": {"cashflowStatements": [{"maxAge": 1, "endDate": "2020-03-31", "netIncome": 765684000, "changeToLiabilities": 0}, {"maxAge": 1, "endDate": "2019-12-31", "netIncome": 412400000, "changeToLiabilities": 0}, {"maxAge": 1, "endDate": "2019-09-30", "netIncome": -1340000000, "changeToLiabilities": 0}, {"maxAge": 1, "endDate": "2019-06-30", "netIncome": -873400000, "changeToLiabilities": 0}], "maxAge": 86400}, "insiderHolders": {"holders": [{"maxAge": 1, "name": "Bhandari (Mohan Harakchand)", "relation": "Executive Chairman", "url": "", "transactionDescription": "Acquisition", "latestTransDate": "2011-12-30", "positionDirect": 6253489, "positionDirectDate": "2011-12-30"}, {"maxAge": 1, "name": "Bhandari (Nutan Mohan)", "relation": "Promoter", "url": "", "transactionDescription": "Sale", "latestTransDate": "2011-11-15", "positionDirect": 1425122, "positionDirectDate": "2011-11-15"}, {"maxAge": 1, "name": "Taparia (Rajendra Bhagirath)", "relation": "Director", "url": "", "transactionDescription": "Sale", "latestTransDate": "2009-12-09", "positionDirect": 271051, "positionDirectDate": "2009-12-09"}], "maxAge": 1}, "earnings": {"maxAge": 86400, "earningsChart": {"quarterly": [], "earningsDate": ["2020-11-14 05:30:S", "2020-11-15 05:30:S"]}, "financialsChart": {"yearly": [{"date": 2017, "revenue": 26329227000, "earnings": -845386000}, {"date": 2018, "revenue": 27784445000, "earnings": -2011362000}, {"date": 2019, "revenue": 29970111000, "earnings": -4550846000}, {"date": 2020, "revenue": 18270091000, "earnings": -1035316000}], "quarterly": [{"date": "2Q2019", "revenue": 7008400000, "earnings": -873400000}, {"date": "3Q2019", "revenue": 6734300000, "earnings": -1340000000}, {"date": "4Q2019", "revenue": 3325700000, "earnings": 412400000}, {"date": "1Q2020", "revenue": 1201691000, "earnings": 765684000}]}, "financialCurrency": "INR"}, "calendarEvents": {"maxAge": 1, "earnings": {"earningsDate": ["2020-11-14 05:30:S", "2020-11-15 05:30:S"]}}, "upgradeDowngradeHistory": {"history": [], "maxAge": 86400}, "price": {"maxAge": 1, "regularMarketChangePercent": -0.018656718, "regularMarketChange": -1.0, "regularMarketTime": "2021-04-30 15:29:56", "priceHint": 2, "regularMarketPrice": 52.6, "regularMarketDayHigh": 54.0, "regularMarketDayLow": 52.0, "regularMarketVolume": 41009, "averageDailyVolume10Day": 164929, "averageDailyVolume3Month": 44634, "regularMarketPreviousClose": 53.6, "regularMarketSource": "FREE_REALTIME", "regularMarketOpen": 52.15, "exchange": "BSE", "exchangeName": "BSE", "exchangeDataDelayedBy": 0, "marketState": "CLOSED", "quoteType": "EQUITY", "symbol": "BI.BO", "underlyingSymbol": null, "shortName": "BILCARE LTD.", "longName": "Bilcare Limited", "currency": "INR", "quoteSourceName": "Delayed Quote", "currencySymbol": "\u20b9", "fromCurrency": null, "lastMarket": null, "marketCap": 1238477440}, "balanceSheetHistory": {"balanceSheetStatements": [{"maxAge": 1, "endDate": "2020-03-31", "cash": 412651000, "shortTermInvestments": 229348000, "netReceivables": 2001377000, "inventory": 769740000, "otherCurrentAssets": 232894000, "totalCurrentAssets": 3651904000, "longTermInvestments": 5100000, "propertyPlantEquipment": 5086958000, "intangibleAssets": 252895000, "otherAssets": 2118692000, "deferredLongTermAssetCharges": 889927000, "totalAssets": 11115549000, "accountsPayable": 959650000, "otherCurrentLiab": 517212000, "longTermDebt": 5588352000, "otherLiab": 653185000, "minorityInterest": 678819000, "totalCurrentLiabilities": 3112302000, "totalLiab": 9353839000, "commonStock": 235452000, "retainedEarnings": -4958737000, "treasuryStock": 702736000, "capitalSurplus": 5103440000, "otherStockholderEquity": 702736000, "totalStockholderEquity": 1082891000, "netTangibleAssets": 829996000}, {"maxAge": 1, "endDate": "2019-03-31", "cash": 758763000, "shortTermInvestments": 152364000, "netReceivables": 3303471000, "inventory": 3693050000, "otherCurrentAssets": 153076000, "totalCurrentAssets": 8821686000, "longTermInvestments": 8138000, "propertyPlantEquipment": 16815006000, "goodWill": 3594094000, "intangibleAssets": 426815000, "otherAssets": 1927726000, "deferredLongTermAssetCharges": 718796000, "totalAssets": 31593465000, "accountsPayable": 3202161000, "otherCurrentLiab": 1100910000, "longTermDebt": 7143719000, "otherLiab": 3506042000, "minorityInterest": 640229000, "totalCurrentLiabilities": 20691282000, "totalLiab": 31651588000, "commonStock": 235452000, "retainedEarnings": -7879510000, "treasuryStock": 1842265000, "capitalSurplus": 5103441000, "otherStockholderEquity": 1842265000, "totalStockholderEquity": -698352000, "netTangibleAssets": -4719261000}, {"maxAge": 1, "endDate": "2018-03-31", "cash": 767340000, "shortTermInvestments": 232702000, "netReceivables": 3141071000, "inventory": 3728676000, "otherCurrentAssets": 150277000, "totalCurrentAssets": 9327890000, "longTermInvestments": 22641000, "propertyPlantEquipment": 19265454000, "goodWill": 3689598000, "intangibleAssets": 533187000, "otherAssets": 1946867000, "deferredLongTermAssetCharges": 768733000, "totalAssets": 34785637000, "accountsPayable": 4255926000, "otherCurrentLiab": 957821000, "longTermDebt": 7019062000, "otherLiab": 2962092000, "minorityInterest": 633950000, "totalCurrentLiabilities": 19781299000, "totalLiab": 30152912000, "commonStock": 235452000, "retainedEarnings": -3133992000, "treasuryStock": 1793874000, "capitalSurplus": 5103441000, "otherStockholderEquity": 1793874000, "totalStockholderEquity": 3998775000, "netTangibleAssets": -224010000}, {"maxAge": 1, "endDate": "2017-03-31", "cash": 896949000, "shortTermInvestments": 342463000, "netReceivables": 2275981000, "inventory": 3308362000, "otherCurrentAssets": 182579000, "totalCurrentAssets": 7884143000, "longTermInvestments": 7810000, "propertyPlantEquipment": 21713087000, "goodWill": 3219705000, "intangibleAssets": 582275000, "otherAssets": 1657512000, "deferredLongTermAssetCharges": 493097000, "totalAssets": 35064532000, "accountsPayable": 3182772000, "otherCurrentLiab": 912657000, "longTermDebt": 17552934000, "otherLiab": 2839865000, "minorityInterest": 624763000, "totalCurrentLiabilities": 7452269000, "totalLiab": 28304196000, "commonStock": 235452000, "retainedEarnings": -953995000, "treasuryStock": 1750675000, "capitalSurplus": 5103441000, "otherStockholderEquity": 1750675000, "totalStockholderEquity": 6135573000, "netTangibleAssets": 2333593000}], "maxAge": 86400}, "earningsTrend": {"trend": [{"maxAge": 1, "period": "0q", "endDate": null, "growth": {}, "earningsEstimate": {"avg": 0.0, "low": 0.0, "high": 0.0, "yearAgoEps": {}, "numberOfAnalysts": 0, "growth": {}}, "revenueEstimate": {"avg": 0, "low": 0, "high": 0, "numberOfAnalysts": 0, "yearAgoRevenue": {}, "growth": {}}, "epsTrend": {"current": 0.0, "7daysAgo": 0.0, "30daysAgo": 0.0, "60daysAgo": 0.0, "90daysAgo": 0.0}, "epsRevisions": {"upLast7days": 0, "upLast30days": 0, "downLast30days": 0, "downLast90days": {}}}, {"maxAge": 1, "period": "+1q", "endDate": null, "growth": {}, "earningsEstimate": {"avg": 0.0, "low": 0.0, "high": 0.0, "yearAgoEps": {}, "numberOfAnalysts": 0, "growth": {}}, "revenueEstimate": {"avg": 0, "low": 0, "high": 0, "numberOfAnalysts": 0, "yearAgoRevenue": {}, "growth": {}}, "epsTrend": {"current": 0.0, "7daysAgo": 0.0, "30daysAgo": 0.0, "60daysAgo": 0.0, "90daysAgo": 0.0}, "epsRevisions": {"upLast7days": 0, "upLast30days": 0, "downLast30days": 0, "downLast90days": {}}}, {"maxAge": 1, "period": "0y", "endDate": null, "growth": {}, "earningsEstimate": {"avg": 0.0, "low": 0.0, "high": 0.0, "yearAgoEps": {}, "numberOfAnalysts": 0, "growth": {}}, "revenueEstimate": {"avg": 0, "low": 0, "high": 0, "numberOfAnalysts": 0, "yearAgoRevenue": {}, "growth": {}}, "epsTrend": {"current": 0.0, "7daysAgo": 0.0, "30daysAgo": 0.0, "60daysAgo": 0.0, "90daysAgo": 0.0}, "epsRevisions": {"upLast7days": 0, "upLast30days": 0, "downLast30days": 0, "downLast90days": {}}}, {"maxAge": 1, "period": "+1y", "endDate": null, "growth": {}, "earningsEstimate": {"avg": 0.0, "low": 0.0, "high": 0.0, "yearAgoEps": {}, "numberOfAnalysts": 0, "growth": {}}, "revenueEstimate": {"avg": 0, "low": 0, "high": 0, "numberOfAnalysts": 0, "yearAgoRevenue": {}, "growth": {}}, "epsTrend": {"current": 0.0, "7daysAgo": 0.0, "30daysAgo": 0.0, "60daysAgo": 0.0, "90daysAgo": 0.0}, "epsRevisions": {"upLast7days": 0, "upLast30days": 0, "downLast30days": 0, "downLast90days": {}}}, {"maxAge": 1, "period": "+5y", "endDate": null, "growth": {}, "earningsEstimate": {"avg": {}, "low": {}, "high": {}, "yearAgoEps": {}, "numberOfAnalysts": {}, "growth": {}}, "revenueEstimate": {"avg": {}, "low": {}, "high": {}, "numberOfAnalysts": {}, "yearAgoRevenue": {}, "growth": {}}, "epsTrend": {"current": {}, "7daysAgo": {}, "30daysAgo": {}, "60daysAgo": {}, "90daysAgo": {}}, "epsRevisions": {"upLast7days": {}, "upLast30days": {}, "downLast30days": {}, "downLast90days": {}}}, {"maxAge": 1, "period": "-5y", "endDate": null, "growth": {}, "earningsEstimate": {"avg": {}, "low": {}, "high": {}, "yearAgoEps": {}, "numberOfAnalysts": {}, "growth": {}}, "revenueEstimate": {"avg": {}, "low": {}, "high": {}, "numberOfAnalysts": {}, "yearAgoRevenue": {}, "growth": {}}, "epsTrend": {"current": {}, "7daysAgo": {}, "30daysAgo": {}, "60daysAgo": {}, "90daysAgo": {}}, "epsRevisions": {"upLast7days": {}, "upLast30days": {}, "downLast30days": {}, "downLast90days": {}}}], "maxAge": 1}, "financialData": {"maxAge": 86400, "currentPrice": 52.6, "targetHighPrice": 245.0, "targetLowPrice": 245.0, "targetMeanPrice": 245.0, "targetMedianPrice": 245.0, "recommendationKey": "none", "numberOfAnalystOpinions": 1, "grossProfits": 8254578000, "financialCurrency": "INR"}}}