{"BIBCL.BO": {"cashflowStatementHistory": {"cashflowStatements": [{"maxAge": 1, "endDate": "2020-03-31", "netIncome": -102113000, "changeToLiabilities": 0}, {"maxAge": 1, "endDate": "2019-03-31", "netIncome": -57931000, "depreciation": 2760000, "changeToNetincome": -18193000, "changeToAccountReceivables": -570276000, "changeToLiabilities": 423822000, "changeToInventory": -127176000, "changeToOperatingActivities": 26036000, "totalCashFromOperatingActivities": -320958000, "capitalExpenditures": -251000, "otherCashflowsFromInvestingActivities": 7233000, "totalCashflowsFromInvestingActivities": 6982000, "netBorrowings": 322223000, "otherCashflowsFromFinancingActivities": -15149000, "totalCashFromFinancingActivities": 307074000, "changeInCash": -7898000}, {"maxAge": 1, "endDate": "2018-03-31", "netIncome": -42618000, "depreciation": 4136000, "changeToNetincome": -39281000, "changeToAccountReceivables": -94903000, "changeToLiabilities": 5359000, "changeToInventory": -13502000, "changeToOperatingActivities": 206052000, "totalCashFromOperatingActivities": 25243000, "capitalExpenditures": -22000, "otherCashflowsFromInvestingActivities": 9656000, "totalCashflowsFromInvestingActivities": 9634000, "netBorrowings": -626000, "otherCashflowsFromFinancingActivities": -7268000, "totalCashFromFinancingActivities": -7894000, "changeInCash": 8875000}, {"maxAge": 1, "endDate": "2017-03-31", "netIncome": 65104000, "depreciation": 5757000, "changeToNetincome": 69926000, "changeToAccountReceivables": 66224000, "changeToLiabilities": -73119000, "changeToInventory": 221029000, "changeToOperatingActivities": -524875000, "totalCashFromOperatingActivities": -169954000, "capitalExpenditures": -4420000, "otherCashflowsFromInvestingActivities": 9374000, "totalCashflowsFromInvestingActivities": 4954000, "netBorrowings": -626000, "otherCashflowsFromFinancingActivities": -33306000, "totalCashFromFinancingActivities": -33306000, "changeInCash": -198307000}], "maxAge": 86400}, "institutionOwnership": {"ownershipList": [], "maxAge": 1}, "balanceSheetHistoryQuarterly": {"balanceSheetStatements": [{"maxAge": 1, "endDate": "2020-06-30", "totalStockholderEquity": 204738000, "netTangibleAssets": 204738000}, {"maxAge": 1, "endDate": "2020-03-31", "cash": 120984000, "netReceivables": 176138000, "inventory": 517189000, "otherCurrentAssets": 115890000, "totalCurrentAssets": 930201000, "longTermInvestments": 136332000, "propertyPlantEquipment": 46844000, "otherAssets": 154921000, "deferredLongTermAssetCharges": 139975000, "totalAssets": 1268298000, "accountsPayable": 435315000, "otherCurrentLiab": 532585000, "otherLiab": 56485000, "totalCurrentLiabilities": 1007075000, "totalLiab": 1063560000, "commonStock": 431800000, "retainedEarnings": -227062000, "totalStockholderEquity": 204738000, "netTangibleAssets": 204738000}, {"maxAge": 1, "endDate": "2019-12-31", "totalStockholderEquity": 216911000, "netTangibleAssets": 216911000}, {"maxAge": 1, "endDate": "2019-09-30", "cash": 121781000, "netReceivables": 149606000, "inventory": 459709000, "otherCurrentAssets": 91979000, "totalCurrentAssets": 823075000, "longTermInvestments": 155415000, "propertyPlantEquipment": 47898000, "otherAssets": 118642000, "deferredLongTermAssetCharges": 101122000, "totalAssets": 1145030000, "accountsPayable": 326889000, "otherCurrentLiab": 99164000, "otherLiab": 96883000, "totalCurrentLiabilities": 831236000, "totalLiab": 928119000, "commonStock": 431800000, "retainedEarnings": -214889000, "totalStockholderEquity": 216911000, "netTangibleAssets": 216911000}], "maxAge": 86400}, "indexTrend": {"maxAge": 1, "symbol": "SP5", "peRatio": 19.7411, "pegRatio": 1.34172, "estimates": [{"period": "0q", "growth": 0.549}, {"period": "+1q", "growth": 0.431}, {"period": "0y", "growth": 0.305}, {"period": "+1y", "growth": 0.109}, {"period": "+5y", "growth": 0.120859005}, {"period": "-5y"}]}, "quoteType": {"exchange": "BSE", "quoteType": "EQUITY", "symbol": "BIBCL.BO", "underlyingSymbol": "BIBCL.BO", "shortName": "BHARAT IMMUNOLOGICALS & BIOLOG", "longName": "Bharat Immunologicals & Biologicals Corporation Limited", "firstTradeDateEpochUtc": "2000-10-04 09:15:00", "timeZoneFullName": "Asia/Kolkata", "timeZoneShortName": "IST", "uuid": "af1a8493-6d21-31d3-a0e2-4ee2bc706ca6", "gmtOffSetMilliseconds": 19800000, "maxAge": 1}, "incomeStatementHistory": {"incomeStatementHistory": [{"maxAge": 1, "endDate": "2020-03-31", "totalRevenue": 668365000, "costOfRevenue": 559627000, "grossProfit": 108738000, "researchDevelopment": {}, "sellingGeneralAdministrative": 113725000, "nonRecurring": {}, "otherOperatingExpenses": 99099000, "totalOperatingExpenses": 774818000, "operatingIncome": -106453000, "totalOtherIncomeExpenseNet": -35579000, "ebit": -106453000, "interestExpense": -47417000, "incomeBeforeTax": -142032000, "incomeTaxExpense": -39919000, "minorityInterest": {}, "netIncomeFromContinuingOps": -102113000, "discontinuedOperations": {}, "extraordinaryItems": {}, "effectOfAccountingCharges": {}, "otherItems": {}, "netIncome": -102113000, "netIncomeApplicableToCommonShares": -102113000}, {"maxAge": 1, "endDate": "2019-03-31", "totalRevenue": 836456000, "costOfRevenue": 707376000, "grossProfit": 129080000, "researchDevelopment": {}, "sellingGeneralAdministrative": 97864000, "nonRecurring": {}, "otherOperatingExpenses": 124399000, "totalOperatingExpenses": 932399000, "operatingIncome": -95943000, "totalOtherIncomeExpenseNet": 22208000, "ebit": -95943000, "interestExpense": -14573000, "incomeBeforeTax": -73735000, "incomeTaxExpense": -15804000, "minorityInterest": {}, "netIncomeFromContinuingOps": -57931000, "discontinuedOperations": {}, "extraordinaryItems": {}, "effectOfAccountingCharges": {}, "otherItems": {}, "netIncome": -57931000, "netIncomeApplicableToCommonShares": -57931000}, {"maxAge": 1, "endDate": "2018-03-31", "totalRevenue": 347988000, "costOfRevenue": 269745000, "grossProfit": 78243000, "researchDevelopment": {}, "sellingGeneralAdministrative": 103068000, "nonRecurring": {}, "otherOperatingExpenses": 53295000, "totalOperatingExpenses": 430244000, "operatingIncome": -82256000, "totalOtherIncomeExpenseNet": 2667000, "ebit": -82256000, "interestExpense": -7268000, "incomeBeforeTax": -79589000, "incomeTaxExpense": -36971000, "minorityInterest": {}, "netIncomeFromContinuingOps": -42618000, "discontinuedOperations": {}, "extraordinaryItems": {}, "effectOfAccountingCharges": {}, "otherItems": {}, "netIncome": -42618000, "netIncomeApplicableToCommonShares": -42618000}, {"maxAge": 1, "endDate": "2017-03-31", "totalRevenue": 1241851000, "costOfRevenue": 901445000, "grossProfit": 340406000, "researchDevelopment": {}, "sellingGeneralAdministrative": 102110000, "nonRecurring": {}, "otherOperatingExpenses": 114662000, "totalOperatingExpenses": 1123974000, "operatingIncome": 117877000, "totalOtherIncomeExpenseNet": -25649000, "ebit": 117877000, "interestExpense": -27069000, "incomeBeforeTax": 92228000, "incomeTaxExpense": 27124000, "minorityInterest": {}, "netIncomeFromContinuingOps": 65104000, "discontinuedOperations": {}, "extraordinaryItems": {}, "effectOfAccountingCharges": {}, "otherItems": {}, "netIncome": 65104000, "netIncomeApplicableToCommonShares": 65104000}], "maxAge": 86400}, "fundOwnership": {"ownershipList": [], "maxAge": 1}, "summaryDetail": {"maxAge": 1, "priceHint": 2, "previousClose": 45.35, "open": 46.25, "dayLow": 46.25, "dayHigh": 46.25, "regularMarketPreviousClose": 45.35, "regularMarketOpen": 46.25, "regularMarketDayLow": 46.25, "regularMarketDayHigh": 46.25, "volume": 60979, "regularMarketVolume": 60979, "averageVolume": 202876, "averageVolume10days": 264379, "averageDailyVolume10Day": 264379, "bid": 0.0, "ask": 42.9, "bidSize": 0, "askSize": 0, "marketCap": 1997074944, "fiftyTwoWeekLow": 5.41, "fiftyTwoWeekHigh": 76.35, "fiftyDayAverage": 56.978786, "twoHundredDayAverage": 38.035664, "currency": "INR", "fromCurrency": null, "lastMarket": null, "algorithm": null, "tradeable": false}, "incomeStatementHistoryQuarterly": {"incomeStatementHistory": [{"maxAge": 1, "endDate": "2020-06-30", "totalRevenue": 191529000, "costOfRevenue": 138051000, "grossProfit": 53478000, "researchDevelopment": {}, "sellingGeneralAdministrative": 15849000, "nonRecurring": {}, "otherOperatingExpenses": 31345000, "totalOperatingExpenses": 185837000, "operatingIncome": 5692000, "totalOtherIncomeExpenseNet": -16727000, "ebit": 5692000, "interestExpense": -10910000, "incomeBeforeTax": -11035000, "incomeTaxExpense": -3190000, "minorityInterest": {}, "netIncomeFromContinuingOps": -7845000, "discontinuedOperations": {}, "extraordinaryItems": {}, "effectOfAccountingCharges": {}, "otherItems": {}, "netIncome": -7845000, "netIncomeApplicableToCommonShares": -7845000}, {"maxAge": 1, "endDate": "2020-03-31", "totalRevenue": 232511000, "costOfRevenue": 143349000, "grossProfit": 89162000, "researchDevelopment": {}, "sellingGeneralAdministrative": 35861000, "nonRecurring": {}, "otherOperatingExpenses": 12990000, "totalOperatingExpenses": 191377000, "operatingIncome": 41134000, "totalOtherIncomeExpenseNet": -22934000, "ebit": 41134000, "interestExpense": -9874000, "incomeBeforeTax": 18200000, "incomeTaxExpense": -19447000, "minorityInterest": {}, "netIncomeFromContinuingOps": 37647000, "discontinuedOperations": {}, "extraordinaryItems": {}, "effectOfAccountingCharges": {}, "otherItems": {}, "netIncome": 37647000, "netIncomeApplicableToCommonShares": 37647000}, {"maxAge": 1, "endDate": "2019-12-31", "totalRevenue": 284843000, "costOfRevenue": 243532000, "grossProfit": 41311000, "researchDevelopment": {}, "sellingGeneralAdministrative": 26779000, "nonRecurring": {}, "otherOperatingExpenses": 34647000, "totalOperatingExpenses": 305532000, "operatingIncome": -20689000, "totalOtherIncomeExpenseNet": -11340000, "ebit": -20689000, "interestExpense": -16046000, "incomeBeforeTax": -32029000, "incomeTaxExpense": -8527000, "minorityInterest": {}, "netIncomeFromContinuingOps": -23502000, "discontinuedOperations": {}, "extraordinaryItems": {}, "effectOfAccountingCharges": {}, "otherItems": {}, "netIncome": -23502000, "netIncomeApplicableToCommonShares": -23502000}, {"maxAge": 1, "endDate": "2019-09-30", "totalRevenue": 81013000, "costOfRevenue": 102376000, "grossProfit": -21363000, "researchDevelopment": {}, "sellingGeneralAdministrative": 25514000, "nonRecurring": {}, "otherOperatingExpenses": 20052000, "totalOperatingExpenses": 148518000, "operatingIncome": -67505000, "totalOtherIncomeExpenseNet": -10723000, "ebit": -67505000, "interestExpense": -12468000, "incomeBeforeTax": -78228000, "incomeTaxExpense": -21637000, "minorityInterest": {}, "netIncomeFromContinuingOps": -56591000, "discontinuedOperations": {}, "extraordinaryItems": {}, "effectOfAccountingCharges": {}, "otherItems": {}, "netIncome": -56591000, "netIncomeApplicableToCommonShares": -56591000}], "maxAge": 86400}, "cashflowStatementHistoryQuarterly": {"cashflowStatements": [{"maxAge": 1, "endDate": "2020-06-30", "netIncome": -7845000, "changeToLiabilities": 0}, {"maxAge": 1, "endDate": "2020-03-31", "netIncome": 37647000, "changeToLiabilities": 0}, {"maxAge": 1, "endDate": "2019-12-31", "netIncome": -23502000, "changeToLiabilities": 0}, {"maxAge": 1, "endDate": "2019-09-30", "netIncome": -56591000, "changeToLiabilities": 0}], "maxAge": 86400}, "insiderHolders": {"holders": [], "maxAge": 1}, "calendarEvents": {"maxAge": 1, "earnings": {"earningsDate": ["2020-02-01 05:30:S", "2020-02-03 05:30:S"]}}, "upgradeDowngradeHistory": {"history": [], "maxAge": 86400}, "price": {"maxAge": 1, "regularMarketChangePercent": 0.01984568, "regularMarketChange": 0.9000015, "regularMarketTime": "2021-04-30 15:27:27", "priceHint": 2, "regularMarketPrice": 46.25, "regularMarketDayHigh": 46.25, "regularMarketDayLow": 46.25, "regularMarketVolume": 60979, "averageDailyVolume10Day": 264379, "averageDailyVolume3Month": 202876, "regularMarketPreviousClose": 45.35, "regularMarketSource": "FREE_REALTIME", "regularMarketOpen": 46.25, "exchange": "BSE", "exchangeName": "BSE", "exchangeDataDelayedBy": 0, "marketState": "CLOSED", "quoteType": "EQUITY", "symbol": "BIBCL.BO", "underlyingSymbol": null, "shortName": "BHARAT IMMUNOLOGICALS & BIOLOG", "longName": "Bharat Immunologicals & Biologicals Corporation Limited", "currency": "INR", "quoteSourceName": "Delayed Quote", "currencySymbol": "\u20b9", "fromCurrency": null, "lastMarket": null, "marketCap": 1997074944}, "balanceSheetHistory": {"balanceSheetStatements": [{"maxAge": 1, "endDate": "2020-03-31", "cash": 120984000, "netReceivables": 176138000, "inventory": 517189000, "otherCurrentAssets": 115890000, "totalCurrentAssets": 930201000, "longTermInvestments": 136332000, "propertyPlantEquipment": 46844000, "otherAssets": 154921000, "deferredLongTermAssetCharges": 139975000, "totalAssets": 1268298000, "accountsPayable": 435315000, "otherCurrentLiab": 532585000, "otherLiab": 56485000, "totalCurrentLiabilities": 1007075000, "totalLiab": 1063560000, "commonStock": 431800000, "retainedEarnings": -227062000, "totalStockholderEquity": 204738000, "netTangibleAssets": 204738000}, {"maxAge": 1, "endDate": "2019-03-31", "cash": 4078000, "shortTermInvestments": 21007000, "netReceivables": 734236000, "inventory": 144392000, "otherCurrentAssets": 83605000, "totalCurrentAssets": 987353000, "longTermInvestments": 83554000, "propertyPlantEquipment": 49209000, "otherAssets": 129486000, "deferredLongTermAssetCharges": 100085000, "totalAssets": 1249602000, "accountsPayable": 441843000, "otherCurrentLiab": 110606000, "otherLiab": 58074000, "totalCurrentLiabilities": 884754000, "totalLiab": 942828000, "commonStock": 431800000, "retainedEarnings": -125026000, "totalStockholderEquity": 306774000, "netTangibleAssets": 306774000}, {"maxAge": 1, "endDate": "2018-03-31", "cash": 11977000, "shortTermInvestments": 134271000, "netReceivables": 163157000, "inventory": 17217000, "otherCurrentAssets": 55152000, "totalCurrentAssets": 382000000, "longTermInvestments": 8778000, "propertyPlantEquipment": 51718000, "otherAssets": 91533000, "deferredLongTermAssetCharges": 79329000, "totalAssets": 534029000, "accountsPayable": 4180000, "otherCurrentLiab": 113765000, "otherLiab": 33828000, "totalCurrentLiabilities": 125252000, "totalLiab": 159080000, "commonStock": 431800000, "retainedEarnings": -56851000, "totalStockholderEquity": 374949000, "netTangibleAssets": 374949000}, {"maxAge": 1, "endDate": "2017-03-31", "cash": 3102000, "shortTermInvestments": 328480000, "netReceivables": 71548000, "inventory": 3715000, "otherCurrentAssets": 60781000, "totalCurrentAssets": 467855000, "longTermInvestments": 11188000, "propertyPlantEquipment": 55833000, "otherAssets": 54107000, "deferredLongTermAssetCharges": 42387000, "totalAssets": 588983000, "accountsPayable": 2874000, "otherCurrentLiab": 133742000, "otherLiab": 30127000, "totalCurrentLiabilities": 141339000, "totalLiab": 171466000, "commonStock": 431800000, "retainedEarnings": -14283000, "totalStockholderEquity": 417517000, "netTangibleAssets": 417517000}], "maxAge": 86400}, "financialData": {"maxAge": 86400, "currentPrice": 46.25, "recommendationKey": "none", "grossProfits": 108738000, "financialCurrency": "INR"}}}