{"BIGBLOC.BO": {"recommendationTrend": {"trend": [{"period": "0m", "strongBuy": 0, "buy": 0, "hold": 0, "sell": 0, "strongSell": 0}, {"period": "-1m", "strongBuy": 0, "buy": 0, "hold": 0, "sell": 0, "strongSell": 0}, {"period": "-2m", "strongBuy": 0, "buy": 0, "hold": 0, "sell": 0, "strongSell": 0}, {"period": "-3m", "strongBuy": 0, "buy": 0, "hold": 0, "sell": 0, "strongSell": 0}], "maxAge": 86400}, "cashflowStatementHistory": {"cashflowStatements": [{"maxAge": 1, "endDate": "2020-03-31", "netIncome": 24590041, "depreciation": 47485973, "changeToNetincome": -22949577, "changeToAccountReceivables": 3298899, "changeToLiabilities": 18247186, "changeToInventory": 6393531, "changeToOperatingActivities": -20937950, "totalCashFromOperatingActivities": 56349789, "capitalExpenditures": -82013387, "otherCashflowsFromInvestingActivities": 1446724, "totalCashflowsFromInvestingActivities": -78073761, "netBorrowings": 16657889, "otherCashflowsFromFinancingActivities": 2288755, "totalCashFromFinancingActivities": 18946644, "changeInCash": -2777328}, {"maxAge": 1, "endDate": "2019-03-31", "netIncome": -13993604, "depreciation": 43679487, "changeToNetincome": -12811351, "changeToAccountReceivables": -31292469, "changeToLiabilities": 66998778, "changeToInventory": -4551653, "changeToOperatingActivities": -6970094, "totalCashFromOperatingActivities": 41268780, "capitalExpenditures": -42025172, "investments": -27500, "otherCashflowsFromInvestingActivities": 700189, "totalCashflowsFromInvestingActivities": 21970705, "dividendsPaid": -3539394, "netBorrowings": -90180007, "otherCashflowsFromFinancingActivities": 17836206, "totalCashFromFinancingActivities": -75883195, "changeInCash": -12643710}, {"maxAge": 1, "endDate": "2018-03-31", "netIncome": 39973874, "depreciation": 29506160, "changeToNetincome": 11696940, "changeToAccountReceivables": -7972989, "changeToLiabilities": -5925262, "changeToInventory": -20674375, "changeToOperatingActivities": 7799377, "totalCashFromOperatingActivities": 54555531, "capitalExpenditures": -55744054, "investments": -27500, "otherCashflowsFromInvestingActivities": 2002788, "totalCashflowsFromInvestingActivities": -117184750, "dividendsPaid": -3539394, "netBorrowings": 1550102, "otherCashflowsFromFinancingActivities": 63773556, "totalCashFromFinancingActivities": 61784264, "changeInCash": -844955}, {"maxAge": 1, "endDate": "2017-03-31", "netIncome": 29260843, "depreciation": 24440549, "changeToNetincome": 14738332, "changeToAccountReceivables": -25362399, "changeToLiabilities": 15221736, "changeToInventory": -4169161, "changeToOperatingActivities": -5943328, "totalCashFromOperatingActivities": 48186572, "capitalExpenditures": -48102664, "investments": -27500, "otherCashflowsFromInvestingActivities": 256244, "totalCashflowsFromInvestingActivities": -47929420, "dividendsPaid": -6370909, "netBorrowings": 11098571, "otherCashflowsFromFinancingActivities": -3102472, "totalCashFromFinancingActivities": 1625190, "changeInCash": 1882341}], "maxAge": 86400}, "institutionOwnership": {"maxAge": 1, "ownershipList": []}, "balanceSheetHistoryQuarterly": {"balanceSheetStatements": [{"maxAge": 1, "endDate": "2020-06-30", "totalStockholderEquity": 298613000, "netTangibleAssets": 244493000}, {"maxAge": 1, "endDate": "2020-03-31", "cash": 2912545, "netReceivables": 244907621, "inventory": 68605505, "otherCurrentAssets": 59144842, "totalCurrentAssets": 375570513, "longTermInvestments": 287500, "propertyPlantEquipment": 623721562, "goodWill": 53909182, "intangibleAssets": 210689, "otherAssets": 8886257, "totalAssets": 1062585703, "accountsPayable": 172983522, "shortLongTermDebt": 25168211, "otherCurrentLiab": 4494072, "longTermDebt": 278677472, "otherLiab": 29596916, "totalCurrentLiabilities": 455698514, "totalLiab": 763972902, "commonStock": 141575750, "retainedEarnings": 75770051, "treasuryStock": 22500000, "capitalSurplus": 58767000, "otherStockholderEquity": 22500000, "totalStockholderEquity": 298612801, "netTangibleAssets": 244492930}, {"maxAge": 1, "endDate": "2019-12-31", "totalStockholderEquity": 281981000, "netTangibleAssets": 227748000}, {"maxAge": 1, "endDate": "2019-09-30", "cash": 7859000, "netReceivables": 247624000, "inventory": 61500000, "otherCurrentAssets": 60518000, "totalCurrentAssets": 377501000, "longTermInvestments": 288000, "propertyPlantEquipment": 575816000, "goodWill": 53909000, "intangibleAssets": 324000, "otherAssets": 9022000, "totalAssets": 1016860000, "accountsPayable": 168682000, "shortLongTermDebt": 46753000, "otherCurrentLiab": 23527000, "longTermDebt": 154355000, "otherLiab": 40211000, "totalCurrentLiabilities": 540313000, "totalLiab": 734879000, "commonStock": 141576000, "treasuryStock": 140405000, "otherStockholderEquity": 140405000, "totalStockholderEquity": 281981000, "netTangibleAssets": 227748000}], "maxAge": 86400}, "earningsHistory": {"history": [{"maxAge": 1, "epsActual": {}, "epsEstimate": {}, "epsDifference": {}, "surprisePercent": {}, "quarter": {}, "period": "-4q"}, {"maxAge": 1, "epsActual": 0.88, "epsEstimate": 0.36, "epsDifference": 0.52, "surprisePercent": 1.4439999, "quarter": "2017-09-30", "period": "-3q"}, {"maxAge": 1, "epsActual": 0.89, "epsEstimate": 0.6, "epsDifference": 0.29, "surprisePercent": 0.48299998, "quarter": "2017-12-31", "period": "-2q"}, {"maxAge": 1, "epsActual": 0.37, "epsEstimate": 0.78, "epsDifference": -0.41, "surprisePercent": -0.52599996, "quarter": "2018-03-31", "period": "-1q"}], "maxAge": 86400}, "indexTrend": {"maxAge": 1, "symbol": "SP5", "peRatio": 19.7411, "pegRatio": 1.34172, "estimates": [{"period": "0q", "growth": 0.549}, {"period": "+1q", "growth": 0.431}, {"period": "0y", "growth": 0.305}, {"period": "+1y", "growth": 0.109}, {"period": "+5y", "growth": 0.120865}, {"period": "-5y"}]}, "industryTrend": {"maxAge": 1, "symbol": null, "estimates": []}, "insiderTransactions": {"transactions": [{"maxAge": 1, "shares": 1607, "value": 1215, "filerUrl": "", "transactionText": "Acquisition at price 0.76 per share.", "filerName": "Saboo (Narayan Sitaram) HUF", "filerRelation": "Promoter", "moneyText": "", "startDate": "2020-09-30", "ownership": "D"}, {"maxAge": 1, "shares": 15102, "value": 10903, "filerUrl": "", "transactionText": "Acquisition at price 0.72 per share.", "filerName": "Saboo (Narayan Sitaram) HUF", "filerRelation": "Promoter", "moneyText": "", "startDate": "2020-09-28", "ownership": "D"}, {"maxAge": 1, "shares": 700, "value": 503, "filerUrl": "", "transactionText": "Acquisition at price 0.72 per share.", "filerName": "Saboo (Narayan Sitaram) HUF", "filerRelation": "Promoter", "moneyText": "", "startDate": "2020-09-25", "ownership": "D"}, {"maxAge": 1, "shares": 2210, "value": 1576, "filerUrl": "", "transactionText": "Acquisition at price 0.71 per share.", "filerName": "Saboo (Narayan Sitaram) HUF", "filerRelation": "Promoter", "moneyText": "", "startDate": "2020-09-25", "ownership": "D"}, {"maxAge": 1, "shares": 6668, "value": 4655, "filerUrl": "", "transactionText": "Acquisition at price 0.70 per share.", "filerName": "Saboo (Narayan Sitaram) HUF", "filerRelation": "Promoter", "moneyText": "", "startDate": "2020-09-24", "ownership": "D"}, {"maxAge": 1, "shares": 500, "value": 347, "filerUrl": "", "transactionText": "Acquisition at price 0.70 per share.", "filerName": "Saboo (Narayan Sitaram) HUF", "filerRelation": "Promoter", "moneyText": "", "startDate": "2020-09-22", "ownership": "D"}, {"maxAge": 1, "shares": 2852, "value": 1978, "filerUrl": "", "transactionText": "Acquisition at price 0.69 per share.", "filerName": "Saboo (Narayan Sitaram) HUF", "filerRelation": "Promoter", "moneyText": "", "startDate": "2020-09-22", "ownership": "D"}, {"maxAge": 1, "shares": 852, "value": 592, "filerUrl": "", "transactionText": "Acquisition at price 0.69 per share.", "filerName": "Saboo (Narayan Sitaram) HUF", "filerRelation": "Promoter", "moneyText": "", "startDate": "2020-09-21", "ownership": "D"}, {"maxAge": 1, "shares": 13650, "value": 9340, "filerUrl": "", "transactionText": "Acquisition at price 0.68 per share.", "filerName": "Saboo (Narayan Sitaram) HUF", "filerRelation": "Promoter", "moneyText": "", "startDate": "2020-09-21", "ownership": "D"}, {"maxAge": 1, "shares": 360, "value": 248, "filerUrl": "", "transactionText": "Acquisition at price 0.69 per share.", "filerName": "Saboo (Narayan Sitaram) HUF", "filerRelation": "Promoter", "moneyText": "", "startDate": "2020-09-16", "ownership": "D"}, {"maxAge": 1, "shares": 5797, "value": 3830, "filerUrl": "", "transactionText": "Acquisition at price 0.66 per share.", "filerName": "Saboo (Narayan Sitaram) HUF", "filerRelation": "Promoter", "moneyText": "", "startDate": "2020-09-15", "ownership": "D"}, {"maxAge": 1, "shares": 4497, "value": 2811, "filerUrl": "", "transactionText": "Acquisition at price 0.63 per share.", "filerName": "Saboo (Narayan Sitaram) HUF", "filerRelation": "Promoter", "moneyText": "", "startDate": "2020-09-09", "ownership": "D"}, {"maxAge": 1, "shares": 12330, "value": 7777, "filerUrl": "", "transactionText": "Acquisition at price 0.63 per share.", "filerName": "Saboo (Narayan Sitaram) HUF", "filerRelation": "Promoter", "moneyText": "", "startDate": "2020-09-07", "ownership": "D"}, {"maxAge": 1, "shares": 0, "filerUrl": "", "transactionText": "", "filerName": "Saboo (Narayan Sitaram) HUF", "filerRelation": "Promoter", "moneyText": "", "startDate": "2020-09-05", "ownership": "I"}, {"maxAge": 1, "shares": 10000, "value": 6284, "filerUrl": "", "transactionText": "Acquisition at price 0.63 per share.", "filerName": "Saboo (Narayan Sitaram) HUF", "filerRelation": "Promoter", "moneyText": "", "startDate": "2020-09-03", "ownership": "D"}, {"maxAge": 1, "shares": 10611, "value": 6671, "filerUrl": "", "transactionText": "Acquisition at price 0.63 per share.", "filerName": "Saboo (Narayan Sitaram) HUF", "filerRelation": "Promoter", "moneyText": "", "startDate": "2020-08-31", "ownership": "D"}, {"maxAge": 1, "shares": 24547, "value": 12840, "filerUrl": "", "transactionText": "Acquisition at price 0.52 per share.", "filerName": "Saboo (Narayan Sitaram) HUF", "filerRelation": "Promoter", "moneyText": "", "startDate": "2020-08-17", "ownership": "D"}, {"maxAge": 1, "shares": 29179, "value": 15263, "filerUrl": "", "transactionText": "Acquisition at price 0.52 per share.", "filerName": "Saboo (Narayan Sitaram) HUF", "filerRelation": "Promoter", "moneyText": "", "startDate": "2020-08-13", "ownership": "D"}, {"maxAge": 1, "shares": 198905, "value": 107806, "filerUrl": "", "transactionText": "Acquisition at price 0.54 per share.", "filerName": "Saboo (Narayan Sitaram) HUF", "filerRelation": "Promoter", "moneyText": "", "startDate": "2020-08-10", "ownership": "D"}, {"maxAge": 1, "shares": 16362, "filerUrl": "", "transactionText": "", "filerName": "Saboo (Manish Narayan)", "filerRelation": "Additonal Director", "moneyText": "", "startDate": "2020-03-17", "ownership": "D"}, {"maxAge": 1, "shares": 6400, "filerUrl": "", "transactionText": "", "filerName": "Saboo (Manish Narayan)", "filerRelation": "Additonal Director", "moneyText": "", "startDate": "2020-03-12", "ownership": "D"}, {"maxAge": 1, "shares": 436, "filerUrl": "", "transactionText": "", "filerName": "Saboo (Manish Narayan)", "filerRelation": "Director (Non-Executive)", "moneyText": "", "startDate": "2020-02-25", "ownership": "D"}, {"maxAge": 1, "shares": 9776, "filerUrl": "", "transactionText": "", "filerName": "Saboo (Manish Narayan)", "filerRelation": "Director (Non-Executive)", "moneyText": "", "startDate": "2020-02-24", "ownership": "D"}, {"maxAge": 1, "shares": 23268, "filerUrl": "", "transactionText": "", "filerName": "Saboo (Madhu Narayan)", "filerRelation": "Promoter", "moneyText": "", "startDate": "2019-12-05", "ownership": "D"}, {"maxAge": 1, "shares": 2183, "filerUrl": "", "transactionText": "", "filerName": "Saboo (Madhu Narayan)", "filerRelation": "Promoter", "moneyText": "", "startDate": "2019-11-25", "ownership": "D"}, {"maxAge": 1, "shares": 4067, "filerUrl": "", "transactionText": "", "filerName": "Saboo (Narayan S)", "filerRelation": "Chairman of the Board", "moneyText": "", "startDate": "2019-11-25", "ownership": "D"}, {"maxAge": 1, "shares": 2025, "filerUrl": "", "transactionText": "", "filerName": "Saboo (Mohit Narayan)", "filerRelation": "Director", "moneyText": "", "startDate": "2019-04-24", "ownership": "D"}, {"maxAge": 1, "shares": 72600, "filerUrl": "", "transactionText": "", "filerName": "Mask Investments, Ltd.", "filerRelation": "Promoter", "moneyText": "", "startDate": "2018-12-21", "ownership": "D"}, {"maxAge": 1, "shares": 16000, "filerUrl": "", "transactionText": "", "filerName": "Mask Investments, Ltd.", "filerRelation": "Promoter", "moneyText": "", "startDate": "2018-12-14", "ownership": "D"}, {"maxAge": 1, "shares": 88600, "filerUrl": "", "transactionText": "", "filerName": "Mask Investments, Ltd.", "filerRelation": "Promoter", "moneyText": "", "startDate": "2018-12-11", "ownership": "D"}, {"maxAge": 1, "shares": 5839, "filerUrl": "", "transactionText": "", "filerName": "Saboo (Narayan S)", "filerRelation": "Chairman of the Board", "moneyText": "", "startDate": "2018-11-26", "ownership": "D"}, {"maxAge": 1, "shares": 2948, "filerUrl": "", "transactionText": "", "filerName": "Saboo (Narayan S)", "filerRelation": "Chairman of the Board", "moneyText": "", "startDate": "2018-11-14", "ownership": "D"}, {"maxAge": 1, "shares": 14948, "filerUrl": "", "transactionText": "", "filerName": "Saboo (Narayan S)", "filerRelation": "Chairman of the Board", "moneyText": "", "startDate": "2018-11-14", "ownership": "D"}], "maxAge": 1}, "quoteType": {"exchange": "BSE", "quoteType": "EQUITY", "symbol": "BIGBLOC.BO", "underlyingSymbol": "BIGBLOC.BO", "shortName": "Bigbloc Construction Limited", "longName": "Bigbloc Construction Limited", "firstTradeDateEpochUtc": "2016-09-02 09:15:00", "timeZoneFullName": "Asia/Kolkata", "timeZoneShortName": "IST", "uuid": "ecb48709-35d9-34e0-9435-07c67673c7eb", "messageBoardId": null, "gmtOffSetMilliseconds": 19800000, "maxAge": 1}, "incomeStatementHistory": {"incomeStatementHistory": [{"maxAge": 1, "endDate": "2020-03-31", "totalRevenue": 1188291674, "costOfRevenue": 497597382, "grossProfit": 690694292, "researchDevelopment": {}, "sellingGeneralAdministrative": 132438748, "nonRecurring": {}, "otherOperatingExpenses": 454132047, "totalOperatingExpenses": 1131875836, "operatingIncome": 56415838, "totalOtherIncomeExpenseNet": -41862190, "ebit": 56415838, "interestExpense": -43299368, "incomeBeforeTax": 14553648, "incomeTaxExpense": -10036393, "minorityInterest": {}, "netIncomeFromContinuingOps": 24590041, "discontinuedOperations": {}, "extraordinaryItems": {}, "effectOfAccountingCharges": {}, "otherItems": {}, "netIncome": 24590041, "netIncomeApplicableToCommonShares": 24590041}, {"maxAge": 1, "endDate": "2019-03-31", "totalRevenue": 1000790601, "costOfRevenue": 416769647, "grossProfit": 584020954, "researchDevelopment": {}, "sellingGeneralAdministrative": 109873794, "nonRecurring": {}, "otherOperatingExpenses": 403115338, "totalOperatingExpenses": 967414614, "operatingIncome": 33375987, "totalOtherIncomeExpenseNet": -42543727, "ebit": 33375987, "interestExpense": -41474890, "incomeBeforeTax": -9167740, "incomeTaxExpense": 4825864, "minorityInterest": {}, "netIncomeFromContinuingOps": -13993604, "discontinuedOperations": {}, "extraordinaryItems": {}, "effectOfAccountingCharges": {}, "otherItems": {}, "netIncome": -13993604, "netIncomeApplicableToCommonShares": -13993604}, {"maxAge": 1, "endDate": "2018-03-31", "totalRevenue": 714542969, "costOfRevenue": 209804480, "grossProfit": 504738489, "researchDevelopment": {}, "sellingGeneralAdministrative": 86441999, "nonRecurring": {}, "otherOperatingExpenses": 298659905, "totalOperatingExpenses": 624564350, "operatingIncome": 89978619, "totalOtherIncomeExpenseNet": -30148595, "ebit": 89978619, "interestExpense": -29481195, "incomeBeforeTax": 59830024, "incomeTaxExpense": 19856150, "minorityInterest": {}, "netIncomeFromContinuingOps": 39973874, "discontinuedOperations": {}, "extraordinaryItems": {}, "effectOfAccountingCharges": {}, "otherItems": {}, "netIncome": 39973874, "netIncomeApplicableToCommonShares": 39973874}, {"maxAge": 1, "endDate": "2017-03-31", "totalRevenue": 628266534, "costOfRevenue": 151460179, "grossProfit": 476806355, "researchDevelopment": {}, "sellingGeneralAdministrative": 74771509, "nonRecurring": {}, "otherOperatingExpenses": 296617715, "totalOperatingExpenses": 547289952, "operatingIncome": 80976582, "totalOtherIncomeExpenseNet": -33457280, "ebit": 80976582, "interestExpense": -32958374, "incomeBeforeTax": 47519302, "incomeTaxExpense": 18258459, "minorityInterest": {}, "netIncomeFromContinuingOps": 29260843, "discontinuedOperations": {}, "extraordinaryItems": {}, "effectOfAccountingCharges": {}, "otherItems": {}, "netIncome": 29260843, "netIncomeApplicableToCommonShares": 29260843}], "maxAge": 86400}, "fundOwnership": {"maxAge": 1, "ownershipList": []}, "summaryDetail": {"maxAge": 1, "priceHint": 2, "previousClose": 82.95, "open": 82.6, "dayLow": 82.6, "dayHigh": 82.6, "regularMarketPreviousClose": 82.95, "regularMarketOpen": 82.6, "regularMarketDayLow": 82.6, "regularMarketDayHigh": 82.6, "forwardPE": 19.903614, "volume": 74, "regularMarketVolume": 74, "averageVolume": 3012, "averageVolume10days": 3371, "averageDailyVolume10Day": 3371, "bid": 82.6, "ask": 0.0, "bidSize": 0, "askSize": 0, "marketCap": 1199401600, "fiftyTwoWeekLow": 23.05, "fiftyTwoWeekHigh": 176.65, "fiftyDayAverage": 108.60429, "twoHundredDayAverage": 85.026276, "trailingAnnualDividendRate": 0.25, "trailingAnnualDividendYield": 0.003013864, "currency": "INR", "fromCurrency": null, "toCurrency": null, "lastMarket": null, "algorithm": null, "tradeable": false}, "sectorTrend": {"maxAge": 1, "symbol": null, "estimates": []}, "incomeStatementHistoryQuarterly": {"incomeStatementHistory": [{"maxAge": 1, "endDate": "2020-06-30", "totalRevenue": 68081000, "costOfRevenue": 30197000, "grossProfit": 37884000, "researchDevelopment": {}, "sellingGeneralAdministrative": 12421000, "nonRecurring": {}, "otherOperatingExpenses": 29703000, "totalOperatingExpenses": 84839000, "operatingIncome": -16758000, "totalOtherIncomeExpenseNet": -11066000, "ebit": -16758000, "interestExpense": -11065000, "incomeBeforeTax": -27824000, "incomeTaxExpense": -436000, "minorityInterest": {}, "netIncomeFromContinuingOps": -27388000, "discontinuedOperations": {}, "extraordinaryItems": {}, "effectOfAccountingCharges": {}, "otherItems": {}, "netIncome": -27388000, "netIncomeApplicableToCommonShares": -27388000}, {"maxAge": 1, "endDate": "2020-03-31", "totalRevenue": 297347674, "costOfRevenue": 118367382, "grossProfit": 178980292, "researchDevelopment": {}, "sellingGeneralAdministrative": 39306748, "nonRecurring": {}, "otherOperatingExpenses": 115180047, "totalOperatingExpenses": 284022836, "operatingIncome": 13324838, "totalOtherIncomeExpenseNet": -9384190, "ebit": 13324838, "interestExpense": -10820368, "incomeBeforeTax": 3940648, "incomeTaxExpense": -8454393, "minorityInterest": {}, "netIncomeFromContinuingOps": 12395041, "discontinuedOperations": {}, "extraordinaryItems": {}, "effectOfAccountingCharges": {}, "otherItems": {}, "netIncome": 12395041, "netIncomeApplicableToCommonShares": 12395041}, {"maxAge": 1, "endDate": "2019-12-31", "totalRevenue": 306987000, "costOfRevenue": 134172000, "grossProfit": 172815000, "researchDevelopment": {}, "sellingGeneralAdministrative": 30360000, "nonRecurring": {}, "otherOperatingExpenses": 114777000, "totalOperatingExpenses": 291739000, "operatingIncome": 15248000, "totalOtherIncomeExpenseNet": -10334000, "ebit": 15248000, "interestExpense": -10334000, "incomeBeforeTax": 4914000, "incomeTaxExpense": 677000, "minorityInterest": {}, "netIncomeFromContinuingOps": 4237000, "discontinuedOperations": {}, "extraordinaryItems": {}, "effectOfAccountingCharges": {}, "otherItems": {}, "netIncome": 4237000, "netIncomeApplicableToCommonShares": 4237000}, {"maxAge": 1, "endDate": "2019-09-30", "totalRevenue": 287724000, "costOfRevenue": 121945000, "grossProfit": 165779000, "researchDevelopment": {}, "sellingGeneralAdministrative": 33406000, "nonRecurring": {}, "otherOperatingExpenses": 106691000, "totalOperatingExpenses": 274128000, "operatingIncome": 13596000, "totalOtherIncomeExpenseNet": -10760000, "ebit": 13596000, "interestExpense": -10760000, "incomeBeforeTax": 2836000, "incomeTaxExpense": -2813000, "minorityInterest": {}, "netIncomeFromContinuingOps": 5649000, "discontinuedOperations": {}, "extraordinaryItems": {}, "effectOfAccountingCharges": {}, "otherItems": {}, "netIncome": 5649000, "netIncomeApplicableToCommonShares": 5649000}], "maxAge": 86400}, "cashflowStatementHistoryQuarterly": {"cashflowStatements": [{"maxAge": 1, "endDate": "2020-06-30", "netIncome": -27388000, "changeToLiabilities": 0}, {"maxAge": 1, "endDate": "2020-03-31", "netIncome": 12395041, "changeToLiabilities": 0}, {"maxAge": 1, "endDate": "2019-12-31", "netIncome": 4237000, "changeToLiabilities": 0}, {"maxAge": 1, "endDate": "2019-09-30", "netIncome": 5649000, "changeToLiabilities": 0}], "maxAge": 86400}, "insiderHolders": {"holders": [{"maxAge": 1, "name": "Mask Investments, Ltd.", "relation": "Promoter", "url": "", "transactionDescription": "Sale", "latestTransDate": "2018-12-21", "positionDirect": 1502706, "positionDirectDate": "2018-12-21"}, {"maxAge": 1, "name": "Saboo (Madhu Narayan)", "relation": "Promoter", "url": "", "transactionDescription": "Acquisition", "latestTransDate": "2019-12-05", "positionDirect": 783556, "positionDirectDate": "2019-12-05"}, {"maxAge": 1, "name": "Saboo (Manish Narayan)", "relation": "Additonal Director", "url": "", "transactionDescription": "Acquisition", "latestTransDate": "2020-03-17", "positionDirect": 251414, "positionDirectDate": "2020-03-17"}, {"maxAge": 1, "name": "Saboo (Mohit Narayan)", "relation": "Director", "url": "", "transactionDescription": "Sale", "latestTransDate": "2019-04-24", "positionDirect": 300811, "positionDirectDate": "2019-04-24"}, {"maxAge": 1, "name": "Saboo (Narayan S)", "relation": "Chairman of the Board", "url": "", "transactionDescription": "Acquisition", "latestTransDate": "2019-11-25", "positionDirect": 1118821, "positionDirectDate": "2019-11-25"}, {"maxAge": 1, "name": "Saboo (Narayan Sitaram) HUF", "relation": "Promoter", "url": "", "transactionDescription": "Acquisition", "latestTransDate": "2020-09-30", "positionDirect": 436263, "positionDirectDate": "2020-09-30"}], "maxAge": 1}, "earnings": {"maxAge": 86400, "earningsChart": {"quarterly": [{"date": "3Q2017", "actual": 0.88, "estimate": 0.36}, {"date": "4Q2017", "actual": 0.89, "estimate": 0.6}, {"date": "1Q2018", "actual": 0.37, "estimate": 0.78}], "currentQuarterEstimateDate": "2Q", "currentQuarterEstimateYear": 2018, "earningsDate": ["2020-11-14 05:30:S", "2020-11-15 05:30:S"]}, "financialsChart": {"yearly": [{"date": 2017, "revenue": 628266534, "earnings": 29260843}, {"date": 2018, "revenue": 714542969, "earnings": 39973874}, {"date": 2019, "revenue": 1000790601, "earnings": -13993604}, {"date": 2020, "revenue": 1188291674, "earnings": 24590041}], "quarterly": [{"date": "3Q2019", "revenue": 287724000, "earnings": 5649000}, {"date": "4Q2019", "revenue": 306987000, "earnings": 4237000}, {"date": "1Q2020", "revenue": 297347674, "earnings": 12395041}, {"date": "2Q2020", "revenue": 68081000, "earnings": -27388000}]}, "financialCurrency": "INR"}, "calendarEvents": {"maxAge": 1, "earnings": {"earningsDate": ["2020-11-14 05:30:S", "2020-11-15 05:30:S"]}}, "price": {"maxAge": 1, "regularMarketChangePercent": -0.004219391, "regularMarketChange": -0.34999847, "regularMarketTime": "2021-04-30 12:05:34", "priceHint": 2, "regularMarketPrice": 82.6, "regularMarketDayHigh": 82.6, "regularMarketDayLow": 82.6, "regularMarketVolume": 74, "averageDailyVolume10Day": 3371, "averageDailyVolume3Month": 3012, "regularMarketPreviousClose": 82.95, "regularMarketSource": "FREE_REALTIME", "regularMarketOpen": 82.6, "exchange": "BSE", "exchangeName": "BSE", "exchangeDataDelayedBy": 0, "marketState": "CLOSED", "quoteType": "EQUITY", "symbol": "BIGBLOC.BO", "underlyingSymbol": null, "shortName": "Bigbloc Construction Limited", "longName": "Bigbloc Construction Limited", "currency": "INR", "quoteSourceName": "Delayed Quote", "currencySymbol": "\u20b9", "fromCurrency": null, "toCurrency": null, "lastMarket": null, "marketCap": 1199401600}, "balanceSheetHistory": {"balanceSheetStatements": [{"maxAge": 1, "endDate": "2020-03-31", "cash": 2912545, "netReceivables": 244907621, "inventory": 68605505, "otherCurrentAssets": 59144842, "totalCurrentAssets": 375570513, "longTermInvestments": 287500, "propertyPlantEquipment": 623721562, "goodWill": 53909182, "intangibleAssets": 210689, "otherAssets": 8886257, "totalAssets": 1062585703, "accountsPayable": 172983522, "shortLongTermDebt": 25168211, "otherCurrentLiab": 4494072, "longTermDebt": 278677472, "otherLiab": 29596916, "totalCurrentLiabilities": 455698514, "totalLiab": 763972902, "commonStock": 141575750, "retainedEarnings": 75770051, "treasuryStock": 22500000, "capitalSurplus": 58767000, "otherStockholderEquity": 22500000, "totalStockholderEquity": 298612801, "netTangibleAssets": 244492930}, {"maxAge": 1, "endDate": "2019-03-31", "cash": 5689874, "netReceivables": 250519422, "inventory": 74999036, "otherCurrentAssets": 38501661, "totalCurrentAssets": 369709993, "longTermInvestments": 287500, "propertyPlantEquipment": 589254147, "goodWill": 53909182, "intangibleAssets": 372375, "otherAssets": 8883330, "totalAssets": 1022416527, "accountsPayable": 154736337, "shortLongTermDebt": 77999174, "otherCurrentLiab": 10610803, "longTermDebt": 174935723, "otherLiab": 43769464, "totalCurrentLiabilities": 529688580, "totalLiab": 748393767, "commonStock": 141575750, "retainedEarnings": 51180010, "treasuryStock": 22500000, "capitalSurplus": 58767000, "otherStockholderEquity": 22500000, "totalStockholderEquity": 274022760, "netTangibleAssets": 219741203}, {"maxAge": 1, "endDate": "2018-03-31", "cash": 8421939, "netReceivables": 271204976, "inventory": 67789157, "otherCurrentAssets": 15821559, "totalCurrentAssets": 363237631, "propertyPlantEquipment": 411117652, "intangibleAssets": 339663, "otherAssets": 4981022, "totalAssets": 779675968, "accountsPayable": 33136458, "shortLongTermDebt": 52117062, "otherCurrentLiab": 25667469, "longTermDebt": 125247890, "otherLiab": 38429063, "totalCurrentLiabilities": 346215724, "totalLiab": 509892677, "commonStock": 141575750, "retainedEarnings": 69440541, "capitalSurplus": 58767000, "totalStockholderEquity": 269783291, "netTangibleAssets": 269443628}, {"maxAge": 1, "endDate": "2017-03-31", "cash": 9266893, "netReceivables": 199929477, "inventory": 47114782, "otherCurrentAssets": 14999889, "totalCurrentAssets": 271311041, "propertyPlantEquipment": 384944759, "intangibleAssets": 426469, "otherAssets": 9921309, "totalAssets": 666603578, "accountsPayable": 36373479, "shortLongTermDebt": 43639217, "otherCurrentLiab": 12845209, "longTermDebt": 135763542, "otherLiab": 37401298, "totalCurrentLiabilities": 259369390, "totalLiab": 432534230, "commonStock": 141575750, "retainedEarnings": 33726598, "capitalSurplus": 58767000, "totalStockholderEquity": 234069348, "netTangibleAssets": 233642879}], "maxAge": 86400}, "earningsTrend": {"trend": [{"maxAge": 1, "period": "0q", "endDate": "2018-06-30", "growth": {}, "earningsEstimate": {"avg": 0.0, "low": 0.0, "high": 0.0, "yearAgoEps": {}, "numberOfAnalysts": 0, "growth": {}}, "revenueEstimate": {"avg": 0, "low": 0, "high": 0, "numberOfAnalysts": 0, "yearAgoRevenue": {}, "growth": {}}, "epsTrend": {"current": 0.0, "7daysAgo": 0.0, "30daysAgo": 0.0, "60daysAgo": 0.0, "90daysAgo": 0.0}, "epsRevisions": {"upLast7days": 0, "upLast30days": 0, "downLast30days": 0, "downLast90days": {}}}, {"maxAge": 1, "period": "+1q", "endDate": "2018-09-30", "growth": {}, "earningsEstimate": {"avg": 0.0, "low": 0.0, "high": 0.0, "yearAgoEps": 0.88, "numberOfAnalysts": 0, "growth": {}}, "revenueEstimate": {"avg": 0, "low": 0, "high": 0, "numberOfAnalysts": 0, "yearAgoRevenue": 195690000, "growth": {}}, "epsTrend": {"current": 0.0, "7daysAgo": 0.0, "30daysAgo": 0.0, "60daysAgo": 0.0, "90daysAgo": 0.0}, "epsRevisions": {"upLast7days": 0, "upLast30days": 0, "downLast30days": 0, "downLast90days": {}}}, {"maxAge": 1, "period": "0y", "endDate": "2019-03-31", "growth": {}, "earningsEstimate": {"avg": 0.0, "low": 0.0, "high": 0.0, "yearAgoEps": {}, "numberOfAnalysts": 0, "growth": {}}, "revenueEstimate": {"avg": 823410000, "low": 823410000, "high": 823410000, "numberOfAnalysts": 1, "yearAgoRevenue": 714543000, "growth": 0.152}, "epsTrend": {"current": 0.0, "7daysAgo": 3.47, "30daysAgo": 3.47, "60daysAgo": 3.47, "90daysAgo": 3.47}, "epsRevisions": {"upLast7days": 0, "upLast30days": 0, "downLast30days": 0, "downLast90days": {}}}, {"maxAge": 1, "period": "+1y", "endDate": "2020-03-31", "growth": {}, "earningsEstimate": {"avg": 0.0, "low": 0.0, "high": 0.0, "yearAgoEps": {}, "numberOfAnalysts": 0, "growth": {}}, "revenueEstimate": {"avg": 922220000, "low": 922220000, "high": 922220000, "numberOfAnalysts": 1, "yearAgoRevenue": 823410000, "growth": 0.12}, "epsTrend": {"current": 0.0, "7daysAgo": 4.15, "30daysAgo": 4.15, "60daysAgo": 4.15, "90daysAgo": 4.15}, "epsRevisions": {"upLast7days": 0, "upLast30days": 0, "downLast30days": 0, "downLast90days": {}}}, {"maxAge": 1, "period": "+5y", "endDate": null, "growth": {}, "earningsEstimate": {"avg": {}, "low": {}, "high": {}, "yearAgoEps": {}, "numberOfAnalysts": {}, "growth": {}}, "revenueEstimate": {"avg": {}, "low": {}, "high": {}, "numberOfAnalysts": {}, "yearAgoRevenue": {}, "growth": {}}, "epsTrend": {"current": {}, "7daysAgo": {}, "30daysAgo": {}, "60daysAgo": {}, "90daysAgo": {}}, "epsRevisions": {"upLast7days": {}, "upLast30days": {}, "downLast30days": {}, "downLast90days": {}}}, {"maxAge": 1, "period": "-5y", "endDate": null, "growth": {}, "earningsEstimate": {"avg": {}, "low": {}, "high": {}, "yearAgoEps": {}, "numberOfAnalysts": {}, "growth": {}}, "revenueEstimate": {"avg": {}, "low": {}, "high": {}, "numberOfAnalysts": {}, "yearAgoRevenue": {}, "growth": {}}, "epsTrend": {"current": {}, "7daysAgo": {}, "30daysAgo": {}, "60daysAgo": {}, "90daysAgo": {}}, "epsRevisions": {"upLast7days": {}, "upLast30days": {}, "downLast30days": {}, "downLast90days": {}}}], "maxAge": 1}, "financialData": {"maxAge": 86400, "currentPrice": 82.6, "recommendationKey": "none", "grossProfits": 690694292, "financialCurrency": "INR"}}}