{"BIL.BO": {"recommendationTrend": {"trend": [{"period": "0m", "strongBuy": 0, "buy": 0, "hold": 0, "sell": 0, "strongSell": 0}, {"period": "-1m", "strongBuy": 0, "buy": 0, "hold": 0, "sell": 0, "strongSell": 0}, {"period": "-2m", "strongBuy": 0, "buy": 0, "hold": 0, "sell": 0, "strongSell": 0}, {"period": "-3m", "strongBuy": 0, "buy": 0, "hold": 0, "sell": 0, "strongSell": 0}], "maxAge": 86400}, "cashflowStatementHistory": {"cashflowStatements": [{"maxAge": 1, "endDate": "2020-03-31", "netIncome": 212731000, "depreciation": 91778000, "changeToNetincome": 274290000, "changeToAccountReceivables": -32054000, "changeToLiabilities": -248646000, "changeToInventory": -259233000, "changeToOperatingActivities": -118085000, "totalCashFromOperatingActivities": -71196000, "capitalExpenditures": -108048000, "investments": -40137000, "otherCashflowsFromInvestingActivities": 31650000, "totalCashflowsFromInvestingActivities": -115903000, "dividendsPaid": -17675000, "netBorrowings": 568484000, "otherCashflowsFromFinancingActivities": -244297000, "totalCashFromFinancingActivities": 306897000, "changeInCash": 119798000, "issuanceOfStock": 385000}, {"maxAge": 1, "endDate": "2019-03-31", "netIncome": 197904000, "depreciation": 72959000, "changeToNetincome": 279592000, "changeToAccountReceivables": 677760000, "changeToLiabilities": -478045000, "changeToInventory": -577803000, "changeToOperatingActivities": -99545000, "totalCashFromOperatingActivities": 80357000, "capitalExpenditures": -106397000, "investments": 53744000, "otherCashflowsFromInvestingActivities": 44458000, "totalCashflowsFromInvestingActivities": -7551000, "dividendsPaid": -17769000, "netBorrowings": 352677000, "otherCashflowsFromFinancingActivities": -305331000, "totalCashFromFinancingActivities": 30223000, "changeInCash": 103029000, "issuanceOfStock": 646000}, {"maxAge": 1, "endDate": "2018-03-31", "netIncome": 174666000, "depreciation": 67410000, "changeToNetincome": 203739000, "changeToAccountReceivables": -995496000, "changeToLiabilities": 923712000, "changeToInventory": -629470000, "changeToOperatingActivities": -314879000, "totalCashFromOperatingActivities": -562912000, "capitalExpenditures": -343428000, "investments": 21793000, "otherCashflowsFromInvestingActivities": 36573000, "totalCashflowsFromInvestingActivities": -283187000, "dividendsPaid": -17370000, "netBorrowings": 822876000, "otherCashflowsFromFinancingActivities": -156531000, "totalCashFromFinancingActivities": 650990000, "changeInCash": -195109000, "issuanceOfStock": 2015000}, {"maxAge": 1, "endDate": "2017-03-31", "netIncome": 180544270, "depreciation": 53534655, "changeToNetincome": 67044759, "changeToAccountReceivables": -13756006, "changeToLiabilities": 14748759, "changeToInventory": -271365298, "changeToOperatingActivities": -54538699, "totalCashFromOperatingActivities": -21090194, "capitalExpenditures": -228169060, "investments": -34414616, "otherCashflowsFromInvestingActivities": 44033272, "totalCashflowsFromInvestingActivities": -205399023, "dividendsPaid": -16918214, "netBorrowings": 424987472, "otherCashflowsFromFinancingActivities": 40955051, "totalCashFromFinancingActivities": 450379159, "changeInCash": 223889942, "issuanceOfStock": 1354850}], "maxAge": 86400}, "institutionOwnership": {"maxAge": 1, "ownershipList": []}, "balanceSheetHistoryQuarterly": {"balanceSheetStatements": [{"maxAge": 1, "endDate": "2020-06-30", "totalStockholderEquity": 3467598000, "netTangibleAssets": 3458406000}, {"maxAge": 1, "endDate": "2020-03-31", "cash": 493488000, "netReceivables": 1594269000, "inventory": 4269580000, "otherCurrentAssets": 278186000, "totalCurrentAssets": 6666511000, "longTermInvestments": 467659000, "propertyPlantEquipment": 1297425000, "goodWill": 2525000, "intangibleAssets": 6667000, "otherAssets": 603863000, "deferredLongTermAssetCharges": 2124000, "totalAssets": 9044650000, "accountsPayable": 771952000, "shortLongTermDebt": 85937000, "otherCurrentLiab": 135472000, "longTermDebt": 592592000, "otherLiab": 74154000, "minorityInterest": 14597000, "totalCurrentLiabilities": 4856981000, "totalLiab": 5577055000, "commonStock": 122019000, "retainedEarnings": 1513016000, "treasuryStock": 941942000, "capitalSurplus": 783446000, "otherStockholderEquity": 941942000, "totalStockholderEquity": 3360423000, "netTangibleAssets": 3351231000}, {"maxAge": 1, "endDate": "2019-12-31", "totalStockholderEquity": 4094171000, "netTangibleAssets": 4081130000}, {"maxAge": 1, "endDate": "2019-09-30", "cash": 417035000, "shortTermInvestments": 403759000, "netReceivables": 1958609000, "inventory": 4032824000, "otherCurrentAssets": 257785000, "totalCurrentAssets": 7070012000, "longTermInvestments": 1174812000, "propertyPlantEquipment": 1221737000, "goodWill": 2525000, "intangibleAssets": 10516000, "otherAssets": 456606000, "deferredLongTermAssetCharges": 2466000, "totalAssets": 9936208000, "accountsPayable": 1173961000, "otherCurrentLiab": 295733000, "longTermDebt": 611633000, "otherLiab": 102974000, "totalCurrentLiabilities": 5127430000, "totalLiab": 5842037000, "commonStock": 121976000, "treasuryStock": 3972195000, "otherStockholderEquity": 3972195000, "totalStockholderEquity": 4094171000, "netTangibleAssets": 4081130000}], "maxAge": 86400}, "earningsHistory": {"history": [{"maxAge": 1, "epsActual": {}, "epsEstimate": {}, "epsDifference": {}, "surprisePercent": {}, "quarter": {}, "period": "-4q"}, {"maxAge": 1, "epsActual": 1.89, "epsEstimate": 2.5, "epsDifference": -0.61, "surprisePercent": -0.244, "quarter": "2017-03-31", "period": "-3q"}, {"maxAge": 1, "epsActual": 5.83, "epsEstimate": 5.35, "epsDifference": 0.48, "surprisePercent": 0.09, "quarter": "2017-09-30", "period": "-2q"}, {"maxAge": 1, "epsActual": 0.87, "epsEstimate": 3.56, "epsDifference": -2.69, "surprisePercent": -0.756, "quarter": "2017-12-31", "period": "-1q"}], "maxAge": 86400}, "indexTrend": {"maxAge": 1, "symbol": "SP5", "peRatio": 19.7411, "pegRatio": 1.34172, "estimates": [{"period": "0q", "growth": 0.549}, {"period": "+1q", "growth": 0.431}, {"period": "0y", "growth": 0.305}, {"period": "+1y", "growth": 0.109}, {"period": "+5y", "growth": 0.120865}, {"period": "-5y"}]}, "industryTrend": {"maxAge": 1, "symbol": null, "estimates": []}, "insiderTransactions": {"transactions": [{"maxAge": 1, "shares": 10000, "value": 23557, "filerUrl": "", "transactionText": "Acquisition at price 2.36 per share.", "filerName": "Bhartiya Infotech Pvt Ltd", "filerRelation": "Promoter", "moneyText": "", "startDate": "2020-08-20", "ownership": "D"}, {"maxAge": 1, "shares": 597000, "value": 1282415, "filerUrl": "", "transactionText": "Acquisition at price 2.15 per share.", "filerName": "Bhartiya Global Ventures Pvt. Ltd.", "filerRelation": "Promoter", "moneyText": "", "startDate": "2020-08-18", "ownership": "D"}, {"maxAge": 1, "shares": 235000, "filerUrl": "", "transactionText": "", "filerName": "Bhartiya Global Ventures Pvt. Ltd.", "filerRelation": "Promoter", "moneyText": "", "startDate": "2020-03-30", "ownership": "D"}, {"maxAge": 1, "shares": 65000, "filerUrl": "", "transactionText": "", "filerName": "Bhartiya Global Ventures Pvt. Ltd.", "filerRelation": "Promoter", "moneyText": "", "startDate": "2020-03-27", "ownership": "D"}, {"maxAge": 1, "shares": 0, "filerUrl": "", "transactionText": "", "filerName": "Bhartiya Global Ventures Pvt. Ltd.", "filerRelation": "Promoter", "moneyText": "", "startDate": "2020-03-27", "ownership": "I"}, {"maxAge": 1, "shares": 65000, "filerUrl": "", "transactionText": "", "filerName": "Superfine Carpets Pvt. Ltd.", "filerRelation": "Promoter", "moneyText": "", "startDate": "2020-03-26", "ownership": "D"}, {"maxAge": 1, "shares": 300100, "filerUrl": "", "transactionText": "", "filerName": "Bhartiya Global Ventures Pvt. Ltd.", "filerRelation": "Promoter", "moneyText": "", "startDate": "2020-03-25", "ownership": "D"}, {"maxAge": 1, "shares": 300100, "filerUrl": "", "transactionText": "", "filerName": "Superfine Carpets Pvt. Ltd.", "filerRelation": "Promoter", "moneyText": "", "startDate": "2020-03-25", "ownership": "D"}, {"maxAge": 1, "shares": 208, "filerUrl": "", "transactionText": "", "filerName": "Kavitha", "filerRelation": "UNREPORTED", "moneyText": "", "startDate": "2020-02-19", "ownership": "D"}, {"maxAge": 1, "shares": 4, "filerUrl": "", "transactionText": "", "filerName": "Palanichamy (Arumugam)", "filerRelation": "UNREPORTED", "moneyText": "", "startDate": "2020-02-19", "ownership": "D"}, {"maxAge": 1, "shares": 3478, "filerUrl": "", "transactionText": "", "filerName": "Suresh (P S)", "filerRelation": "UNREPORTED", "moneyText": "", "startDate": "2020-02-19", "ownership": "D"}, {"maxAge": 1, "shares": 228, "filerUrl": "", "transactionText": "", "filerName": "Anand (Eugene)", "filerRelation": "UNREPORTED", "moneyText": "", "startDate": "2019-05-31", "ownership": "D"}, {"maxAge": 1, "shares": 359, "filerUrl": "", "transactionText": "", "filerName": "Arora (Tarundeep Gulzasingh)", "filerRelation": "UNREPORTED", "moneyText": "", "startDate": "2019-05-31", "ownership": "D"}, {"maxAge": 1, "shares": 201, "filerUrl": "", "transactionText": "", "filerName": "Ashokan (Balan)", "filerRelation": "UNREPORTED", "moneyText": "", "startDate": "2019-05-31", "ownership": "D"}, {"maxAge": 1, "shares": 182, "filerUrl": "", "transactionText": "", "filerName": "Chandran (Deenadayalan)", "filerRelation": "UNREPORTED", "moneyText": "", "startDate": "2019-05-31", "ownership": "D"}, {"maxAge": 1, "shares": 792, "filerUrl": "", "transactionText": "", "filerName": "Kumar (Siva V)", "filerRelation": "UNREPORTED", "moneyText": "", "startDate": "2019-05-31", "ownership": "D"}, {"maxAge": 1, "shares": 265, "filerUrl": "", "transactionText": "", "filerName": "Mohan (D K)", "filerRelation": "UNREPORTED", "moneyText": "", "startDate": "2019-05-31", "ownership": "D"}, {"maxAge": 1, "shares": 596, "filerUrl": "", "transactionText": "", "filerName": "Phutela (Sonia)", "filerRelation": "UNREPORTED", "moneyText": "", "startDate": "2019-05-31", "ownership": "D"}, {"maxAge": 1, "shares": 134, "filerUrl": "", "transactionText": "", "filerName": "Rameshan (V)", "filerRelation": "UNREPORTED", "moneyText": "", "startDate": "2019-05-31", "ownership": "D"}, {"maxAge": 1, "shares": 39, "filerUrl": "", "transactionText": "", "filerName": "Sivaswamy (P)", "filerRelation": "UNREPORTED", "moneyText": "", "startDate": "2019-05-31", "ownership": "D"}, {"maxAge": 1, "shares": 1, "filerUrl": "", "transactionText": "", "filerName": "Tulsiani (Nilesh S)", "filerRelation": "UNREPORTED", "moneyText": "", "startDate": "2019-05-31", "ownership": "D"}, {"maxAge": 1, "shares": 253, "filerUrl": "", "transactionText": "", "filerName": "Zafer (Tahir)", "filerRelation": "UNREPORTED", "moneyText": "", "startDate": "2019-05-31", "ownership": "D"}, {"maxAge": 1, "shares": 1, "filerUrl": "", "transactionText": "", "filerName": "Budhia (Shilpa)", "filerRelation": "Compliance Officer", "moneyText": "", "startDate": "2019-01-31", "ownership": "D"}, {"maxAge": 1, "shares": 1341, "filerUrl": "", "transactionText": "", "filerName": "Mahajan (Sanjay)", "filerRelation": "UNREPORTED", "moneyText": "", "startDate": "2019-01-31", "ownership": "D"}, {"maxAge": 1, "shares": 201, "filerUrl": "", "transactionText": "", "filerName": "Naugain (Narendra)", "filerRelation": "UNREPORTED", "moneyText": "", "startDate": "2019-01-31", "ownership": "D"}, {"maxAge": 1, "shares": 744, "filerUrl": "", "transactionText": "", "filerName": "Prakasan (V V)", "filerRelation": "UNREPORTED", "moneyText": "", "startDate": "2019-01-31", "ownership": "D"}, {"maxAge": 1, "shares": 223, "filerUrl": "", "transactionText": "", "filerName": "Rath (Amulya Kumar)", "filerRelation": "UNREPORTED", "moneyText": "", "startDate": "2019-01-31", "ownership": "D"}, {"maxAge": 1, "shares": 446, "filerUrl": "", "transactionText": "", "filerName": "Sundaresan (Kumudha)", "filerRelation": "UNREPORTED", "moneyText": "", "startDate": "2019-01-31", "ownership": "D"}, {"maxAge": 1, "shares": 172, "filerUrl": "", "transactionText": "", "filerName": "Tanwar (Vinod)", "filerRelation": "UNREPORTED", "moneyText": "", "startDate": "2019-01-31", "ownership": "D"}, {"maxAge": 1, "shares": 2158, "filerUrl": "", "transactionText": "", "filerName": "Thareja (Vijay Kumar)", "filerRelation": "UNREPORTED", "moneyText": "", "startDate": "2019-01-31", "ownership": "D"}, {"maxAge": 1, "shares": 23, "filerUrl": "", "transactionText": "", "filerName": "Thareja (Vijay Kumar)", "filerRelation": "UNREPORTED", "moneyText": "", "startDate": "2019-01-31", "ownership": "D"}, {"maxAge": 1, "shares": 134, "filerUrl": "", "transactionText": "", "filerName": "Venkatesan (S)", "filerRelation": "UNREPORTED", "moneyText": "", "startDate": "2019-01-31", "ownership": "D"}, {"maxAge": 1, "shares": 2867, "filerUrl": "", "transactionText": "", "filerName": "Whig (Rakesh)", "filerRelation": "UNREPORTED", "moneyText": "", "startDate": "2019-01-31", "ownership": "D"}, {"maxAge": 1, "shares": 188, "filerUrl": "", "transactionText": "", "filerName": "Ashokan (Balan)", "filerRelation": "UNREPORTED", "moneyText": "", "startDate": "2018-12-01", "ownership": "D"}, {"maxAge": 1, "shares": 139, "filerUrl": "", "transactionText": "", "filerName": "Kamath (Vanil Kumar)", "filerRelation": "UNREPORTED", "moneyText": "", "startDate": "2018-12-01", "ownership": "D"}, {"maxAge": 1, "shares": 1486, "filerUrl": "", "transactionText": "", "filerName": "Kumar (Prabeesh)", "filerRelation": "UNREPORTED", "moneyText": "", "startDate": "2018-12-01", "ownership": "D"}, {"maxAge": 1, "shares": 843, "filerUrl": "", "transactionText": "", "filerName": "Baweja (Sanjay)", "filerRelation": "UNREPORTED", "moneyText": "", "startDate": "2018-11-28", "ownership": "D"}, {"maxAge": 1, "shares": 1224, "filerUrl": "", "transactionText": "", "filerName": "Baweja (Sanjay)", "filerRelation": "UNREPORTED", "moneyText": "", "startDate": "2018-11-27", "ownership": "D"}, {"maxAge": 1, "shares": 2700, "filerUrl": "", "transactionText": "", "filerName": "Baweja (Sanjay)", "filerRelation": "UNREPORTED", "moneyText": "", "startDate": "2018-11-21", "ownership": "D"}, {"maxAge": 1, "shares": 217, "filerUrl": "", "transactionText": "", "filerName": "Baweja (Sanjay)", "filerRelation": "UNREPORTED", "moneyText": "", "startDate": "2018-10-26", "ownership": "D"}, {"maxAge": 1, "shares": 1572, "filerUrl": "", "transactionText": "", "filerName": "Baweja (Sanjay)", "filerRelation": "UNREPORTED", "moneyText": "", "startDate": "2018-10-25", "ownership": "D"}], "maxAge": 1}, "quoteType": {"exchange": "BSE", "quoteType": "EQUITY", "symbol": "BIL.BO", "underlyingSymbol": "BIL.BO", "shortName": "BHARTIYA INTERNATIONAL LTD.", "longName": "Bhartiya International Limited", "firstTradeDateEpochUtc": "2000-01-03 09:15:00", "timeZoneFullName": "Asia/Kolkata", "timeZoneShortName": "IST", "uuid": "3838d283-b885-3c66-bb44-bc8302974898", "messageBoardId": null, "gmtOffSetMilliseconds": 19800000, "maxAge": 1}, "incomeStatementHistory": {"incomeStatementHistory": [{"maxAge": 1, "endDate": "2020-03-31", "totalRevenue": 7206958000, "costOfRevenue": 4302425000, "grossProfit": 2904533000, "researchDevelopment": {}, "sellingGeneralAdministrative": 488244000, "nonRecurring": {}, "otherOperatingExpenses": 1819881000, "totalOperatingExpenses": 6710351000, "operatingIncome": 496607000, "totalOtherIncomeExpenseNet": -240451000, "ebit": 496607000, "interestExpense": -226501000, "incomeBeforeTax": 256156000, "incomeTaxExpense": 43587000, "minorityInterest": 14597000, "netIncomeFromContinuingOps": 212569000, "discontinuedOperations": {}, "extraordinaryItems": {}, "effectOfAccountingCharges": {}, "otherItems": {}, "netIncome": 212731000, "netIncomeApplicableToCommonShares": 212731000}, {"maxAge": 1, "endDate": "2019-03-31", "totalRevenue": 7479974000, "costOfRevenue": 4558468000, "grossProfit": 2921506000, "researchDevelopment": {}, "sellingGeneralAdministrative": 504146000, "nonRecurring": {}, "otherOperatingExpenses": 1865431000, "totalOperatingExpenses": 7008539000, "operatingIncome": 471435000, "totalOtherIncomeExpenseNet": -178282000, "ebit": 471435000, "interestExpense": -265884000, "incomeBeforeTax": 293153000, "incomeTaxExpense": 95474000, "minorityInterest": 14756000, "netIncomeFromContinuingOps": 197679000, "discontinuedOperations": {}, "extraordinaryItems": {}, "effectOfAccountingCharges": {}, "otherItems": {}, "netIncome": 197904000, "netIncomeApplicableToCommonShares": 197904000}, {"maxAge": 1, "endDate": "2018-03-31", "totalRevenue": 7103905000, "costOfRevenue": 4524058000, "grossProfit": 2579847000, "researchDevelopment": {}, "sellingGeneralAdministrative": 515323000, "nonRecurring": {}, "otherOperatingExpenses": 1595775000, "totalOperatingExpenses": 6709973000, "operatingIncome": 393932000, "totalOtherIncomeExpenseNet": -135349000, "ebit": 393932000, "interestExpense": -181280000, "incomeBeforeTax": 258583000, "incomeTaxExpense": 84261000, "minorityInterest": 14981000, "netIncomeFromContinuingOps": 174322000, "discontinuedOperations": {}, "extraordinaryItems": {}, "effectOfAccountingCharges": {}, "otherItems": {}, "netIncome": 174666000, "netIncomeApplicableToCommonShares": 174666000}, {"maxAge": 1, "endDate": "2017-03-31", "totalRevenue": 6401056635, "costOfRevenue": 4100281560, "grossProfit": 2300775075, "researchDevelopment": {}, "sellingGeneralAdministrative": 453267316, "nonRecurring": {}, "otherOperatingExpenses": 1442319348, "totalOperatingExpenses": 6056009488, "operatingIncome": 345047147, "totalOtherIncomeExpenseNet": -84175878, "ebit": 345047147, "interestExpense": -120909781, "incomeBeforeTax": 260871269, "incomeTaxExpense": 80894989, "minorityInterest": 15323997, "netIncomeFromContinuingOps": 179976280, "discontinuedOperations": {}, "extraordinaryItems": {}, "effectOfAccountingCharges": {}, "otherItems": {}, "netIncome": 180544270, "netIncomeApplicableToCommonShares": 180544270}], "maxAge": 86400}, "fundOwnership": {"maxAge": 1, "ownershipList": []}, "summaryDetail": {"maxAge": 1, "priceHint": 2, "previousClose": 193.65, "open": 193.65, "dayLow": 192.0, "dayHigh": 198.0, "regularMarketPreviousClose": 193.65, "regularMarketOpen": 193.65, "regularMarketDayLow": 192.0, "regularMarketDayHigh": 198.0, "forwardPE": 11.532258, "volume": 1309, "regularMarketVolume": 1309, "averageVolume": 1156, "averageVolume10days": 757, "averageDailyVolume10Day": 757, "bid": 193.0, "ask": 196.0, "bidSize": 0, "askSize": 0, "marketCap": 2355576832, "fiftyTwoWeekLow": 72.3, "fiftyTwoWeekHigh": 203.3, "fiftyDayAverage": 150.17572, "twoHundredDayAverage": 153.43906, "trailingAnnualDividendRate": 1.2, "trailingAnnualDividendYield": 0.006196747, "currency": "INR", "fromCurrency": null, "toCurrency": null, "lastMarket": null, "algorithm": null, "tradeable": false}, "sectorTrend": {"maxAge": 1, "symbol": null, "estimates": []}, "incomeStatementHistoryQuarterly": {"incomeStatementHistory": [{"maxAge": 1, "endDate": "2020-06-30", "totalRevenue": 637678000, "costOfRevenue": 430371000, "grossProfit": 207307000, "researchDevelopment": {}, "sellingGeneralAdministrative": 109321000, "nonRecurring": {}, "otherOperatingExpenses": 277879000, "totalOperatingExpenses": 842853000, "operatingIncome": -205175000, "totalOtherIncomeExpenseNet": -90778000, "ebit": -205175000, "interestExpense": -56724000, "incomeBeforeTax": -295953000, "incomeTaxExpense": -44410000, "minorityInterest": {}, "netIncomeFromContinuingOps": -251543000, "discontinuedOperations": {}, "extraordinaryItems": {}, "effectOfAccountingCharges": {}, "otherItems": {}, "netIncome": -251511000, "netIncomeApplicableToCommonShares": -251511000}, {"maxAge": 1, "endDate": "2020-03-31", "totalRevenue": 1271961000, "costOfRevenue": 758181000, "grossProfit": 513780000, "researchDevelopment": {}, "sellingGeneralAdministrative": 126820000, "nonRecurring": {}, "otherOperatingExpenses": 282603000, "totalOperatingExpenses": 1201596000, "operatingIncome": 70365000, "totalOtherIncomeExpenseNet": -23722000, "ebit": 70365000, "interestExpense": -44442000, "incomeBeforeTax": 46643000, "incomeTaxExpense": 2045000, "minorityInterest": 14597000, "netIncomeFromContinuingOps": 44598000, "discontinuedOperations": {}, "extraordinaryItems": {}, "effectOfAccountingCharges": {}, "otherItems": {}, "netIncome": 44617000, "netIncomeApplicableToCommonShares": 44617000}, {"maxAge": 1, "endDate": "2019-12-31", "totalRevenue": 1765870000, "costOfRevenue": 1034228000, "grossProfit": 731642000, "researchDevelopment": {}, "sellingGeneralAdministrative": 93501000, "nonRecurring": {}, "otherOperatingExpenses": 537875000, "totalOperatingExpenses": 1687041000, "operatingIncome": 78829000, "totalOtherIncomeExpenseNet": -55381000, "ebit": 78829000, "interestExpense": -57536000, "incomeBeforeTax": 23448000, "incomeTaxExpense": 6703000, "minorityInterest": 14597000, "netIncomeFromContinuingOps": 16745000, "discontinuedOperations": {}, "extraordinaryItems": {}, "effectOfAccountingCharges": {}, "otherItems": {}, "netIncome": 16823000, "netIncomeApplicableToCommonShares": 16823000}, {"maxAge": 1, "endDate": "2019-09-30", "totalRevenue": 2464980000, "costOfRevenue": 1550833000, "grossProfit": 914147000, "researchDevelopment": {}, "sellingGeneralAdministrative": 117890000, "nonRecurring": {}, "otherOperatingExpenses": 545726000, "totalOperatingExpenses": 2236791000, "operatingIncome": 228189000, "totalOtherIncomeExpenseNet": -105544000, "ebit": 228189000, "interestExpense": -65571000, "incomeBeforeTax": 122645000, "incomeTaxExpense": 8586000, "minorityInterest": 14597000, "netIncomeFromContinuingOps": 114059000, "discontinuedOperations": {}, "extraordinaryItems": {}, "effectOfAccountingCharges": {}, "otherItems": {}, "netIncome": 113982000, "netIncomeApplicableToCommonShares": 113982000}], "maxAge": 86400}, "cashflowStatementHistoryQuarterly": {"cashflowStatements": [{"maxAge": 1, "endDate": "2020-06-30", "netIncome": -251511000, "changeToLiabilities": 0}, {"maxAge": 1, "endDate": "2020-03-31", "netIncome": 44617000, "changeToLiabilities": 0}, {"maxAge": 1, "endDate": "2019-12-31", "netIncome": 16823000, "changeToLiabilities": 0}, {"maxAge": 1, "endDate": "2019-09-30", "netIncome": 113982000, "changeToLiabilities": 0}], "maxAge": 86400}, "insiderHolders": {"holders": [{"maxAge": 1, "name": "Anand (Eugene)", "relation": "UNREPORTED", "url": "", "transactionDescription": "Other", "latestTransDate": "2019-05-31", "positionDirect": 442, "positionDirectDate": "2019-05-31"}, {"maxAge": 1, "name": "Arora (Tarundeep Gulzasingh)", "relation": "UNREPORTED", "url": "", "transactionDescription": "Other", "latestTransDate": "2019-05-31", "positionDirect": 544, "positionDirectDate": "2019-05-31"}, {"maxAge": 1, "name": "Ashokan (Balan)", "relation": "UNREPORTED", "url": "", "transactionDescription": "Other", "latestTransDate": "2019-05-31", "positionDirect": 590, "positionDirectDate": "2019-05-31"}, {"maxAge": 1, "name": "Bhartiya Global Ventures Pvt. Ltd.", "relation": "Promoter", "url": "", "transactionDescription": "Acquisition", "latestTransDate": "2020-08-18", "positionDirect": 3047100, "positionDirectDate": "2020-08-18"}, {"maxAge": 1, "name": "Bhartiya Infotech Pvt Ltd", "relation": "Promoter", "url": "", "transactionDescription": "Acquisition", "latestTransDate": "2020-08-20", "positionDirect": 1010000, "positionDirectDate": "2020-08-20"}, {"maxAge": 1, "name": "Chandran (Deenadayalan)", "relation": "UNREPORTED", "url": "", "transactionDescription": "Other", "latestTransDate": "2019-05-31", "positionDirect": 376, "positionDirectDate": "2019-05-31"}, {"maxAge": 1, "name": "Kavitha", "relation": "UNREPORTED", "url": "", "transactionDescription": "Other", "latestTransDate": "2020-02-19", "positionDirect": 208, "positionDirectDate": "2020-02-19"}, {"maxAge": 1, "name": "Palanichamy (Arumugam)", "relation": "UNREPORTED", "url": "", "transactionDescription": "Other", "latestTransDate": "2020-02-19", "positionDirect": 602, "positionDirectDate": "2020-02-19"}, {"maxAge": 1, "name": "Superfine Carpets Pvt. Ltd.", "relation": "Promoter", "url": "", "transactionDescription": "Sale", "latestTransDate": "2020-03-26", "positionDirect": 894254, "positionDirectDate": "2020-03-26"}, {"maxAge": 1, "name": "Suresh (P S)", "relation": "UNREPORTED", "url": "", "transactionDescription": "Other", "latestTransDate": "2020-02-19", "positionDirect": 10520, "positionDirectDate": "2020-02-19"}], "maxAge": 1}, "earnings": {"maxAge": 86400, "earningsChart": {"quarterly": [{"date": "1Q2017", "actual": 1.89, "estimate": 2.5}, {"date": "3Q2017", "actual": 5.83, "estimate": 5.35}, {"date": "4Q2017", "actual": 0.87, "estimate": 3.56}], "currentQuarterEstimateDate": "1Q", "currentQuarterEstimateYear": 2018, "earningsDate": ["2020-11-14 05:30:S", "2020-11-15 05:30:S"]}, "financialsChart": {"yearly": [{"date": 2017, "revenue": 6401056635, "earnings": 180544270}, {"date": 2018, "revenue": 7103905000, "earnings": 174666000}, {"date": 2019, "revenue": 7479974000, "earnings": 197904000}, {"date": 2020, "revenue": 7206958000, "earnings": 212731000}], "quarterly": [{"date": "3Q2019", "revenue": 2464980000, "earnings": 113982000}, {"date": "4Q2019", "revenue": 1765870000, "earnings": 16823000}, {"date": "1Q2020", "revenue": 1271961000, "earnings": 44617000}, {"date": "2Q2020", "revenue": 637678000, "earnings": -251511000}]}, "financialCurrency": "INR"}, "calendarEvents": {"maxAge": 1, "earnings": {"earningsDate": ["2020-11-14 05:30:S", "2020-11-15 05:30:S"]}}, "price": {"maxAge": 1, "regularMarketChangePercent": -0.0030983263, "regularMarketChange": -0.59999084, "regularMarketTime": "2021-04-30 15:27:49", "priceHint": 2, "regularMarketPrice": 193.05, "regularMarketDayHigh": 198.0, "regularMarketDayLow": 192.0, "regularMarketVolume": 1309, "averageDailyVolume10Day": 757, "averageDailyVolume3Month": 1156, "regularMarketPreviousClose": 193.65, "regularMarketSource": "FREE_REALTIME", "regularMarketOpen": 193.65, "exchange": "BSE", "exchangeName": "BSE", "exchangeDataDelayedBy": 0, "marketState": "CLOSED", "quoteType": "EQUITY", "symbol": "BIL.BO", "underlyingSymbol": null, "shortName": "BHARTIYA INTERNATIONAL LTD.", "longName": "Bhartiya International Limited", "currency": "INR", "quoteSourceName": "Delayed Quote", "currencySymbol": "\u20b9", "fromCurrency": null, "toCurrency": null, "lastMarket": null, "marketCap": 2355576832}, "balanceSheetHistory": {"balanceSheetStatements": [{"maxAge": 1, "endDate": "2020-03-31", "cash": 493488000, "netReceivables": 1594269000, "inventory": 4269580000, "otherCurrentAssets": 278186000, "totalCurrentAssets": 6666511000, "longTermInvestments": 467659000, "propertyPlantEquipment": 1297425000, "goodWill": 2525000, "intangibleAssets": 6667000, "otherAssets": 603863000, "deferredLongTermAssetCharges": 2124000, "totalAssets": 9044650000, "accountsPayable": 771952000, "shortLongTermDebt": 85937000, "otherCurrentLiab": 135472000, "longTermDebt": 592592000, "otherLiab": 74154000, "minorityInterest": 14597000, "totalCurrentLiabilities": 4856981000, "totalLiab": 5577055000, "commonStock": 122019000, "retainedEarnings": 1513016000, "treasuryStock": 941942000, "capitalSurplus": 783446000, "otherStockholderEquity": 941942000, "totalStockholderEquity": 3360423000, "netTangibleAssets": 3351231000}, {"maxAge": 1, "endDate": "2019-03-31", "cash": 373690000, "netReceivables": 1636652000, "inventory": 4010347000, "otherCurrentAssets": 303896000, "totalCurrentAssets": 6352959000, "longTermInvestments": 1234718000, "propertyPlantEquipment": 1163975000, "goodWill": 2525000, "intangibleAssets": 13337000, "otherAssets": 409065000, "deferredLongTermAssetCharges": 2356000, "totalAssets": 9176579000, "accountsPayable": 1020598000, "shortLongTermDebt": 79690000, "otherCurrentLiab": 110017000, "longTermDebt": 597714000, "otherLiab": 116975000, "minorityInterest": 14756000, "totalCurrentLiabilities": 4512323000, "totalLiab": 5227012000, "commonStock": 121942000, "retainedEarnings": 2053651000, "treasuryStock": 886823000, "capitalSurplus": 779820000, "otherStockholderEquity": 886823000, "totalStockholderEquity": 3842236000, "netTangibleAssets": 3826374000}, {"maxAge": 1, "endDate": "2018-03-31", "cash": 270661000, "shortTermInvestments": 4541945, "netReceivables": 2454861000, "inventory": 3432544000, "otherCurrentAssets": 298063055, "totalCurrentAssets": 6538361000, "longTermInvestments": 1208825000, "propertyPlantEquipment": 1134982000, "goodWill": 3301000, "intangibleAssets": 19163000, "otherAssets": 194774000, "deferredLongTermAssetCharges": 3566000, "totalAssets": 9099406000, "accountsPayable": 1498643000, "shortLongTermDebt": 81366000, "otherCurrentLiab": 140609000, "longTermDebt": 472839000, "otherLiab": 100735000, "minorityInterest": 14981000, "totalCurrentLiabilities": 4776819000, "totalLiab": 5350393000, "commonStock": 121813000, "retainedEarnings": 1855658000, "treasuryStock": 929324000, "capitalSurplus": 773737000, "otherStockholderEquity": 929324000, "totalStockholderEquity": 3680532000, "netTangibleAssets": 3658068000}, {"maxAge": 1, "endDate": "2017-03-31", "cash": 465770224, "netReceivables": 1174768280, "inventory": 2803073117, "otherCurrentAssets": 241903604, "totalCurrentAssets": 4747304278, "longTermInvestments": 399339160, "propertyPlantEquipment": 870926542, "goodWill": 3312552, "intangibleAssets": 17969512, "otherAssets": 153593587, "deferredLongTermAssetCharges": 1458699, "totalAssets": 6192445631, "accountsPayable": 574930999, "shortLongTermDebt": 51787181, "otherCurrentLiab": 79743999, "longTermDebt": 305402877, "otherLiab": 89212988, "minorityInterest": 15323997, "totalCurrentLiabilities": 3122489178, "totalLiab": 3517105043, "commonStock": 117409450, "retainedEarnings": 1698400182, "treasuryStock": 316884679, "capitalSurplus": 518822280, "otherStockholderEquity": 316884679, "totalStockholderEquity": 2651516591, "netTangibleAssets": 2630234527}], "maxAge": 86400}, "earningsTrend": {"trend": [{"maxAge": 1, "period": "0q", "endDate": "2018-03-31", "growth": {}, "earningsEstimate": {"avg": 0.0, "low": 0.0, "high": 0.0, "yearAgoEps": {}, "numberOfAnalysts": 0, "growth": {}}, "revenueEstimate": {"avg": 0, "low": 0, "high": 0, "numberOfAnalysts": 0, "yearAgoRevenue": 1070020000, "growth": {}}, "epsTrend": {"current": 0.0, "7daysAgo": 0.0, "30daysAgo": 0.0, "60daysAgo": 0.0, "90daysAgo": 0.0}, "epsRevisions": {"upLast7days": 0, "upLast30days": 0, "downLast30days": 0, "downLast90days": {}}}, {"maxAge": 1, "period": "+1q", "endDate": "2018-06-30", "growth": {}, "earningsEstimate": {"avg": 0.0, "low": 0.0, "high": 0.0, "yearAgoEps": 1.89, "numberOfAnalysts": 0, "growth": {}}, "revenueEstimate": {"avg": 0, "low": 0, "high": 0, "numberOfAnalysts": 0, "yearAgoRevenue": {}, "growth": {}}, "epsTrend": {"current": 0.0, "7daysAgo": 0.0, "30daysAgo": 0.0, "60daysAgo": 0.0, "90daysAgo": 0.0}, "epsRevisions": {"upLast7days": 0, "upLast30days": 0, "downLast30days": 0, "downLast90days": {}}}, {"maxAge": 1, "period": "0y", "endDate": "2018-03-31", "growth": {}, "earningsEstimate": {"avg": 0.0, "low": 0.0, "high": 0.0, "yearAgoEps": {}, "numberOfAnalysts": 0, "growth": {}}, "revenueEstimate": {"avg": 5182600000, "low": 5447200000, "high": 5447200000, "numberOfAnalysts": 1, "yearAgoRevenue": 4778240000, "growth": 0.085}, "epsTrend": {"current": 0.0, "7daysAgo": 14.53, "30daysAgo": 14.53, "60daysAgo": 14.53, "90daysAgo": 14.53}, "epsRevisions": {"upLast7days": 0, "upLast30days": 0, "downLast30days": 0, "downLast90days": {}}}, {"maxAge": 1, "period": "+1y", "endDate": "2019-03-31", "growth": {}, "earningsEstimate": {"avg": 0.0, "low": 0.0, "high": 0.0, "yearAgoEps": {}, "numberOfAnalysts": 0, "growth": {}}, "revenueEstimate": {"avg": 6100860000, "low": 6100860000, "high": 6100860000, "numberOfAnalysts": 1, "yearAgoRevenue": 5182600000, "growth": 0.177}, "epsTrend": {"current": 0.0, "7daysAgo": 16.74, "30daysAgo": 16.74, "60daysAgo": 16.74, "90daysAgo": 16.74}, "epsRevisions": {"upLast7days": 0, "upLast30days": 0, "downLast30days": 0, "downLast90days": {}}}, {"maxAge": 1, "period": "+5y", "endDate": null, "growth": {}, "earningsEstimate": {"avg": {}, "low": {}, "high": {}, "yearAgoEps": {}, "numberOfAnalysts": {}, "growth": {}}, "revenueEstimate": {"avg": {}, "low": {}, "high": {}, "numberOfAnalysts": {}, "yearAgoRevenue": {}, "growth": {}}, "epsTrend": {"current": {}, "7daysAgo": {}, "30daysAgo": {}, "60daysAgo": {}, "90daysAgo": {}}, "epsRevisions": {"upLast7days": {}, "upLast30days": {}, "downLast30days": {}, "downLast90days": {}}}, {"maxAge": 1, "period": "-5y", "endDate": null, "growth": {}, "earningsEstimate": {"avg": {}, "low": {}, "high": {}, "yearAgoEps": {}, "numberOfAnalysts": {}, "growth": {}}, "revenueEstimate": {"avg": {}, "low": {}, "high": {}, "numberOfAnalysts": {}, "yearAgoRevenue": {}, "growth": {}}, "epsTrend": {"current": {}, "7daysAgo": {}, "30daysAgo": {}, "60daysAgo": {}, "90daysAgo": {}}, "epsRevisions": {"upLast7days": {}, "upLast30days": {}, "downLast30days": {}, "downLast90days": {}}}], "maxAge": 1}, "financialData": {"maxAge": 86400, "currentPrice": 193.05, "targetHighPrice": 530.0, "targetLowPrice": 530.0, "targetMeanPrice": 530.0, "targetMedianPrice": 530.0, "recommendationKey": "none", "numberOfAnalystOpinions": 1, "grossProfits": 2904533000, "financialCurrency": "INR"}}}