{"BIMETAL.BO": {"recommendationTrend": {"trend": [{"period": "0m", "strongBuy": 0, "buy": 0, "hold": 0, "sell": 0, "strongSell": 0}, {"period": "-1m", "strongBuy": 0, "buy": 0, "hold": 0, "sell": 0, "strongSell": 0}, {"period": "-2m", "strongBuy": 0, "buy": 0, "hold": 0, "sell": 0, "strongSell": 0}, {"period": "-3m", "strongBuy": 0, "buy": 0, "hold": 0, "sell": 0, "strongSell": 0}], "maxAge": 86400}, "cashflowStatementHistory": {"cashflowStatements": [{"maxAge": 1, "endDate": "2020-03-31", "netIncome": 10844000, "depreciation": 55775000, "changeToNetincome": -50142000, "changeToAccountReceivables": 100797000, "changeToLiabilities": -6677000, "changeToInventory": 45395000, "changeToOperatingActivities": -30934000, "totalCashFromOperatingActivities": 125982000, "capitalExpenditures": -167948000, "investments": 3691000, "otherCashflowsFromInvestingActivities": 72353000, "totalCashflowsFromInvestingActivities": -91513000, "dividendsPaid": -38324000, "netBorrowings": -4690000, "otherCashflowsFromFinancingActivities": -9673000, "totalCashFromFinancingActivities": -52687000, "changeInCash": -18218000}, {"maxAge": 1, "endDate": "2019-03-31", "netIncome": 114177000, "depreciation": 47051000, "changeToNetincome": -33821000, "changeToAccountReceivables": -164000, "changeToLiabilities": 1253000, "changeToInventory": -28138000, "changeToOperatingActivities": 18814000, "totalCashFromOperatingActivities": 122688000, "capitalExpenditures": -107924000, "investments": 6689000, "otherCashflowsFromInvestingActivities": 9059000, "totalCashflowsFromInvestingActivities": -91728000, "dividendsPaid": -34425000, "netBorrowings": -4690000, "otherCashflowsFromFinancingActivities": -7392000, "totalCashFromFinancingActivities": -41817000, "changeInCash": -10858000}, {"maxAge": 1, "endDate": "2018-03-31", "netIncome": 111505000, "depreciation": 41774000, "changeToNetincome": -41555000, "changeToAccountReceivables": -135539000, "changeToLiabilities": 8506000, "changeToInventory": 30343000, "changeToOperatingActivities": 102742000, "totalCashFromOperatingActivities": 120529000, "capitalExpenditures": -80461000, "investments": -28503000, "otherCashflowsFromInvestingActivities": 12060000, "totalCashflowsFromInvestingActivities": -96814000, "dividendsPaid": -34779000, "netBorrowings": -4690000, "otherCashflowsFromFinancingActivities": -448000, "totalCashFromFinancingActivities": -35227000, "changeInCash": -11512000}, {"maxAge": 1, "endDate": "2017-03-31", "netIncome": 40762000, "depreciation": 38187000, "changeToNetincome": -16000, "changeToAccountReceivables": -22354000, "changeToLiabilities": 75826000, "changeToInventory": -13113000, "changeToOperatingActivities": -67164000, "totalCashFromOperatingActivities": 54637000, "capitalExpenditures": -56769000, "investments": 4902000, "otherCashflowsFromInvestingActivities": 35979000, "totalCashflowsFromInvestingActivities": -15525000, "dividendsPaid": -28784000, "netBorrowings": -4690000, "otherCashflowsFromFinancingActivities": -7408000, "totalCashFromFinancingActivities": -36192000, "changeInCash": 2920000}], "maxAge": 86400}, "institutionOwnership": {"maxAge": 1, "ownershipList": []}, "balanceSheetHistoryQuarterly": {"balanceSheetStatements": [{"maxAge": 1, "endDate": "2020-06-30", "totalStockholderEquity": 1743549000, "netTangibleAssets": 1738167000}, {"maxAge": 1, "endDate": "2020-03-31", "cash": 10266000, "shortTermInvestments": 3000000, "netReceivables": 427115000, "inventory": 408437000, "otherCurrentAssets": 79293000, "totalCurrentAssets": 991515000, "longTermInvestments": 365227000, "propertyPlantEquipment": 606921000, "intangibleAssets": 5382000, "otherAssets": 124886000, "totalAssets": 2093931000, "accountsPayable": 224392000, "otherCurrentLiab": 38643000, "otherLiab": 44798000, "totalCurrentLiabilities": 302432000, "totalLiab": 350382000, "commonStock": 38250000, "retainedEarnings": 1534747000, "treasuryStock": 170552000, "otherStockholderEquity": 170552000, "totalStockholderEquity": 1743549000, "netTangibleAssets": 1738167000}, {"maxAge": 1, "endDate": "2019-12-31", "totalStockholderEquity": 1768801000, "netTangibleAssets": 1763513000}, {"maxAge": 1, "endDate": "2019-09-30", "cash": 25746000, "shortTermInvestments": 47333000, "netReceivables": 415500000, "inventory": 395843000, "otherCurrentAssets": 45609000, "totalCurrentAssets": 930031000, "longTermInvestments": 462261000, "propertyPlantEquipment": 510274000, "intangibleAssets": 5288000, "otherAssets": 131556000, "totalAssets": 2039410000, "accountsPayable": 195474000, "otherCurrentLiab": 21945000, "otherLiab": 45060000, "totalCurrentLiabilities": 222397000, "totalLiab": 270609000, "commonStock": 38250000, "treasuryStock": 1730551000, "otherStockholderEquity": 1730551000, "totalStockholderEquity": 1768801000, "netTangibleAssets": 1763513000}], "maxAge": 86400}, "earningsHistory": {"history": [{"maxAge": 1, "epsActual": {}, "epsEstimate": {}, "epsDifference": {}, "surprisePercent": {}, "quarter": {}, "period": "-4q"}, {"maxAge": 1, "epsActual": {}, "epsEstimate": {}, "epsDifference": {}, "surprisePercent": {}, "quarter": {}, "period": "-3q"}, {"maxAge": 1, "epsActual": {}, "epsEstimate": {}, "epsDifference": {}, "surprisePercent": {}, "quarter": {}, "period": "-2q"}, {"maxAge": 1, "epsActual": {}, "epsEstimate": {}, "epsDifference": {}, "surprisePercent": {}, "quarter": {}, "period": "-1q"}], "maxAge": 86400}, "indexTrend": {"maxAge": 1, "symbol": "SP5", "peRatio": 19.7411, "pegRatio": 1.34172, "estimates": [{"period": "0q", "growth": 0.549}, {"period": "+1q", "growth": 0.431}, {"period": "0y", "growth": 0.305}, {"period": "+1y", "growth": 0.109}, {"period": "+5y", "growth": 0.120859005}, {"period": "-5y"}]}, "industryTrend": {"maxAge": 1, "symbol": null, "estimates": []}, "insiderTransactions": {"transactions": [{"maxAge": 1, "shares": 3975, "filerUrl": "", "transactionText": "", "filerName": "Higginbothams Pvt. Ltd.", "filerRelation": "Promoter", "moneyText": "", "startDate": "2019-01-14", "ownership": "D"}], "maxAge": 1}, "quoteType": {"exchange": "BSE", "quoteType": "EQUITY", "symbol": "BIMETAL.BO", "underlyingSymbol": "BIMETAL.BO", "shortName": "BIMETAL BEARINGS LTD.", "longName": "Bimetal Bearings Limited", "firstTradeDateEpochUtc": "2000-11-08 09:15:00", "timeZoneFullName": "Asia/Kolkata", "timeZoneShortName": "IST", "uuid": "f37a9d7d-0d38-39fd-93e9-bee9fe541242", "messageBoardId": null, "gmtOffSetMilliseconds": 19800000, "maxAge": 1}, "incomeStatementHistory": {"incomeStatementHistory": [{"maxAge": 1, "endDate": "2020-03-31", "totalRevenue": 1491290000, "costOfRevenue": 822930000, "grossProfit": 668360000, "researchDevelopment": {}, "sellingGeneralAdministrative": 276889000, "nonRecurring": {}, "otherOperatingExpenses": 391475000, "totalOperatingExpenses": 1547993000, "operatingIncome": -56703000, "totalOtherIncomeExpenseNet": 65057000, "ebit": -56703000, "interestExpense": -832000, "incomeBeforeTax": 8354000, "incomeTaxExpense": -2490000, "minorityInterest": {}, "netIncomeFromContinuingOps": 10844000, "discontinuedOperations": {}, "extraordinaryItems": {}, "effectOfAccountingCharges": {}, "otherItems": {}, "netIncome": 10844000, "netIncomeApplicableToCommonShares": 10844000}, {"maxAge": 1, "endDate": "2019-03-31", "totalRevenue": 2064069000, "costOfRevenue": 1086245000, "grossProfit": 977824000, "researchDevelopment": {}, "sellingGeneralAdministrative": 268922000, "nonRecurring": {}, "otherOperatingExpenses": 544448000, "totalOperatingExpenses": 1950182000, "operatingIncome": 113887000, "totalOtherIncomeExpenseNet": 50641000, "ebit": 113887000, "interestExpense": -316000, "incomeBeforeTax": 164528000, "incomeTaxExpense": 50351000, "minorityInterest": {}, "netIncomeFromContinuingOps": 114177000, "discontinuedOperations": {}, "extraordinaryItems": {}, "effectOfAccountingCharges": {}, "otherItems": {}, "netIncome": 114177000, "netIncomeApplicableToCommonShares": 114177000}, {"maxAge": 1, "endDate": "2018-03-31", "totalRevenue": 1821334000, "costOfRevenue": 930053000, "grossProfit": 891281000, "researchDevelopment": {}, "sellingGeneralAdministrative": 246889000, "nonRecurring": {}, "otherOperatingExpenses": 512908000, "totalOperatingExpenses": 1734377000, "operatingIncome": 86957000, "totalOtherIncomeExpenseNet": 54384000, "ebit": 86957000, "interestExpense": -448000, "incomeBeforeTax": 141341000, "incomeTaxExpense": 29836000, "minorityInterest": {}, "netIncomeFromContinuingOps": 111505000, "discontinuedOperations": {}, "extraordinaryItems": {}, "effectOfAccountingCharges": {}, "otherItems": {}, "netIncome": 111505000, "netIncomeApplicableToCommonShares": 111505000}, {"maxAge": 1, "endDate": "2017-03-31", "totalRevenue": 1438425000, "costOfRevenue": 704185000, "grossProfit": 734240000, "researchDevelopment": {}, "sellingGeneralAdministrative": 231326000, "nonRecurring": {}, "otherOperatingExpenses": 447751000, "totalOperatingExpenses": 1424159000, "operatingIncome": 14266000, "totalOtherIncomeExpenseNet": 43029000, "ebit": 14266000, "interestExpense": -1568000, "incomeBeforeTax": 57295000, "incomeTaxExpense": 16533000, "minorityInterest": {}, "netIncomeFromContinuingOps": 40762000, "discontinuedOperations": {}, "extraordinaryItems": {}, "effectOfAccountingCharges": {}, "otherItems": {}, "netIncome": 40762000, "netIncomeApplicableToCommonShares": 40762000}], "maxAge": 86400}, "fundOwnership": {"maxAge": 1, "ownershipList": []}, "summaryDetail": {"maxAge": 1, "priceHint": 2, "previousClose": 291.25, "open": 289.05, "dayLow": 280.0, "dayHigh": 294.95, "regularMarketPreviousClose": 291.25, "regularMarketOpen": 289.05, "regularMarketDayLow": 280.0, "regularMarketDayHigh": 294.95, "volume": 505, "regularMarketVolume": 505, "averageVolume": 584, "averageVolume10days": 1238, "averageDailyVolume10Day": 1238, "bid": 280.2, "ask": 284.95, "bidSize": 0, "askSize": 0, "marketCap": 1077693696, "fiftyTwoWeekLow": 155.55, "fiftyTwoWeekHigh": 345.0, "fiftyDayAverage": 305.56143, "twoHundredDayAverage": 284.09235, "trailingAnnualDividendRate": 7.0, "trailingAnnualDividendYield": 0.024034334, "currency": "INR", "fromCurrency": null, "toCurrency": null, "lastMarket": null, "algorithm": null, "tradeable": false}, "sectorTrend": {"maxAge": 1, "symbol": null, "estimates": []}, "incomeStatementHistoryQuarterly": {"incomeStatementHistory": [{"maxAge": 1, "endDate": "2020-06-30", "totalRevenue": 157854000, "costOfRevenue": 87981000, "grossProfit": 69873000, "researchDevelopment": {}, "sellingGeneralAdministrative": 58136000, "nonRecurring": {}, "otherOperatingExpenses": 54106000, "totalOperatingExpenses": 212506000, "operatingIncome": -54652000, "totalOtherIncomeExpenseNet": 9154000, "ebit": -54652000, "interestExpense": -576000, "incomeBeforeTax": -45498000, "incomeTaxExpense": -6067000, "minorityInterest": {}, "netIncomeFromContinuingOps": -39431000, "discontinuedOperations": {}, "extraordinaryItems": {}, "effectOfAccountingCharges": {}, "otherItems": {}, "netIncome": -39431000, "netIncomeApplicableToCommonShares": -39431000}, {"maxAge": 1, "endDate": "2020-03-31", "totalRevenue": 366221000, "costOfRevenue": 215400000, "grossProfit": 150821000, "researchDevelopment": {}, "sellingGeneralAdministrative": 69095000, "nonRecurring": {}, "otherOperatingExpenses": 55946000, "totalOperatingExpenses": 355220000, "operatingIncome": 11001000, "totalOtherIncomeExpenseNet": 28718000, "ebit": 11001000, "interestExpense": -306000, "incomeBeforeTax": 39719000, "incomeTaxExpense": 2750000, "minorityInterest": {}, "netIncomeFromContinuingOps": 36969000, "discontinuedOperations": {}, "extraordinaryItems": {}, "effectOfAccountingCharges": {}, "otherItems": {}, "netIncome": 36969000, "netIncomeApplicableToCommonShares": 36969000}, {"maxAge": 1, "endDate": "2019-12-31", "totalRevenue": 299230000, "costOfRevenue": 152890000, "grossProfit": 146340000, "researchDevelopment": {}, "sellingGeneralAdministrative": 65650000, "nonRecurring": {}, "otherOperatingExpenses": 88020000, "totalOperatingExpenses": 320440000, "operatingIncome": -21210000, "totalOtherIncomeExpenseNet": 14230000, "ebit": -21210000, "interestExpense": -100000, "incomeBeforeTax": -6980000, "incomeTaxExpense": -1900000, "minorityInterest": {}, "netIncomeFromContinuingOps": -5080000, "discontinuedOperations": {}, "extraordinaryItems": {}, "effectOfAccountingCharges": {}, "otherItems": {}, "netIncome": -5080000, "netIncomeApplicableToCommonShares": -5080000}, {"maxAge": 1, "endDate": "2019-09-30", "totalRevenue": 358141000, "costOfRevenue": 197164000, "grossProfit": 160977000, "researchDevelopment": {}, "sellingGeneralAdministrative": 71326000, "nonRecurring": {}, "otherOperatingExpenses": 115647000, "totalOperatingExpenses": 398216000, "operatingIncome": -40075000, "totalOtherIncomeExpenseNet": 3801000, "ebit": -40075000, "interestExpense": -260000, "incomeBeforeTax": -36274000, "incomeTaxExpense": -6103000, "minorityInterest": {}, "netIncomeFromContinuingOps": -30171000, "discontinuedOperations": {}, "extraordinaryItems": {}, "effectOfAccountingCharges": {}, "otherItems": {}, "netIncome": -30171000, "netIncomeApplicableToCommonShares": -30171000}], "maxAge": 86400}, "cashflowStatementHistoryQuarterly": {"cashflowStatements": [{"maxAge": 1, "endDate": "2020-06-30", "netIncome": -39431000, "changeToLiabilities": 0}, {"maxAge": 1, "endDate": "2020-03-31", "netIncome": 36969000, "changeToLiabilities": 0}, {"maxAge": 1, "endDate": "2019-12-31", "netIncome": -5080000, "changeToLiabilities": 0}, {"maxAge": 1, "endDate": "2019-09-30", "netIncome": -30171000, "changeToLiabilities": 0}], "maxAge": 86400}, "insiderHolders": {"holders": [{"maxAge": 1, "name": "Higginbothams Pvt. Ltd.", "relation": "Promoter", "url": "", "transactionDescription": "Sale", "latestTransDate": "2019-01-14", "positionDirect": 0, "positionDirectDate": "2019-01-14"}], "maxAge": 1}, "earnings": {"maxAge": 86400, "earningsChart": {"quarterly": [], "earningsDate": ["2020-06-29 05:30:S"]}, "financialsChart": {"yearly": [{"date": 2017, "revenue": 1438425000, "earnings": 40762000}, {"date": 2018, "revenue": 1821334000, "earnings": 111505000}, {"date": 2019, "revenue": 2064069000, "earnings": 114177000}, {"date": 2020, "revenue": 1491290000, "earnings": 10844000}], "quarterly": [{"date": "3Q2019", "revenue": 358141000, "earnings": -30171000}, {"date": "4Q2019", "revenue": 299230000, "earnings": -5080000}, {"date": "1Q2020", "revenue": 366221000, "earnings": 36969000}, {"date": "2Q2020", "revenue": 157854000, "earnings": -39431000}]}, "financialCurrency": "INR"}, "calendarEvents": {"maxAge": 1, "earnings": {"earningsDate": ["2020-06-29 05:30:S"]}}, "price": {"maxAge": 1, "regularMarketChangePercent": -0.032618027, "regularMarketChange": -9.5, "regularMarketTime": "2021-04-30 15:28:55", "priceHint": 2, "regularMarketPrice": 281.75, "regularMarketDayHigh": 294.95, "regularMarketDayLow": 280.0, "regularMarketVolume": 505, "averageDailyVolume10Day": 1238, "averageDailyVolume3Month": 584, "regularMarketPreviousClose": 291.25, "regularMarketSource": "FREE_REALTIME", "regularMarketOpen": 289.05, "exchange": "BSE", "exchangeName": "BSE", "exchangeDataDelayedBy": 0, "marketState": "CLOSED", "quoteType": "EQUITY", "symbol": "BIMETAL.BO", "underlyingSymbol": null, "shortName": "BIMETAL BEARINGS LTD.", "longName": "Bimetal Bearings Limited", "currency": "INR", "quoteSourceName": "Delayed Quote", "currencySymbol": "\u20b9", "fromCurrency": null, "toCurrency": null, "lastMarket": null, "marketCap": 1077693696}, "balanceSheetHistory": {"balanceSheetStatements": [{"maxAge": 1, "endDate": "2020-03-31", "cash": 10266000, "shortTermInvestments": 3000000, "netReceivables": 427115000, "inventory": 408437000, "otherCurrentAssets": 79293000, "totalCurrentAssets": 991515000, "longTermInvestments": 365227000, "propertyPlantEquipment": 606921000, "intangibleAssets": 5382000, "otherAssets": 124886000, "totalAssets": 2093931000, "accountsPayable": 224392000, "otherCurrentLiab": 38643000, "otherLiab": 44798000, "totalCurrentLiabilities": 302432000, "totalLiab": 350382000, "commonStock": 38250000, "retainedEarnings": 1534747000, "treasuryStock": 170552000, "otherStockholderEquity": 170552000, "totalStockholderEquity": 1743549000, "netTangibleAssets": 1738167000}, {"maxAge": 1, "endDate": "2019-03-31", "cash": 28484000, "shortTermInvestments": 811000, "netReceivables": 510918000, "inventory": 453832000, "otherCurrentAssets": 56262000, "totalCurrentAssets": 1097558000, "longTermInvestments": 452128000, "propertyPlantEquipment": 477694000, "intangibleAssets": 5982000, "otherAssets": 136341000, "totalAssets": 2169703000, "accountsPayable": 244368000, "otherCurrentLiab": 37073000, "otherLiab": 47501000, "totalCurrentLiabilities": 291574000, "totalLiab": 339075000, "commonStock": 38250000, "retainedEarnings": 1571496000, "treasuryStock": 220882000, "otherStockholderEquity": 220882000, "totalStockholderEquity": 1830628000, "netTangibleAssets": 1824646000}, {"maxAge": 1, "endDate": "2018-03-31", "cash": 39341000, "shortTermInvestments": 3000000, "netReceivables": 520641000, "inventory": 425694000, "otherCurrentAssets": 85704000, "totalCurrentAssets": 1098595000, "longTermInvestments": 441965000, "propertyPlantEquipment": 416836000, "intangibleAssets": 9981000, "otherAssets": 94779000, "totalAssets": 2062156000, "accountsPayable": 243880000, "otherCurrentLiab": 12067000, "otherLiab": 39036000, "totalCurrentLiabilities": 272132000, "totalLiab": 311168000, "commonStock": 38250000, "retainedEarnings": 1498820000, "treasuryStock": 213918000, "otherStockholderEquity": 213918000, "totalStockholderEquity": 1750988000, "netTangibleAssets": 1741007000}, {"maxAge": 1, "endDate": "2017-03-31", "cash": 50853000, "shortTermInvestments": 4000000, "netReceivables": 429394000, "inventory": 456037000, "otherCurrentAssets": 168127000, "totalCurrentAssets": 1129508000, "longTermInvestments": 372615000, "propertyPlantEquipment": 379100000, "intangibleAssets": 9210000, "otherAssets": 59427000, "totalAssets": 1949860000, "accountsPayable": 235376000, "otherCurrentLiab": 10621000, "otherLiab": 49483000, "totalCurrentLiabilities": 263709000, "totalLiab": 313192000, "commonStock": 38250000, "retainedEarnings": 1421462000, "treasuryStock": 176956000, "otherStockholderEquity": 176956000, "totalStockholderEquity": 1636668000, "netTangibleAssets": 1627458000}], "maxAge": 86400}, "earningsTrend": {"trend": [{"maxAge": 1, "period": "0q", "endDate": null, "growth": {}, "earningsEstimate": {"avg": 0.0, "low": 0.0, "high": 0.0, "yearAgoEps": {}, "numberOfAnalysts": 0, "growth": {}}, "revenueEstimate": {"avg": 0, "low": 0, "high": 0, "numberOfAnalysts": 0, "yearAgoRevenue": {}, "growth": {}}, "epsTrend": {"current": 0.0, "7daysAgo": 0.0, "30daysAgo": 0.0, "60daysAgo": 0.0, "90daysAgo": 0.0}, "epsRevisions": {"upLast7days": 0, "upLast30days": 0, "downLast30days": 0, "downLast90days": {}}}, {"maxAge": 1, "period": "+1q", "endDate": null, "growth": {}, "earningsEstimate": {"avg": 0.0, "low": 0.0, "high": 0.0, "yearAgoEps": {}, "numberOfAnalysts": 0, "growth": {}}, "revenueEstimate": {"avg": 0, "low": 0, "high": 0, "numberOfAnalysts": 0, "yearAgoRevenue": {}, "growth": {}}, "epsTrend": {"current": 0.0, "7daysAgo": 0.0, "30daysAgo": 0.0, "60daysAgo": 0.0, "90daysAgo": 0.0}, "epsRevisions": {"upLast7days": 0, "upLast30days": 0, "downLast30days": 0, "downLast90days": {}}}, {"maxAge": 1, "period": "0y", "endDate": null, "growth": {}, "earningsEstimate": {"avg": 0.0, "low": 0.0, "high": 0.0, "yearAgoEps": {}, "numberOfAnalysts": 0, "growth": {}}, "revenueEstimate": {"avg": 0, "low": 0, "high": 0, "numberOfAnalysts": 0, "yearAgoRevenue": {}, "growth": {}}, "epsTrend": {"current": 0.0, "7daysAgo": 0.0, "30daysAgo": 0.0, "60daysAgo": 0.0, "90daysAgo": 0.0}, "epsRevisions": {"upLast7days": 0, "upLast30days": 0, "downLast30days": 0, "downLast90days": {}}}, {"maxAge": 1, "period": "+1y", "endDate": null, "growth": {}, "earningsEstimate": {"avg": 0.0, "low": 0.0, "high": 0.0, "yearAgoEps": {}, "numberOfAnalysts": 0, "growth": {}}, "revenueEstimate": {"avg": 0, "low": 0, "high": 0, "numberOfAnalysts": 0, "yearAgoRevenue": {}, "growth": {}}, "epsTrend": {"current": 0.0, "7daysAgo": 0.0, "30daysAgo": 0.0, "60daysAgo": 0.0, "90daysAgo": 0.0}, "epsRevisions": {"upLast7days": 0, "upLast30days": 0, "downLast30days": 0, "downLast90days": {}}}, {"maxAge": 1, "period": "+5y", "endDate": null, "growth": {}, "earningsEstimate": {"avg": {}, "low": {}, "high": {}, "yearAgoEps": {}, "numberOfAnalysts": {}, "growth": {}}, "revenueEstimate": {"avg": {}, "low": {}, "high": {}, "numberOfAnalysts": {}, "yearAgoRevenue": {}, "growth": {}}, "epsTrend": {"current": {}, "7daysAgo": {}, "30daysAgo": {}, "60daysAgo": {}, "90daysAgo": {}}, "epsRevisions": {"upLast7days": {}, "upLast30days": {}, "downLast30days": {}, "downLast90days": {}}}, {"maxAge": 1, "period": "-5y", "endDate": null, "growth": {}, "earningsEstimate": {"avg": {}, "low": {}, "high": {}, "yearAgoEps": {}, "numberOfAnalysts": {}, "growth": {}}, "revenueEstimate": {"avg": {}, "low": {}, "high": {}, "numberOfAnalysts": {}, "yearAgoRevenue": {}, "growth": {}}, "epsTrend": {"current": {}, "7daysAgo": {}, "30daysAgo": {}, "60daysAgo": {}, "90daysAgo": {}}, "epsRevisions": {"upLast7days": {}, "upLast30days": {}, "downLast30days": {}, "downLast90days": {}}}], "maxAge": 1}, "financialData": {"maxAge": 86400, "currentPrice": 281.75, "recommendationKey": "none", "grossProfits": 668360000, "financialCurrency": "INR"}}}