{"BINDALAGRO.BO": {"cashflowStatementHistory": {"cashflowStatements": [{"maxAge": 1, "endDate": "2020-03-31", "netIncome": 714573000, "depreciation": 39283000, "changeToNetincome": -667943000, "changeToLiabilities": 0, "changeToInventory": -511681000, "changeToOperatingActivities": -3076000, "totalCashFromOperatingActivities": -428844000, "capitalExpenditures": -1285000, "investments": 37193000, "otherCashflowsFromInvestingActivities": 713470000, "totalCashflowsFromInvestingActivities": 468370000, "netBorrowings": -28859000, "totalCashFromFinancingActivities": -28859000, "changeInCash": 10667000}, {"maxAge": 1, "endDate": "2019-03-31", "netIncome": 480780000, "depreciation": 17573000, "changeToNetincome": -932752000, "changeToLiabilities": 0, "changeToInventory": -511681000, "changeToOperatingActivities": 219314000, "totalCashFromOperatingActivities": -215085000, "capitalExpenditures": -7592000, "investments": 395441000, "otherCashflowsFromInvestingActivities": 586235000, "totalCashflowsFromInvestingActivities": 202240000, "netBorrowings": -28859000, "totalCashFromFinancingActivities": -28859000, "changeInCash": -12845000}, {"maxAge": 1, "endDate": "2018-03-31", "netIncome": 420573000, "depreciation": 19697000, "changeToNetincome": -727553000, "changeToLiabilities": 0, "changeToInventory": -2961000, "changeToOperatingActivities": 144372000, "totalCashFromOperatingActivities": -145872000, "capitalExpenditures": -5391000, "investments": 771904000, "otherCashflowsFromInvestingActivities": 839082000, "totalCashflowsFromInvestingActivities": 89645000, "netBorrowings": -28859000, "otherCashflowsFromFinancingActivities": 11446000, "totalCashFromFinancingActivities": 11446000, "changeInCash": -44781000}, {"maxAge": 1, "endDate": "2017-03-31", "netIncome": 658861000, "depreciation": 23498000, "changeToNetincome": -883777000, "changeToAccountReceivables": 691801000, "changeToLiabilities": 0, "changeToInventory": -916000, "changeToOperatingActivities": 58706000, "totalCashFromOperatingActivities": 548173000, "capitalExpenditures": -704000, "investments": -272256000, "otherCashflowsFromInvestingActivities": 444000000, "totalCashflowsFromInvestingActivities": -503471000, "netBorrowings": -28859000, "otherCashflowsFromFinancingActivities": -1108000, "totalCashFromFinancingActivities": -1108000, "changeInCash": 43594000}], "maxAge": 86400}, "institutionOwnership": {"maxAge": 1, "ownershipList": []}, "balanceSheetHistoryQuarterly": {"balanceSheetStatements": [{"maxAge": 1, "endDate": "2020-06-30", "totalStockholderEquity": 23864313000, "netTangibleAssets": 23864313000}, {"maxAge": 1, "endDate": "2020-03-31", "cash": 20221000, "netReceivables": 7057299000, "inventory": 1139476000, "otherCurrentAssets": 31375000, "totalCurrentAssets": 8312184000, "longTermInvestments": 4000, "propertyPlantEquipment": 1265701000, "otherAssets": 14770031000, "deferredLongTermAssetCharges": 201228000, "totalAssets": 24347920000, "otherCurrentLiab": 335950000, "otherLiab": 38163000, "totalCurrentLiabilities": 392894000, "totalLiab": 483607000, "commonStock": 2568092000, "retainedEarnings": 14281304000, "treasuryStock": 2589628000, "capitalSurplus": 4425289000, "otherStockholderEquity": 2589628000, "totalStockholderEquity": 23864313000, "netTangibleAssets": 23864313000}, {"maxAge": 1, "endDate": "2019-12-31", "totalStockholderEquity": 23447921000, "netTangibleAssets": 23447921000}, {"maxAge": 1, "endDate": "2019-09-30", "cash": 46987000, "shortTermInvestments": 62449000, "netReceivables": 6860171000, "inventory": 627795000, "otherCurrentAssets": 4005750000, "totalCurrentAssets": 11603152000, "longTermInvestments": 2938335000, "propertyPlantEquipment": 1284693000, "otherAssets": 8112025000, "deferredLongTermAssetCharges": 309457000, "totalAssets": 23938205000, "otherCurrentLiab": 378446000, "otherLiab": 99396000, "totalCurrentLiabilities": 390888000, "totalLiab": 490284000, "commonStock": 2568092000, "treasuryStock": 20879829000, "otherStockholderEquity": 20879829000, "totalStockholderEquity": 23447921000, "netTangibleAssets": 23447921000}], "maxAge": 86400}, "indexTrend": {"maxAge": 1, "symbol": "SP5", "peRatio": 19.7411, "pegRatio": 1.34172, "estimates": [{"period": "0q", "growth": 0.549}, {"period": "+1q", "growth": 0.431}, {"period": "0y", "growth": 0.305}, {"period": "+1y", "growth": 0.109}, {"period": "+5y", "growth": 0.120865}, {"period": "-5y"}]}, "quoteType": {"exchange": "BSE", "quoteType": "EQUITY", "symbol": "BINDALAGRO.BO", "underlyingSymbol": "BINDALAGRO.BO", "shortName": "Oswal Greentech Limited", "longName": "Oswal Greentech Limited", "firstTradeDateEpochUtc": "1998-12-30 09:15:00", "timeZoneFullName": "Asia/Kolkata", "timeZoneShortName": "IST", "uuid": "e825146b-46ef-3665-b1bb-bb835e45ccd4", "messageBoardId": null, "gmtOffSetMilliseconds": 19800000, "maxAge": 1}, "incomeStatementHistory": {"incomeStatementHistory": [{"maxAge": 1, "endDate": "2020-03-31", "totalRevenue": 1154255000, "costOfRevenue": -501697000, "grossProfit": 1655952000, "researchDevelopment": {}, "sellingGeneralAdministrative": 141011000, "nonRecurring": {}, "otherOperatingExpenses": 234188000, "totalOperatingExpenses": -87215000, "operatingIncome": 1241470000, "totalOtherIncomeExpenseNet": -223195000, "ebit": 1241470000, "interestExpense": -11861000, "incomeBeforeTax": 1018275000, "incomeTaxExpense": 303702000, "minorityInterest": {}, "netIncomeFromContinuingOps": 714573000, "discontinuedOperations": {}, "extraordinaryItems": {}, "effectOfAccountingCharges": {}, "otherItems": {}, "netIncome": 714573000, "netIncomeApplicableToCommonShares": 714573000}, {"maxAge": 1, "endDate": "2019-03-31", "totalRevenue": 1101768000, "costOfRevenue": 7322000, "grossProfit": 1094446000, "researchDevelopment": {}, "sellingGeneralAdministrative": 162597000, "nonRecurring": {}, "otherOperatingExpenses": 244369000, "totalOperatingExpenses": 431861000, "operatingIncome": 669907000, "totalOtherIncomeExpenseNet": 16051000, "ebit": 669907000, "interestExpense": -3042000, "incomeBeforeTax": 685958000, "incomeTaxExpense": 205178000, "minorityInterest": {}, "netIncomeFromContinuingOps": 480780000, "discontinuedOperations": {}, "extraordinaryItems": {}, "effectOfAccountingCharges": {}, "otherItems": {}, "netIncome": 480780000, "netIncomeApplicableToCommonShares": 480780000}, {"maxAge": 1, "endDate": "2018-03-31", "totalRevenue": 1001717000, "costOfRevenue": 15329000, "grossProfit": 986388000, "researchDevelopment": {}, "sellingGeneralAdministrative": 163665000, "nonRecurring": {}, "otherOperatingExpenses": 123440000, "totalOperatingExpenses": 322131000, "operatingIncome": 679586000, "totalOtherIncomeExpenseNet": 15527000, "ebit": 679586000, "interestExpense": -2569000, "incomeBeforeTax": 695113000, "incomeTaxExpense": 274540000, "minorityInterest": {}, "netIncomeFromContinuingOps": 420573000, "discontinuedOperations": {}, "extraordinaryItems": {}, "effectOfAccountingCharges": {}, "otherItems": {}, "netIncome": 420573000, "netIncomeApplicableToCommonShares": 420573000}, {"maxAge": 1, "endDate": "2017-03-31", "totalRevenue": 1008202000, "costOfRevenue": 11156000, "grossProfit": 997046000, "researchDevelopment": {}, "sellingGeneralAdministrative": 143222000, "nonRecurring": {}, "otherOperatingExpenses": 108167000, "totalOperatingExpenses": 286043000, "operatingIncome": 722159000, "totalOtherIncomeExpenseNet": -249909000, "ebit": 722159000, "interestExpense": -3046000, "incomeBeforeTax": 472250000, "incomeTaxExpense": -186611000, "minorityInterest": {}, "netIncomeFromContinuingOps": 658861000, "discontinuedOperations": {}, "extraordinaryItems": {}, "effectOfAccountingCharges": {}, "otherItems": {}, "netIncome": 658861000, "netIncomeApplicableToCommonShares": 658861000}], "maxAge": 86400}, "fundOwnership": {"maxAge": 1, "ownershipList": []}, "summaryDetail": {"maxAge": 1, "priceHint": 2, "previousClose": 17.0, "open": 16.9, "dayLow": 16.5, "dayHigh": 17.0, "regularMarketPreviousClose": 17.0, "regularMarketOpen": 16.9, "regularMarketDayLow": 16.5, "regularMarketDayHigh": 17.0, "trailingPE": 5.8091283, "volume": 14797, "regularMarketVolume": 14797, "averageVolume": 25910, "averageVolume10days": 10785, "averageDailyVolume10Day": 10785, "bid": 16.8, "ask": 16.95, "bidSize": 0, "askSize": 0, "marketCap": 4295306240, "fiftyTwoWeekLow": 6.06, "fiftyTwoWeekHigh": 24.5, "fiftyDayAverage": 18.238571, "twoHundredDayAverage": 14.1837225, "currency": "INR", "fromCurrency": null, "toCurrency": null, "lastMarket": null, "algorithm": null, "tradeable": false}, "incomeStatementHistoryQuarterly": {"incomeStatementHistory": [{"maxAge": 1, "endDate": "2020-06-30", "totalRevenue": 288763000, "costOfRevenue": 0, "grossProfit": 288763000, "researchDevelopment": {}, "sellingGeneralAdministrative": 47057000, "nonRecurring": {}, "otherOperatingExpenses": 6803000, "totalOperatingExpenses": 63091000, "operatingIncome": 225672000, "totalOtherIncomeExpenseNet": -8094000, "ebit": 225672000, "interestExpense": -2639000, "incomeBeforeTax": 217578000, "incomeTaxExpense": 49117000, "minorityInterest": {}, "netIncomeFromContinuingOps": 168461000, "discontinuedOperations": {}, "extraordinaryItems": {}, "effectOfAccountingCharges": {}, "otherItems": {}, "netIncome": 168461000, "netIncomeApplicableToCommonShares": 168461000}, {"maxAge": 1, "endDate": "2020-03-31", "totalRevenue": 269571000, "costOfRevenue": -501697000, "grossProfit": 771268000, "researchDevelopment": {}, "sellingGeneralAdministrative": -22026000, "nonRecurring": {}, "otherOperatingExpenses": 193124000, "totalOperatingExpenses": -320771000, "operatingIncome": 590342000, "totalOtherIncomeExpenseNet": -177526000, "ebit": 590342000, "interestExpense": -2639000, "incomeBeforeTax": 412816000, "incomeTaxExpense": 122157000, "minorityInterest": {}, "netIncomeFromContinuingOps": 290659000, "discontinuedOperations": {}, "extraordinaryItems": {}, "effectOfAccountingCharges": {}, "otherItems": {}, "netIncome": 290659000, "netIncomeApplicableToCommonShares": 290659000}, {"maxAge": 1, "endDate": "2019-12-31", "totalRevenue": 283799000, "costOfRevenue": 0, "grossProfit": 283799000, "researchDevelopment": {}, "sellingGeneralAdministrative": 65448000, "nonRecurring": {}, "otherOperatingExpenses": 14514000, "totalOperatingExpenses": 89832000, "operatingIncome": 193967000, "totalOtherIncomeExpenseNet": -6372000, "ebit": 193967000, "interestExpense": -6263000, "incomeBeforeTax": 187595000, "incomeTaxExpense": 53522000, "minorityInterest": {}, "netIncomeFromContinuingOps": 134073000, "discontinuedOperations": {}, "extraordinaryItems": {}, "effectOfAccountingCharges": {}, "otherItems": {}, "netIncome": 134073000, "netIncomeApplicableToCommonShares": 134073000}, {"maxAge": 1, "endDate": "2019-09-30", "totalRevenue": 304781000, "costOfRevenue": 0, "grossProfit": 304781000, "researchDevelopment": {}, "sellingGeneralAdministrative": 47669000, "nonRecurring": {}, "otherOperatingExpenses": 16774000, "totalOperatingExpenses": 74276000, "operatingIncome": 230505000, "totalOtherIncomeExpenseNet": -15340000, "ebit": 230505000, "interestExpense": -2220000, "incomeBeforeTax": 215165000, "incomeTaxExpense": 65612000, "minorityInterest": {}, "netIncomeFromContinuingOps": 149553000, "discontinuedOperations": {}, "extraordinaryItems": {}, "effectOfAccountingCharges": {}, "otherItems": {}, "netIncome": 149553000, "netIncomeApplicableToCommonShares": 149553000}], "maxAge": 86400}, "cashflowStatementHistoryQuarterly": {"cashflowStatements": [{"maxAge": 1, "endDate": "2020-06-30", "netIncome": 168461000, "changeToLiabilities": 0}, {"maxAge": 1, "endDate": "2020-03-31", "netIncome": 290659000, "changeToLiabilities": 0}, {"maxAge": 1, "endDate": "2019-12-31", "netIncome": 134073000, "changeToLiabilities": 0}, {"maxAge": 1, "endDate": "2019-09-30", "netIncome": 149553000, "changeToLiabilities": 0}], "maxAge": 86400}, "insiderHolders": {"holders": [], "maxAge": 1}, "calendarEvents": {"maxAge": 1, "earnings": {"earningsDate": []}}, "price": {"maxAge": 1, "regularMarketChangePercent": -0.011764751, "regularMarketChange": -0.20000076, "regularMarketTime": "2021-04-30 15:12:55", "priceHint": 2, "regularMarketPrice": 16.8, "regularMarketDayHigh": 17.0, "regularMarketDayLow": 16.5, "regularMarketVolume": 14797, "averageDailyVolume10Day": 10785, "averageDailyVolume3Month": 25910, "regularMarketPreviousClose": 17.0, "regularMarketSource": "FREE_REALTIME", "regularMarketOpen": 16.9, "exchange": "BSE", "exchangeName": "BSE", "exchangeDataDelayedBy": 0, "marketState": "CLOSED", "quoteType": "EQUITY", "symbol": "BINDALAGRO.BO", "underlyingSymbol": null, "shortName": "Oswal Greentech Limited", "longName": "Oswal Greentech Limited", "currency": "INR", "quoteSourceName": "Delayed Quote", "currencySymbol": "\u20b9", "fromCurrency": null, "toCurrency": null, "lastMarket": null, "marketCap": 4295306240}, "balanceSheetHistory": {"balanceSheetStatements": [{"maxAge": 1, "endDate": "2020-03-31", "cash": 20221000, "netReceivables": 7057299000, "inventory": 1139476000, "otherCurrentAssets": 31375000, "totalCurrentAssets": 8312184000, "longTermInvestments": 4000, "propertyPlantEquipment": 1265701000, "otherAssets": 14770031000, "deferredLongTermAssetCharges": 201228000, "totalAssets": 24347920000, "otherCurrentLiab": 335950000, "otherLiab": 38163000, "totalCurrentLiabilities": 392894000, "totalLiab": 483607000, "commonStock": 2568092000, "retainedEarnings": 14281304000, "treasuryStock": 2589628000, "capitalSurplus": 4425289000, "otherStockholderEquity": 2589628000, "totalStockholderEquity": 23864313000, "netTangibleAssets": 23864313000}, {"maxAge": 1, "endDate": "2019-03-31", "cash": 9554000, "shortTermInvestments": 92421000, "netReceivables": 9120135000, "inventory": 627795000, "otherCurrentAssets": 4031797000, "totalCurrentAssets": 13882398000, "longTermInvestments": 8000, "propertyPlantEquipment": 1208273000, "otherAssets": 8471852000, "deferredLongTermAssetCharges": 307691000, "totalAssets": 23562531000, "otherCurrentLiab": 342217000, "otherLiab": 33743000, "totalCurrentLiabilities": 370706000, "totalLiab": 404449000, "commonStock": 2568092000, "retainedEarnings": 13566731000, "treasuryStock": 2597970000, "capitalSurplus": 4425289000, "otherStockholderEquity": 2597970000, "totalStockholderEquity": 23158082000, "netTangibleAssets": 23158082000}, {"maxAge": 1, "endDate": "2018-03-31", "cash": 22399000, "netReceivables": 7676130000, "inventory": 627795000, "otherCurrentAssets": 4034223000, "totalCurrentAssets": 12833805000, "longTermInvestments": 13000, "propertyPlantEquipment": 1219642000, "otherAssets": 9046143000, "deferredLongTermAssetCharges": 306257000, "totalAssets": 23099603000, "otherCurrentLiab": 368719000, "otherLiab": 28421000, "totalCurrentLiabilities": 394462000, "totalLiab": 422883000, "commonStock": 2568092000, "retainedEarnings": 13085951000, "treasuryStock": 2597388000, "capitalSurplus": 4425289000, "otherStockholderEquity": 2597388000, "totalStockholderEquity": 22676720000, "netTangibleAssets": 22676720000}, {"maxAge": 1, "endDate": "2017-03-31", "cash": 67180000, "shortTermInvestments": 20723000, "netReceivables": 5977456000, "inventory": 624834000, "otherCurrentAssets": 5284404000, "totalCurrentAssets": 12883491000, "longTermInvestments": 470616000, "propertyPlantEquipment": 1235173000, "otherAssets": 8066343000, "deferredLongTermAssetCharges": 372310000, "totalAssets": 22655623000, "otherCurrentLiab": 362961000, "otherLiab": 18647000, "totalCurrentLiabilities": 383813000, "totalLiab": 402460000, "commonStock": 2568092000, "retainedEarnings": 12665378000, "treasuryStock": 2594404000, "capitalSurplus": 4425289000, "otherStockholderEquity": 2594404000, "totalStockholderEquity": 22253163000, "netTangibleAssets": 22253163000}], "maxAge": 86400}, "financialData": {"maxAge": 86400, "currentPrice": 16.8, "recommendationKey": "none", "grossProfits": 1655952000, "financialCurrency": "INR"}}}