{"BIOFILCHEM.NS": {"assetProfile": {"address1": "B-12/B, Industrial Estate", "address2": "Pologround", "city": "Indore", "zip": "452015", "country": "India", "phone": "91 73 1242 6700", "fax": "91 73 1242 6726", "website": "http://www.biofilgroup.net", "industry": "Drug Manufacturers\u2014Specialty & Generic", "sector": "Healthcare", "longBusinessSummary": "Biofil Chemicals and Pharmaceuticals Limited engages in the pharmaceutical and chemical businesses primarily in India. The company offers basic drugs and chemicals, such as sodium chloride, potassium chloride, sodium citrate, diethyl carbamazine citrate, ferrous sulphate, dried ferrous sulphate, ferrous fumerate, micro crystalline cellulose, and dicyclomine hydrochloride; and plastic dippers and caps. It also provides job work service for manufacturing of pharmaceuticals. The company was founded in 1985 and is based in Indore, India.", "fullTimeEmployees": 41, "companyOfficers": [{"maxAge": 1, "name": "Mr. Ramesh S. Shah", "age": 84, "title": "Chairman, CEO & MD", "yearBorn": 1936, "fiscalYear": 2020, "totalPay": 0, "exercisedValue": 0, "unexercisedValue": 0}, {"maxAge": 1, "name": "Mr. Jitendra Kumar Sahu", "age": 34, "title": "Chief Fin. Officer", "yearBorn": 1986, "fiscalYear": 2020, "totalPay": 318000, "exercisedValue": 0, "unexercisedValue": 0}, {"maxAge": 1, "name": "Mr. Ketan  Shah", "age": 59, "title": "COO & Whole Time Director", "yearBorn": 1961, "exercisedValue": 0, "unexercisedValue": 0}, {"maxAge": 1, "name": "Ms. Shikha  Khilwani", "age": 31, "title": "Company Sec. & Compliance Officer", "yearBorn": 1989, "fiscalYear": 2020, "totalPay": 318000, "exercisedValue": 0, "unexercisedValue": 0}, {"maxAge": 1, "name": "Joseph  Chacko", "age": 59, "title": "Head of Admin.", "yearBorn": 1961, "exercisedValue": 0, "unexercisedValue": 0}, {"maxAge": 1, "name": "Akshay  Atri", "age": 29, "title": "Marketing Mang.", "yearBorn": 1991, "exercisedValue": 0, "unexercisedValue": 0}, {"maxAge": 1, "name": "Vinayak  Bhopte", "age": 46, "title": "Chief Chemist", "yearBorn": 1974, "exercisedValue": 0, "unexercisedValue": 0}], "compensationAsOfEpochDate": "2020-12-31 05:30:00", "maxAge": 86400}, "cashflowStatementHistory": {"cashflowStatements": [{"maxAge": 1, "endDate": "2020-03-31", "netIncome": 12072000, "depreciation": 4083000, "changeToNetincome": 2977000, "changeToAccountReceivables": -176836000, "changeToLiabilities": 173341000, "changeToInventory": -5012000, "changeToOperatingActivities": -193000, "totalCashFromOperatingActivities": 10432000, "capitalExpenditures": -2067000, "totalCashflowsFromInvestingActivities": -2067000, "netBorrowings": -4453000, "otherCashflowsFromFinancingActivities": -1214000, "totalCashFromFinancingActivities": -5667000, "changeInCash": 2698000}, {"maxAge": 1, "endDate": "2019-03-31", "netIncome": 4823000, "depreciation": 3651000, "changeToNetincome": 1646000, "changeToAccountReceivables": 95582000, "changeToLiabilities": -5583000, "changeToInventory": -1661000, "changeToOperatingActivities": -3346000, "totalCashFromOperatingActivities": 95112000, "capitalExpenditures": -14125000, "totalCashflowsFromInvestingActivities": -14125000, "netBorrowings": 788000, "otherCashflowsFromFinancingActivities": -1604000, "totalCashFromFinancingActivities": -816000, "changeInCash": 80171000}, {"maxAge": 1, "endDate": "2018-03-31", "netIncome": 4707000, "depreciation": 2963000, "changeToNetincome": -2366000, "changeToAccountReceivables": -15164000, "changeToLiabilities": 20465000, "changeToInventory": -8585000, "changeToOperatingActivities": 2615000, "totalCashFromOperatingActivities": 4635000, "capitalExpenditures": -3786000, "totalCashflowsFromInvestingActivities": -3786000, "netBorrowings": 1305000, "otherCashflowsFromFinancingActivities": -1506000, "totalCashFromFinancingActivities": -201000, "changeInCash": 648000}, {"maxAge": 1, "endDate": "2017-03-31", "netIncome": 17942000, "depreciation": 2842000, "changeToNetincome": 4763000, "changeToAccountReceivables": 25202000, "changeToLiabilities": -44966000, "changeToInventory": -703000, "changeToOperatingActivities": 2034000, "totalCashFromOperatingActivities": 7114000, "capitalExpenditures": -5204000, "totalCashflowsFromInvestingActivities": -4776000, "netBorrowings": 581000, "otherCashflowsFromFinancingActivities": -1631000, "totalCashFromFinancingActivities": -1050000, "changeInCash": 1288000}], "maxAge": 86400}, "institutionOwnership": {"maxAge": 1, "ownershipList": []}, "majorHoldersBreakdown": {"maxAge": 1, "insidersPercentHeld": 0.64992994, "institutionsPercentHeld": 0.0, "institutionsFloatPercentHeld": 0.0, "institutionsCount": 0}, "balanceSheetHistoryQuarterly": {"balanceSheetStatements": [{"maxAge": 1, "endDate": "2020-12-31", "totalStockholderEquity": 160271000, "netTangibleAssets": 160271000}, {"maxAge": 1, "endDate": "2020-09-30", "cash": 2971000, "netReceivables": 222190000, "inventory": 11009000, "otherCurrentAssets": 6196000, "totalCurrentAssets": 242366000, "propertyPlantEquipment": 100138000, "otherAssets": 1000, "totalAssets": 342505000, "accountsPayable": 170086000, "shortLongTermDebt": 8021000, "otherCurrentLiab": 4127000, "totalCurrentLiabilities": 182234000, "totalLiab": 182234000, "commonStock": 162738000, "treasuryStock": -2467000, "otherStockholderEquity": -2467000, "totalStockholderEquity": 160271000, "netTangibleAssets": 160271000}, {"maxAge": 1, "endDate": "2020-06-30", "totalStockholderEquity": 148832000, "netTangibleAssets": 148832000}, {"maxAge": 1, "endDate": "2020-03-31", "cash": 2560000, "netReceivables": 299248000, "inventory": 16921000, "otherCurrentAssets": 3808000, "totalCurrentAssets": 322721000, "propertyPlantEquipment": 100926000, "totalAssets": 423647000, "accountsPayable": 259175000, "shortLongTermDebt": 11920000, "otherCurrentLiab": 3539000, "totalCurrentLiabilities": 274815000, "totalLiab": 274815000, "commonStock": 162738000, "retainedEarnings": -350140000, "treasuryStock": 318952000, "capitalSurplus": 17282000, "otherStockholderEquity": 318952000, "totalStockholderEquity": 148832000, "netTangibleAssets": 148832000}], "maxAge": 86400}, "indexTrend": {"maxAge": 1, "symbol": "SP5", "peRatio": 19.7411, "pegRatio": 1.34172, "estimates": [{"period": "0q", "growth": 0.549}, {"period": "+1q", "growth": 0.431}, {"period": "0y", "growth": 0.305}, {"period": "+1y", "growth": 0.109}, {"period": "+5y", "growth": 0.120865}, {"period": "-5y"}]}, "defaultKeyStatistics": {"maxAge": 1, "priceHint": 2, "enterpriseValue": 1293739520, "profitMargins": 0.069359995, "floatShares": 4850399, "sharesOutstanding": 16273800, "heldPercentInsiders": 0.64992994, "heldPercentInstitutions": 0.0, "beta": 2.959342, "category": null, "bookValue": 9.854, "priceToBook": 7.5197887, "fundFamily": null, "legalType": null, "lastFiscalYearEnd": "2020-03-31 05:30:00", "nextFiscalYearEnd": "2022-03-31 05:30:00", "mostRecentQuarter": "2020-12-31 05:30:00", "earningsQuarterlyGrowth": 1.234, "netIncomeToCommon": 18039000, "trailingEps": 1.11, "lastSplitFactor": null, "enterpriseToRevenue": 4.975, "enterpriseToEbitda": 50.869, "52WeekChange": 4.163763, "SandP52WeekChange": 0.48148263}, "summaryProfile": {"address1": "B-12/B, Industrial Estate", "address2": "Pologround", "city": "Indore", "zip": "452015", "country": "India", "phone": "91 73 1242 6700", "fax": "91 73 1242 6726", "website": "http://www.biofilgroup.net", "industry": "Drug Manufacturers\u2014Specialty & Generic", "sector": "Healthcare", "longBusinessSummary": "Biofil Chemicals and Pharmaceuticals Limited engages in the pharmaceutical and chemical businesses primarily in India. The company offers basic drugs and chemicals, such as sodium chloride, potassium chloride, sodium citrate, diethyl carbamazine citrate, ferrous sulphate, dried ferrous sulphate, ferrous fumerate, micro crystalline cellulose, and dicyclomine hydrochloride; and plastic dippers and caps. It also provides job work service for manufacturing of pharmaceuticals. The company was founded in 1985 and is based in Indore, India.", "fullTimeEmployees": 41, "companyOfficers": [], "maxAge": 86400}, "netSharePurchaseActivity": {"maxAge": 1, "period": "6m", "buyInfoCount": 0, "buyInfoShares": 0, "sellInfoCount": 0, "netInfoCount": 0, "netInfoShares": 0, "netPercentInsiderShares": 0.0, "totalInsiderShares": 10744809}, "insiderTransactions": {"transactions": [{"maxAge": 1, "shares": 270001, "filerUrl": "", "transactionText": "", "filerName": "Libra Healthcare Pvt Ltd", "filerRelation": "Institution- Corporation", "moneyText": "", "startDate": "2021-01-05", "ownership": "D"}, {"maxAge": 1, "shares": 140620, "filerUrl": "", "transactionText": "", "filerName": "Shah (Ramesh Chimanlal)", "filerRelation": "Chairman Emeritus", "moneyText": "", "startDate": "2017-05-05", "ownership": "D"}, {"maxAge": 1, "shares": 850000, "filerUrl": "", "transactionText": "", "filerName": "Libra Healthcare Pvt Ltd", "filerRelation": "Institution- Corporation", "moneyText": "", "startDate": "2011-04-06", "ownership": "D"}, {"maxAge": 1, "shares": 900000, "filerUrl": "", "transactionText": "", "filerName": "Mid India Pharmaceuticals Pvt Ltd", "filerRelation": "Institution- Corporation", "moneyText": "", "startDate": "2011-04-06", "ownership": "D"}, {"maxAge": 1, "shares": 2262500, "filerUrl": "", "transactionText": "", "filerName": "Scope Finance Company Pvt Ltd", "filerRelation": "Institution- Corporation", "moneyText": "", "startDate": "2011-04-06", "ownership": "D"}, {"maxAge": 1, "shares": 1700000, "filerUrl": "", "transactionText": "", "filerName": "Starline Equifin Pvt Ltd", "filerRelation": "Institution- Corporation", "moneyText": "", "startDate": "2011-04-06", "ownership": "D"}], "maxAge": 1}, "quoteType": {"exchange": "NSI", "quoteType": "EQUITY", "symbol": "BIOFILCHEM.NS", "underlyingSymbol": "BIOFILCHEM.NS", "shortName": "BIOFIL CHEMICALS &", "longName": "Biofil Chemicals and Pharmaceuticals Limited", "firstTradeDateEpochUtc": "2017-07-27 09:15:00", "timeZoneFullName": "Asia/Kolkata", "timeZoneShortName": "IST", "uuid": "7d8a7a5f-6c0a-35a7-acf2-100355a48851", "messageBoardId": "finmb_20406218", "gmtOffSetMilliseconds": 19800000, "maxAge": 1}, "incomeStatementHistory": {"incomeStatementHistory": [{"maxAge": 1, "endDate": "2020-03-31", "totalRevenue": 297981000, "costOfRevenue": 253681000, "grossProfit": 44300000, "researchDevelopment": {}, "sellingGeneralAdministrative": 8725000, "nonRecurring": {}, "otherOperatingExpenses": 15853000, "totalOperatingExpenses": 282342000, "operatingIncome": 15639000, "totalOtherIncomeExpenseNet": -998000, "ebit": 15639000, "interestExpense": -1214000, "incomeBeforeTax": 14641000, "incomeTaxExpense": 2569000, "minorityInterest": {}, "netIncomeFromContinuingOps": 12072000, "discontinuedOperations": {}, "extraordinaryItems": {}, "effectOfAccountingCharges": {}, "otherItems": {}, "netIncome": 12072000, "netIncomeApplicableToCommonShares": 12072000}, {"maxAge": 1, "endDate": "2019-03-31", "totalRevenue": 231664000, "costOfRevenue": 200872000, "grossProfit": 30792000, "researchDevelopment": {}, "sellingGeneralAdministrative": 9007000, "nonRecurring": {}, "otherOperatingExpenses": 10762000, "totalOperatingExpenses": 224292000, "operatingIncome": 7372000, "totalOtherIncomeExpenseNet": -1389000, "ebit": 7372000, "interestExpense": -1603000, "incomeBeforeTax": 5983000, "incomeTaxExpense": 1160000, "minorityInterest": {}, "netIncomeFromContinuingOps": 4823000, "discontinuedOperations": {}, "extraordinaryItems": {}, "effectOfAccountingCharges": {}, "otherItems": {}, "netIncome": 4823000, "netIncomeApplicableToCommonShares": 4823000}, {"maxAge": 1, "endDate": "2018-03-31", "totalRevenue": 123600000, "costOfRevenue": 98071000, "grossProfit": 25529000, "researchDevelopment": {}, "sellingGeneralAdministrative": 7370000, "nonRecurring": {}, "otherOperatingExpenses": 8112000, "totalOperatingExpenses": 116516000, "operatingIncome": 7084000, "totalOtherIncomeExpenseNet": -1202000, "ebit": 7084000, "interestExpense": -1506000, "incomeBeforeTax": 5882000, "incomeTaxExpense": 1175000, "minorityInterest": {}, "netIncomeFromContinuingOps": 4707000, "discontinuedOperations": {}, "extraordinaryItems": {}, "effectOfAccountingCharges": {}, "otherItems": {}, "netIncome": 4707000, "netIncomeApplicableToCommonShares": 4707000}, {"maxAge": 1, "endDate": "2017-03-31", "totalRevenue": 134544000, "costOfRevenue": 86098000, "grossProfit": 48446000, "researchDevelopment": {}, "sellingGeneralAdministrative": 5384000, "nonRecurring": {}, "otherOperatingExpenses": 15754000, "totalOperatingExpenses": 110078000, "operatingIncome": 24466000, "totalOtherIncomeExpenseNet": -1362000, "ebit": 24466000, "interestExpense": -1631000, "incomeBeforeTax": 23104000, "incomeTaxExpense": 5162000, "minorityInterest": {}, "netIncomeFromContinuingOps": 17942000, "discontinuedOperations": {}, "extraordinaryItems": {}, "effectOfAccountingCharges": {}, "otherItems": {}, "netIncome": 17942000, "netIncomeApplicableToCommonShares": 17942000}], "maxAge": 86400}, "fundOwnership": {"maxAge": 1, "ownershipList": []}, "summaryDetail": {"maxAge": 1, "priceHint": 2, "previousClose": 77.95, "open": 74.1, "dayLow": 74.1, "dayHigh": 77.0, "regularMarketPreviousClose": 77.95, "regularMarketOpen": 74.1, "regularMarketDayLow": 74.1, "regularMarketDayHigh": 77.0, "payoutRatio": 0.0, "beta": 2.959342, "trailingPE": 66.75675, "volume": 98675, "regularMarketVolume": 98675, "averageVolume": 97016, "averageVolume10days": 76148, "averageDailyVolume10Day": 76148, "bid": 0.0, "ask": 0.0, "bidSize": 0, "askSize": 0, "marketCap": 1201249920, "fiftyTwoWeekLow": 11.15, "fiftyTwoWeekHigh": 356.1, "priceToSalesTrailing12Months": 4.6191792, "fiftyDayAverage": 70.82647, "twoHundredDayAverage": 128.55528, "currency": "INR", "fromCurrency": null, "toCurrency": null, "lastMarket": null, "algorithm": null, "tradeable": false}, "incomeStatementHistoryQuarterly": {"incomeStatementHistory": [{"maxAge": 1, "endDate": "2020-12-31", "totalRevenue": 32141000, "costOfRevenue": 20634000, "grossProfit": 11507000, "researchDevelopment": {}, "sellingGeneralAdministrative": 2366000, "nonRecurring": {}, "otherOperatingExpenses": 2813000, "totalOperatingExpenses": 26900000, "operatingIncome": 5241000, "totalOtherIncomeExpenseNet": -116000, "ebit": 5241000, "interestExpense": -116000, "incomeBeforeTax": 5125000, "incomeTaxExpense": 0, "minorityInterest": {}, "netIncomeFromContinuingOps": 5125000, "discontinuedOperations": {}, "extraordinaryItems": {}, "effectOfAccountingCharges": {}, "otherItems": {}, "netIncome": 5125000, "netIncomeApplicableToCommonShares": 5125000}, {"maxAge": 1, "endDate": "2020-09-30", "totalRevenue": 161645000, "costOfRevenue": 146693000, "grossProfit": 14952000, "researchDevelopment": {}, "sellingGeneralAdministrative": 2325000, "nonRecurring": {}, "otherOperatingExpenses": 2069000, "totalOperatingExpenses": 152175000, "operatingIncome": 9470000, "totalOtherIncomeExpenseNet": -199000, "ebit": 9470000, "interestExpense": -200000, "incomeBeforeTax": 9271000, "incomeTaxExpense": 0, "minorityInterest": {}, "netIncomeFromContinuingOps": 9271000, "discontinuedOperations": {}, "extraordinaryItems": {}, "effectOfAccountingCharges": {}, "otherItems": {}, "netIncome": 9271000, "netIncomeApplicableToCommonShares": 9271000}, {"maxAge": 1, "endDate": "2020-06-30", "totalRevenue": 29372000, "costOfRevenue": 22738000, "grossProfit": 6634000, "researchDevelopment": {}, "sellingGeneralAdministrative": 1675000, "nonRecurring": {}, "otherOperatingExpenses": 1527000, "totalOperatingExpenses": 26961000, "operatingIncome": 2411000, "totalOtherIncomeExpenseNet": -245000, "ebit": 2411000, "interestExpense": -244000, "incomeBeforeTax": 2166000, "incomeTaxExpense": 0, "minorityInterest": {}, "netIncomeFromContinuingOps": 2166000, "discontinuedOperations": {}, "extraordinaryItems": {}, "effectOfAccountingCharges": {}, "otherItems": {}, "netIncome": 2166000, "netIncomeApplicableToCommonShares": 2166000}, {"maxAge": 1, "endDate": "2020-03-31", "totalRevenue": 36898000, "costOfRevenue": 23490000, "grossProfit": 13408000, "researchDevelopment": {}, "sellingGeneralAdministrative": 1432000, "nonRecurring": {}, "otherOperatingExpenses": 6626000, "totalOperatingExpenses": 32828000, "operatingIncome": 4070000, "totalOtherIncomeExpenseNet": -25000, "ebit": 4070000, "interestExpense": -247000, "incomeBeforeTax": 4045000, "incomeTaxExpense": 2569000, "minorityInterest": {}, "netIncomeFromContinuingOps": 1476000, "discontinuedOperations": {}, "extraordinaryItems": {}, "effectOfAccountingCharges": {}, "otherItems": {}, "netIncome": 1476000, "netIncomeApplicableToCommonShares": 1476000}], "maxAge": 86400}, "cashflowStatementHistoryQuarterly": {"cashflowStatements": [{"maxAge": 1, "endDate": "2020-12-31", "netIncome": 5125000, "changeToLiabilities": 0}, {"maxAge": 1, "endDate": "2020-09-30", "netIncome": 9271000, "changeToLiabilities": 0}, {"maxAge": 1, "endDate": "2020-06-30", "netIncome": 2166000, "changeToLiabilities": 0}, {"maxAge": 1, "endDate": "2020-03-31", "netIncome": 1476000, "changeToLiabilities": 0}], "maxAge": 86400}, "insiderHolders": {"holders": [{"maxAge": 1, "name": "Libra Healthcare Pvt Ltd", "relation": "Institution- Corporation", "url": "", "transactionDescription": "Acquisition", "latestTransDate": "2021-01-05", "positionDirect": 509999, "positionDirectDate": "2021-01-05"}, {"maxAge": 1, "name": "Mid India Pharmaceuticals Pvt Ltd", "relation": "Institution- Corporation", "url": "", "transactionDescription": "Acquisition", "latestTransDate": "2011-04-06", "positionDirect": 1175250, "positionDirectDate": "2011-04-06"}, {"maxAge": 1, "name": "Scope Finance Company Pvt Ltd", "relation": "Institution- Corporation", "url": "", "transactionDescription": "Acquisition", "latestTransDate": "2011-04-06", "positionDirect": 2262500, "positionDirectDate": "2011-04-06"}, {"maxAge": 1, "name": "Shah (Ramesh Chimanlal)", "relation": "Chairman Emeritus", "url": "", "transactionDescription": "Other", "latestTransDate": "2017-05-05", "positionDirect": 793940, "positionDirectDate": "2017-05-05"}, {"maxAge": 1, "name": "Starline Equifin Pvt Ltd", "relation": "Institution- Corporation", "url": "", "transactionDescription": "Sale", "latestTransDate": "2011-04-06", "positionDirect": 1850800, "positionDirectDate": "2011-04-06"}], "maxAge": 1}, "calendarEvents": {"maxAge": 1, "earnings": {"earningsDate": []}}, "price": {"maxAge": 1, "regularMarketChangePercent": -0.049390618, "regularMarketChange": -3.8499985, "regularMarketTime": "2021-04-30 15:29:13", "priceHint": 2, "regularMarketPrice": 74.1, "regularMarketDayHigh": 77.0, "regularMarketDayLow": 74.1, "regularMarketVolume": 98675, "averageDailyVolume10Day": 76148, "averageDailyVolume3Month": 97016, "regularMarketPreviousClose": 77.95, "regularMarketSource": "FREE_REALTIME", "regularMarketOpen": 74.1, "exchange": "NSI", "exchangeName": "NSE", "exchangeDataDelayedBy": 15, "marketState": "CLOSED", "quoteType": "EQUITY", "symbol": "BIOFILCHEM.NS", "underlyingSymbol": null, "shortName": "BIOFIL CHEMICALS &", "longName": "Biofil Chemicals and Pharmaceuticals Limited", "currency": "INR", "quoteSourceName": "Delayed Quote", "currencySymbol": "\u20b9", "fromCurrency": null, "toCurrency": null, "lastMarket": null, "marketCap": 1201249920}, "balanceSheetHistory": {"balanceSheetStatements": [{"maxAge": 1, "endDate": "2020-03-31", "cash": 2560000, "netReceivables": 299248000, "inventory": 16921000, "otherCurrentAssets": 3808000, "totalCurrentAssets": 322721000, "propertyPlantEquipment": 100926000, "totalAssets": 423647000, "accountsPayable": 259175000, "shortLongTermDebt": 11920000, "otherCurrentLiab": 3539000, "totalCurrentLiabilities": 274815000, "totalLiab": 274815000, "commonStock": 162738000, "retainedEarnings": -350140000, "treasuryStock": 318952000, "capitalSurplus": 17282000, "otherStockholderEquity": 318952000, "totalStockholderEquity": 148832000, "netTangibleAssets": 148832000}, {"maxAge": 1, "endDate": "2019-03-31", "cash": 1362000, "netReceivables": 121927000, "inventory": 11909000, "otherCurrentAssets": 3902000, "totalCurrentAssets": 139188000, "propertyPlantEquipment": 102942000, "totalAssets": 242130000, "accountsPayable": 85834000, "shortLongTermDebt": 16373000, "otherCurrentLiab": 3197000, "totalCurrentLiabilities": 105633000, "totalLiab": 105633000, "commonStock": 162738000, "retainedEarnings": -362475000, "treasuryStock": 318952000, "capitalSurplus": 17282000, "otherStockholderEquity": 318952000, "totalStockholderEquity": 136497000, "netTangibleAssets": 136497000}, {"maxAge": 1, "endDate": "2018-03-31", "cash": 3745000, "netReceivables": 131539000, "inventory": 10248000, "otherCurrentAssets": 3394000, "totalCurrentAssets": 149079000, "propertyPlantEquipment": 92468000, "totalAssets": 241547000, "accountsPayable": 91417000, "shortLongTermDebt": 15586000, "otherCurrentLiab": 2514000, "otherLiab": -1000, "totalCurrentLiabilities": 109874000, "totalLiab": 109873000, "commonStock": 162738000, "retainedEarnings": -367298000, "treasuryStock": 318952000, "capitalSurplus": 17282000, "otherStockholderEquity": 318952000, "totalStockholderEquity": 131674000, "netTangibleAssets": 131674000}, {"maxAge": 1, "endDate": "2017-03-31", "cash": 3097000, "netReceivables": 118620000, "inventory": 1663000, "otherCurrentAssets": 3379000, "totalCurrentAssets": 126759000, "propertyPlantEquipment": 91645000, "otherAssets": 1000, "totalAssets": 218405000, "accountsPayable": 70952000, "shortLongTermDebt": 14281000, "otherCurrentLiab": 5860000, "otherLiab": 1000, "totalCurrentLiabilities": 91438000, "totalLiab": 91439000, "commonStock": 162738000, "retainedEarnings": -372006000, "treasuryStock": 318952000, "capitalSurplus": 17282000, "otherStockholderEquity": 318952000, "totalStockholderEquity": 126966000, "netTangibleAssets": 126966000}], "maxAge": 86400}, "financialData": {"maxAge": 86400, "currentPrice": 74.1, "recommendationKey": "none", "totalCash": 2971000, "totalCashPerShare": 0.18, "ebitda": 25433000, "totalDebt": 8021000, "totalRevenue": 260056992, "debtToEquity": 5.005, "revenuePerShare": 16.027, "grossProfits": 44300000, "earningsGrowth": 1.214, "revenueGrowth": -0.75, "grossMargins": 0.17881, "ebitdaMargins": 0.097799994, "operatingMargins": 0.08085, "profitMargins": 0.069359995, "financialCurrency": "INR"}}}