{"BIOFILCHEM.BO": {"cashflowStatementHistory": {"cashflowStatements": [{"maxAge": 1, "endDate": "2020-03-31", "netIncome": 12072000, "depreciation": 4083000, "changeToNetincome": 2977000, "changeToAccountReceivables": -176836000, "changeToLiabilities": 173341000, "changeToInventory": -5012000, "changeToOperatingActivities": -193000, "totalCashFromOperatingActivities": 10432000, "capitalExpenditures": -2067000, "totalCashflowsFromInvestingActivities": -2067000, "netBorrowings": -4453000, "otherCashflowsFromFinancingActivities": -1214000, "totalCashFromFinancingActivities": -5667000, "changeInCash": 2698000}, {"maxAge": 1, "endDate": "2019-03-31", "netIncome": 4823000, "depreciation": 3651000, "changeToNetincome": 1646000, "changeToAccountReceivables": 95582000, "changeToLiabilities": -5583000, "changeToInventory": -1661000, "changeToOperatingActivities": -3346000, "totalCashFromOperatingActivities": 95112000, "capitalExpenditures": -14125000, "totalCashflowsFromInvestingActivities": -14125000, "netBorrowings": 788000, "otherCashflowsFromFinancingActivities": -1604000, "totalCashFromFinancingActivities": -816000, "changeInCash": 80171000}, {"maxAge": 1, "endDate": "2018-03-31", "netIncome": 4707000, "depreciation": 2963000, "changeToNetincome": -2366000, "changeToAccountReceivables": -15164000, "changeToLiabilities": 20465000, "changeToInventory": -8585000, "changeToOperatingActivities": 2615000, "totalCashFromOperatingActivities": 4635000, "capitalExpenditures": -3786000, "totalCashflowsFromInvestingActivities": -3786000, "netBorrowings": 1305000, "otherCashflowsFromFinancingActivities": -1506000, "totalCashFromFinancingActivities": -201000, "changeInCash": 648000}, {"maxAge": 1, "endDate": "2017-03-31", "netIncome": 17942000, "depreciation": 2842000, "changeToNetincome": 4763000, "changeToAccountReceivables": 25202000, "changeToLiabilities": -44966000, "changeToInventory": -703000, "changeToOperatingActivities": 2034000, "totalCashFromOperatingActivities": 7114000, "capitalExpenditures": -5204000, "totalCashflowsFromInvestingActivities": -4776000, "netBorrowings": 581000, "otherCashflowsFromFinancingActivities": -1631000, "totalCashFromFinancingActivities": -1050000, "changeInCash": 1288000}], "maxAge": 86400}, "institutionOwnership": {"ownershipList": [], "maxAge": 1}, "balanceSheetHistoryQuarterly": {"balanceSheetStatements": [{"maxAge": 1, "endDate": "2020-06-30", "totalStockholderEquity": 148832000, "netTangibleAssets": 148832000}, {"maxAge": 1, "endDate": "2020-03-31", "cash": 2560000, "netReceivables": 299248000, "inventory": 16921000, "otherCurrentAssets": 3808000, "totalCurrentAssets": 322721000, "propertyPlantEquipment": 100926000, "totalAssets": 423647000, "accountsPayable": 259175000, "shortLongTermDebt": 11920000, "otherCurrentLiab": 3539000, "totalCurrentLiabilities": 274815000, "totalLiab": 274815000, "commonStock": 162738000, "retainedEarnings": -350140000, "treasuryStock": 318952000, "capitalSurplus": 17282000, "otherStockholderEquity": 318952000, "totalStockholderEquity": 148832000, "netTangibleAssets": 148832000}, {"maxAge": 1, "endDate": "2019-12-31", "totalStockholderEquity": 144799000, "netTangibleAssets": 144799000}, {"maxAge": 1, "endDate": "2019-09-30", "cash": 2085000, "netReceivables": 189186000, "inventory": 135972000, "otherCurrentAssets": 23894000, "totalCurrentAssets": 351137000, "propertyPlantEquipment": 102217000, "otherAssets": 1000, "totalAssets": 453355000, "accountsPayable": 292792000, "shortLongTermDebt": 14371000, "otherCurrentLiab": 1393000, "totalCurrentLiabilities": 308556000, "totalLiab": 308556000, "commonStock": 162738000, "treasuryStock": -17939000, "otherStockholderEquity": -17939000, "totalStockholderEquity": 144799000, "netTangibleAssets": 144799000}], "maxAge": 86400}, "indexTrend": {"maxAge": 1, "symbol": "SP5", "peRatio": 19.7411, "pegRatio": 1.34172, "estimates": [{"period": "0q", "growth": 0.549}, {"period": "+1q", "growth": 0.431}, {"period": "0y", "growth": 0.305}, {"period": "+1y", "growth": 0.109}, {"period": "+5y", "growth": 0.120859005}, {"period": "-5y"}]}, "insiderTransactions": {"transactions": [{"maxAge": 1, "shares": 140620, "filerUrl": "", "transactionText": "", "filerName": "Shah (Ramesh Chimanlal)", "filerRelation": "Chairman Emeritus", "moneyText": "", "startDate": "2017-05-05", "ownership": "D"}, {"maxAge": 1, "shares": 850000, "filerUrl": "", "transactionText": "", "filerName": "Libra Healthcare Pvt Ltd", "filerRelation": "Institution- Corporation", "moneyText": "", "startDate": "2011-04-06", "ownership": "D"}, {"maxAge": 1, "shares": 900000, "filerUrl": "", "transactionText": "", "filerName": "Mid India Pharmaceuticals Pvt Ltd", "filerRelation": "Institution- Corporation", "moneyText": "", "startDate": "2011-04-06", "ownership": "D"}, {"maxAge": 1, "shares": 2262500, "filerUrl": "", "transactionText": "", "filerName": "Scope Finance Company Pvt Ltd", "filerRelation": "Institution- Corporation", "moneyText": "", "startDate": "2011-04-06", "ownership": "D"}, {"maxAge": 1, "shares": 1700000, "filerUrl": "", "transactionText": "", "filerName": "Starline Equifin Pvt Ltd", "filerRelation": "Institution- Corporation", "moneyText": "", "startDate": "2011-04-06", "ownership": "D"}], "maxAge": 1}, "quoteType": {"exchange": "BSE", "quoteType": "EQUITY", "symbol": "BIOFILCHEM.BO", "underlyingSymbol": "BIOFILCHEM.BO", "shortName": "BIOFIL CHEMICALS & PHARMACEUTI", "longName": "Biofil Chemicals and Pharmaceuticals Limited", "firstTradeDateEpochUtc": "2000-02-22 09:15:00", "timeZoneFullName": "Asia/Kolkata", "timeZoneShortName": "IST", "uuid": "2bbf46d9-f269-3a4d-b529-776832b71668", "gmtOffSetMilliseconds": 19800000, "maxAge": 1}, "incomeStatementHistory": {"incomeStatementHistory": [{"maxAge": 1, "endDate": "2020-03-31", "totalRevenue": 297981000, "costOfRevenue": 253681000, "grossProfit": 44300000, "researchDevelopment": {}, "sellingGeneralAdministrative": 8725000, "nonRecurring": {}, "otherOperatingExpenses": 15853000, "totalOperatingExpenses": 282342000, "operatingIncome": 15639000, "totalOtherIncomeExpenseNet": -998000, "ebit": 15639000, "interestExpense": -1214000, "incomeBeforeTax": 14641000, "incomeTaxExpense": 2569000, "minorityInterest": {}, "netIncomeFromContinuingOps": 12072000, "discontinuedOperations": {}, "extraordinaryItems": {}, "effectOfAccountingCharges": {}, "otherItems": {}, "netIncome": 12072000, "netIncomeApplicableToCommonShares": 12072000}, {"maxAge": 1, "endDate": "2019-03-31", "totalRevenue": 231664000, "costOfRevenue": 200872000, "grossProfit": 30792000, "researchDevelopment": {}, "sellingGeneralAdministrative": 9007000, "nonRecurring": {}, "otherOperatingExpenses": 10762000, "totalOperatingExpenses": 224292000, "operatingIncome": 7372000, "totalOtherIncomeExpenseNet": -1389000, "ebit": 7372000, "interestExpense": -1603000, "incomeBeforeTax": 5983000, "incomeTaxExpense": 1160000, "minorityInterest": {}, "netIncomeFromContinuingOps": 4823000, "discontinuedOperations": {}, "extraordinaryItems": {}, "effectOfAccountingCharges": {}, "otherItems": {}, "netIncome": 4823000, "netIncomeApplicableToCommonShares": 4823000}, {"maxAge": 1, "endDate": "2018-03-31", "totalRevenue": 123600000, "costOfRevenue": 98071000, "grossProfit": 25529000, "researchDevelopment": {}, "sellingGeneralAdministrative": 7370000, "nonRecurring": {}, "otherOperatingExpenses": 8112000, "totalOperatingExpenses": 116516000, "operatingIncome": 7084000, "totalOtherIncomeExpenseNet": -1202000, "ebit": 7084000, "interestExpense": -1506000, "incomeBeforeTax": 5882000, "incomeTaxExpense": 1175000, "minorityInterest": {}, "netIncomeFromContinuingOps": 4707000, "discontinuedOperations": {}, "extraordinaryItems": {}, "effectOfAccountingCharges": {}, "otherItems": {}, "netIncome": 4707000, "netIncomeApplicableToCommonShares": 4707000}, {"maxAge": 1, "endDate": "2017-03-31", "totalRevenue": 134544000, "costOfRevenue": 86098000, "grossProfit": 48446000, "researchDevelopment": {}, "sellingGeneralAdministrative": 5384000, "nonRecurring": {}, "otherOperatingExpenses": 15754000, "totalOperatingExpenses": 110078000, "operatingIncome": 24466000, "totalOtherIncomeExpenseNet": -1362000, "ebit": 24466000, "interestExpense": -1631000, "incomeBeforeTax": 23104000, "incomeTaxExpense": 5162000, "minorityInterest": {}, "netIncomeFromContinuingOps": 17942000, "discontinuedOperations": {}, "extraordinaryItems": {}, "effectOfAccountingCharges": {}, "otherItems": {}, "netIncome": 17942000, "netIncomeApplicableToCommonShares": 17942000}], "maxAge": 86400}, "fundOwnership": {"ownershipList": [], "maxAge": 1}, "summaryDetail": {"maxAge": 1, "priceHint": 2, "previousClose": 77.65, "open": 73.8, "dayLow": 73.8, "dayHigh": 76.85, "regularMarketPreviousClose": 77.65, "regularMarketOpen": 73.8, "regularMarketDayLow": 73.8, "regularMarketDayHigh": 76.85, "trailingPE": 88.80867, "volume": 49980, "regularMarketVolume": 49980, "averageVolume": 11315, "averageVolume10days": 4584, "averageDailyVolume10Day": 4584, "bid": 0.0, "ask": 73.8, "bidSize": 0, "askSize": 0, "marketCap": 1201006464, "fiftyTwoWeekLow": 6.55, "fiftyTwoWeekHigh": 352.45, "fiftyDayAverage": 178.06818, "twoHundredDayAverage": 110.08993, "currency": "INR", "fromCurrency": null, "lastMarket": null, "algorithm": null, "tradeable": false}, "incomeStatementHistoryQuarterly": {"incomeStatementHistory": [{"maxAge": 1, "endDate": "2020-06-30", "totalRevenue": 23010000, "costOfRevenue": 22738000, "grossProfit": 272000, "researchDevelopment": {}, "sellingGeneralAdministrative": 1675000, "nonRecurring": {}, "otherOperatingExpenses": -4835000, "totalOperatingExpenses": 20599000, "operatingIncome": 2411000, "totalOtherIncomeExpenseNet": -245000, "ebit": 2411000, "interestExpense": -244000, "incomeBeforeTax": 2166000, "incomeTaxExpense": 0, "minorityInterest": {}, "netIncomeFromContinuingOps": 2166000, "discontinuedOperations": {}, "extraordinaryItems": {}, "effectOfAccountingCharges": {}, "otherItems": {}, "netIncome": 2166000, "netIncomeApplicableToCommonShares": 2166000}, {"maxAge": 1, "endDate": "2020-03-31", "totalRevenue": 38231000, "costOfRevenue": 23490000, "grossProfit": 14741000, "researchDevelopment": {}, "sellingGeneralAdministrative": 1432000, "nonRecurring": {}, "otherOperatingExpenses": 7959000, "totalOperatingExpenses": 34161000, "operatingIncome": 4070000, "totalOtherIncomeExpenseNet": -25000, "ebit": 4070000, "interestExpense": -247000, "incomeBeforeTax": 4045000, "incomeTaxExpense": 2569000, "minorityInterest": {}, "netIncomeFromContinuingOps": 1476000, "discontinuedOperations": {}, "extraordinaryItems": {}, "effectOfAccountingCharges": {}, "otherItems": {}, "netIncome": 1476000, "netIncomeApplicableToCommonShares": 1476000}, {"maxAge": 1, "endDate": "2019-12-31", "totalRevenue": 127520000, "costOfRevenue": 119176000, "grossProfit": 8344000, "researchDevelopment": {}, "sellingGeneralAdministrative": 3250000, "nonRecurring": {}, "otherOperatingExpenses": 1570000, "totalOperatingExpenses": 124941000, "operatingIncome": 2579000, "totalOtherIncomeExpenseNet": -285000, "ebit": 2579000, "interestExpense": -286000, "incomeBeforeTax": 2294000, "incomeTaxExpense": 0, "minorityInterest": {}, "netIncomeFromContinuingOps": 2294000, "discontinuedOperations": {}, "extraordinaryItems": {}, "effectOfAccountingCharges": {}, "otherItems": {}, "netIncome": 2294000, "netIncomeApplicableToCommonShares": 2294000}, {"maxAge": 1, "endDate": "2019-09-30", "totalRevenue": 116288000, "costOfRevenue": 101240000, "grossProfit": 15048000, "researchDevelopment": {}, "sellingGeneralAdministrative": 2146000, "nonRecurring": {}, "otherOperatingExpenses": 3717000, "totalOperatingExpenses": 108048000, "operatingIncome": 8240000, "totalOtherIncomeExpenseNet": -327000, "ebit": 8240000, "interestExpense": -325000, "incomeBeforeTax": 7913000, "incomeTaxExpense": 0, "minorityInterest": {}, "netIncomeFromContinuingOps": 7913000, "discontinuedOperations": {}, "extraordinaryItems": {}, "effectOfAccountingCharges": {}, "otherItems": {}, "netIncome": 7913000, "netIncomeApplicableToCommonShares": 7913000}], "maxAge": 86400}, "cashflowStatementHistoryQuarterly": {"cashflowStatements": [{"maxAge": 1, "endDate": "2020-06-30", "netIncome": 2166000, "changeToLiabilities": 0}, {"maxAge": 1, "endDate": "2020-03-31", "netIncome": 1476000, "changeToLiabilities": 0}, {"maxAge": 1, "endDate": "2019-12-31", "netIncome": 2294000, "changeToLiabilities": 0}, {"maxAge": 1, "endDate": "2019-09-30", "netIncome": 7913000, "changeToLiabilities": 0}], "maxAge": 86400}, "insiderHolders": {"holders": [{"maxAge": 1, "name": "Libra Healthcare Pvt Ltd", "relation": "Institution- Corporation", "url": "", "transactionDescription": "Acquisition", "latestTransDate": "2011-04-06", "positionDirect": 850000, "positionDirectDate": "2011-04-06"}, {"maxAge": 1, "name": "Mid India Pharmaceuticals Pvt Ltd", "relation": "Institution- Corporation", "url": "", "transactionDescription": "Acquisition", "latestTransDate": "2011-04-06", "positionDirect": 1175250, "positionDirectDate": "2011-04-06"}, {"maxAge": 1, "name": "Scope Finance Company Pvt Ltd", "relation": "Institution- Corporation", "url": "", "transactionDescription": "Acquisition", "latestTransDate": "2011-04-06", "positionDirect": 2262500, "positionDirectDate": "2011-04-06"}, {"maxAge": 1, "name": "Shah (Ramesh Chimanlal)", "relation": "Chairman Emeritus", "url": "", "transactionDescription": "Other", "latestTransDate": "2017-05-05", "positionDirect": 793940, "positionDirectDate": "2017-05-05"}, {"maxAge": 1, "name": "Starline Equifin Pvt Ltd", "relation": "Institution- Corporation", "url": "", "transactionDescription": "Sale", "latestTransDate": "2011-04-06", "positionDirect": 1850800, "positionDirectDate": "2011-04-06"}], "maxAge": 1}, "calendarEvents": {"maxAge": 1, "earnings": {"earningsDate": []}}, "upgradeDowngradeHistory": {"history": [], "maxAge": 86400}, "price": {"maxAge": 1, "regularMarketChangePercent": -0.04958143, "regularMarketChange": -3.8499985, "regularMarketTime": "2021-04-30 15:50:00", "priceHint": 2, "regularMarketPrice": 73.8, "regularMarketDayHigh": 76.85, "regularMarketDayLow": 73.8, "regularMarketVolume": 49980, "averageDailyVolume10Day": 4584, "averageDailyVolume3Month": 11315, "regularMarketPreviousClose": 77.65, "regularMarketSource": "FREE_REALTIME", "regularMarketOpen": 73.8, "exchange": "BSE", "exchangeName": "BSE", "exchangeDataDelayedBy": 0, "marketState": "CLOSED", "quoteType": "EQUITY", "symbol": "BIOFILCHEM.BO", "underlyingSymbol": null, "shortName": "BIOFIL CHEMICALS & PHARMACEUTI", "longName": "Biofil Chemicals and Pharmaceuticals Limited", "currency": "INR", "quoteSourceName": "Delayed Quote", "currencySymbol": "\u20b9", "fromCurrency": null, "lastMarket": null, "marketCap": 1201006464}, "balanceSheetHistory": {"balanceSheetStatements": [{"maxAge": 1, "endDate": "2020-03-31", "cash": 2560000, "netReceivables": 299248000, "inventory": 16921000, "otherCurrentAssets": 3808000, "totalCurrentAssets": 322721000, "propertyPlantEquipment": 100926000, "totalAssets": 423647000, "accountsPayable": 259175000, "shortLongTermDebt": 11920000, "otherCurrentLiab": 3539000, "totalCurrentLiabilities": 274815000, "totalLiab": 274815000, "commonStock": 162738000, "retainedEarnings": -350140000, "treasuryStock": 318952000, "capitalSurplus": 17282000, "otherStockholderEquity": 318952000, "totalStockholderEquity": 148832000, "netTangibleAssets": 148832000}, {"maxAge": 1, "endDate": "2019-03-31", "cash": 1362000, "netReceivables": 121927000, "inventory": 11909000, "otherCurrentAssets": 3902000, "totalCurrentAssets": 139188000, "propertyPlantEquipment": 102942000, "totalAssets": 242130000, "accountsPayable": 85834000, "shortLongTermDebt": 16373000, "otherCurrentLiab": 3197000, "totalCurrentLiabilities": 105633000, "totalLiab": 105633000, "commonStock": 162738000, "retainedEarnings": -362475000, "treasuryStock": 318952000, "capitalSurplus": 17282000, "otherStockholderEquity": 318952000, "totalStockholderEquity": 136497000, "netTangibleAssets": 136497000}, {"maxAge": 1, "endDate": "2018-03-31", "cash": 3745000, "netReceivables": 131539000, "inventory": 10248000, "otherCurrentAssets": 3394000, "totalCurrentAssets": 149079000, "propertyPlantEquipment": 92468000, "totalAssets": 241547000, "accountsPayable": 91417000, "shortLongTermDebt": 15586000, "otherCurrentLiab": 2514000, "otherLiab": -1000, "totalCurrentLiabilities": 109874000, "totalLiab": 109873000, "commonStock": 162738000, "retainedEarnings": -367298000, "treasuryStock": 318952000, "capitalSurplus": 17282000, "otherStockholderEquity": 318952000, "totalStockholderEquity": 131674000, "netTangibleAssets": 131674000}, {"maxAge": 1, "endDate": "2017-03-31", "cash": 3097000, "netReceivables": 118620000, "inventory": 1663000, "otherCurrentAssets": 3379000, "totalCurrentAssets": 126759000, "propertyPlantEquipment": 91645000, "otherAssets": 1000, "totalAssets": 218405000, "accountsPayable": 70952000, "shortLongTermDebt": 14281000, "otherCurrentLiab": 5860000, "otherLiab": 1000, "totalCurrentLiabilities": 91438000, "totalLiab": 91439000, "commonStock": 162738000, "retainedEarnings": -372006000, "treasuryStock": 318952000, "capitalSurplus": 17282000, "otherStockholderEquity": 318952000, "totalStockholderEquity": 126966000, "netTangibleAssets": 126966000}], "maxAge": 86400}, "financialData": {"maxAge": 86400, "currentPrice": 73.8, "recommendationKey": "none", "grossProfits": 44300000, "financialCurrency": "INR"}}}