{"BIRLAMONEY.NS": {"assetProfile": {"address1": "Sai Sagar, Plot No. M-7", "address2": "2nd & 3rd Floor Thiru-vi-ka (SIDCO) Industrial Estate", "city": "Chennai", "zip": "600032", "country": "India", "phone": "91 44 4949 0000", "website": "http://stocksandsecurities.adityabirlacapital.com", "industry": "Capital Markets", "sector": "Financial Services", "longBusinessSummary": "Aditya Birla Money Limited engages in the securities brokerage and financial product distribution businesses in India. It provides broking, portfolio management, depository, and e-insurance repository services; and invests in debt instruments and mutual funds. The company also offers equity and derivative trading services through NSE and BSE; currency derivatives on MCX-SX; and commodities trading services through MCX and NCDEX. Aditya Birla Money Limited operates through 41 branches and 755 franchised offices. The company was incorporated in 1995 and is based in Chennai, India. Aditya Birla Money Limited is a subsidiary of Aditya Birla Capital Limited.", "companyOfficers": [{"maxAge": 1, "name": "Mr. Ajay  Srinivasan", "age": 57, "title": "Chief Exec. of Financial Services - Aditya Birla Group", "yearBorn": 1963, "fiscalYear": 2020, "totalPay": 30663, "exercisedValue": 0, "unexercisedValue": 0}, {"maxAge": 1, "name": "Mr. L. R. Murali Krishnan", "age": 46, "title": "Mang.", "yearBorn": 1974, "fiscalYear": 2019, "exercisedValue": 0, "unexercisedValue": 0}, {"maxAge": 1, "name": "Mr. Pradeep  Sharma", "title": "Chief Financial Officer", "fiscalYear": 2019, "exercisedValue": 0, "unexercisedValue": 0}, {"maxAge": 1, "name": "Ms. Sangeeta  Shetty", "title": "Company Sec. & Compliance Officer", "fiscalYear": 2019, "exercisedValue": 0, "unexercisedValue": 0}, {"maxAge": 1, "name": "Mr. Mahesh  Gopalan", "title": "Head of HR", "exercisedValue": 0, "unexercisedValue": 0}, {"maxAge": 1, "name": "Mr. Vivek  Mahajan B.Tex. Tech.", "age": 54, "title": "Head of Equity Research", "yearBorn": 1966, "exercisedValue": 0, "unexercisedValue": 0}, {"maxAge": 1, "name": "Mr. Saurabh  Shukla", "age": 47, "title": "Bus. Head of Broking & Distribution", "yearBorn": 1973, "fiscalYear": 2017, "exercisedValue": 0, "unexercisedValue": 0}, {"maxAge": 1, "name": "Mr. Mohit  Saxena", "age": 51, "title": "Sr. VP of Products, BD and Worksite Marketing", "yearBorn": 1969, "exercisedValue": 0, "unexercisedValue": 0}, {"maxAge": 1, "name": "Mr. Hemant  Thukral", "age": 45, "title": "Head of Derivative Research", "yearBorn": 1975, "exercisedValue": 0, "unexercisedValue": 0}, {"maxAge": 1, "name": "Mr. D.  Subrahmanyan", "title": "Sr. Mang. of Funds Accounts and Management Information System", "exercisedValue": 0, "unexercisedValue": 0}], "compensationAsOfEpochDate": "2020-12-31 05:30:00", "maxAge": 86400}, "cashflowStatementHistory": {"cashflowStatements": [{"maxAge": 1, "endDate": "2021-03-31", "netIncome": 157838000, "depreciation": 70224000, "changeToNetincome": 34293000, "changeToAccountReceivables": -894606000, "changeToLiabilities": 106787000, "changeToInventory": -1660122000, "changeToOperatingActivities": 634201000, "totalCashFromOperatingActivities": -1551385000, "capitalExpenditures": -15751000, "investments": 16101000, "otherCashflowsFromInvestingActivities": 2000, "totalCashflowsFromInvestingActivities": 1608000, "netBorrowings": 1460115000, "otherCashflowsFromFinancingActivities": -191309000, "totalCashFromFinancingActivities": 1268806000, "changeInCash": -280971000}, {"maxAge": 1, "endDate": "2020-03-31", "netIncome": 119864867, "depreciation": 57395234, "changeToNetincome": 68045833, "changeToAccountReceivables": 486999965, "changeToLiabilities": 36152638, "changeToInventory": 1900987029, "changeToOperatingActivities": -109024491, "totalCashFromOperatingActivities": 2567605250, "capitalExpenditures": -21382101, "investments": 29189533, "otherCashflowsFromInvestingActivities": 2000, "totalCashflowsFromInvestingActivities": 9533418, "netBorrowings": -2030780127, "otherCashflowsFromFinancingActivities": -229454264, "totalCashFromFinancingActivities": -2260234391, "changeInCash": 316904277}, {"maxAge": 1, "endDate": "2019-03-31", "netIncome": 99910908, "depreciation": 13470159, "changeToNetincome": 80125980, "changeToAccountReceivables": 205295697, "changeToLiabilities": 45810250, "changeToInventory": -1649607972, "changeToOperatingActivities": -276888119, "totalCashFromOperatingActivities": -1474481775, "capitalExpenditures": -32072054, "investments": 276468597, "otherCashflowsFromInvestingActivities": 2000, "totalCashflowsFromInvestingActivities": 244938432, "netBorrowings": 1487295239, "otherCashflowsFromFinancingActivities": -278034229, "totalCashFromFinancingActivities": 1215399262, "changeInCash": -14144081, "issuanceOfStock": 6138252}, {"maxAge": 1, "endDate": "2018-03-31", "netIncome": 72998682, "depreciation": 13685025, "changeToNetincome": 14870329, "changeToAccountReceivables": 110870879, "changeToLiabilities": 82463131, "changeToInventory": -1156158400, "changeToOperatingActivities": -832354308, "totalCashFromOperatingActivities": -1685544383, "capitalExpenditures": -13012872, "investments": -219855656, "otherCashflowsFromInvestingActivities": 2000, "totalCashflowsFromInvestingActivities": -230229501, "netBorrowings": 1900000000, "otherCashflowsFromFinancingActivities": -107643969, "totalCashFromFinancingActivities": 1817089258, "changeInCash": -98684626, "issuanceOfStock": 24733227}], "maxAge": 86400}, "institutionOwnership": {"maxAge": 1, "ownershipList": []}, "majorHoldersBreakdown": {"maxAge": 1, "insidersPercentHeld": 0.73799, "institutionsPercentHeld": 0.0, "institutionsFloatPercentHeld": 0.0, "institutionsCount": 0}, "balanceSheetHistoryQuarterly": {"balanceSheetStatements": [{"maxAge": 1, "endDate": "2021-03-31", "cash": 4051332000, "netReceivables": 1751084000, "totalCurrentAssets": 5802416000, "longTermInvestments": 2564901000, "propertyPlantEquipment": 215907000, "intangibleAssets": 26727000, "otherAssets": 224295000, "deferredLongTermAssetCharges": 53158000, "totalAssets": 8834246000, "accountsPayable": 414032000, "otherCurrentLiab": 3617572000, "longTermDebt": 546244000, "otherLiab": 266493000, "totalCurrentLiabilities": 7343990000, "totalLiab": 8355418000, "commonStock": 56301000, "treasuryStock": 422527000, "otherStockholderEquity": 422527000, "totalStockholderEquity": 478828000, "netTangibleAssets": 452101000}, {"maxAge": 1, "endDate": "2020-12-31", "totalStockholderEquity": 395650000, "netTangibleAssets": 374306000}, {"maxAge": 1, "endDate": "2020-09-30", "cash": 3261699000, "netReceivables": 1319288000, "totalCurrentAssets": 4580987000, "longTermInvestments": 2089786000, "propertyPlantEquipment": 221331000, "intangibleAssets": 21344000, "otherAssets": 193854000, "deferredLongTermAssetCharges": 46650000, "totalAssets": 7107302000, "accountsPayable": 353983000, "otherCurrentLiab": 215070000, "longTermDebt": 526694000, "otherLiab": 2745933000, "totalCurrentLiabilities": 3241784000, "totalLiab": 6711652000, "commonStock": 56301000, "treasuryStock": 339349000, "otherStockholderEquity": 339349000, "totalStockholderEquity": 395650000, "netTangibleAssets": 374306000}, {"maxAge": 1, "endDate": "2020-06-30", "totalStockholderEquity": 312735345, "netTangibleAssets": 288638019}], "maxAge": 86400}, "indexTrend": {"maxAge": 1, "symbol": "SP5", "peRatio": 19.7411, "pegRatio": 1.34172, "estimates": [{"period": "0q", "growth": 0.549}, {"period": "+1q", "growth": 0.431}, {"period": "0y", "growth": 0.305}, {"period": "+1y", "growth": 0.109}, {"period": "+5y", "growth": 0.120865}, {"period": "-5y"}]}, "defaultKeyStatistics": {"maxAge": 1, "priceHint": 2, "enterpriseValue": 2196696832, "profitMargins": 0.092130005, "floatShares": 14856773, "sharesOutstanding": 56301400, "heldPercentInsiders": 0.73799, "heldPercentInstitutions": 0.0, "beta": 1.411603, "category": null, "bookValue": 8.444, "priceToBook": 4.737091, "fundFamily": null, "legalType": null, "lastFiscalYearEnd": "2021-03-31 05:30:00", "nextFiscalYearEnd": "2023-03-31 05:30:00", "mostRecentQuarter": "2021-03-31 05:30:00", "earningsQuarterlyGrowth": 0.318, "netIncomeToCommon": 157838000, "trailingEps": 2.8, "lastSplitFactor": "10:1", "lastSplitDate": "2008-07-11 05:30:00", "enterpriseToRevenue": 1.282, "52WeekChange": 0.6032064, "SandP52WeekChange": 0.48148263, "lastDividendValue": 0.1, "lastDividendDate": 1220572800}, "summaryProfile": {"address1": "Sai Sagar, Plot No. M-7", "address2": "2nd & 3rd Floor Thiru-vi-ka (SIDCO) Industrial Estate", "city": "Chennai", "zip": "600032", "country": "India", "phone": "91 44 4949 0000", "website": "http://stocksandsecurities.adityabirlacapital.com", "industry": "Capital Markets", "sector": "Financial Services", "longBusinessSummary": "Aditya Birla Money Limited engages in the securities brokerage and financial product distribution businesses in India. It provides broking, portfolio management, depository, and e-insurance repository services; and invests in debt instruments and mutual funds. The company also offers equity and derivative trading services through NSE and BSE; currency derivatives on MCX-SX; and commodities trading services through MCX and NCDEX. Aditya Birla Money Limited operates through 41 branches and 755 franchised offices. The company was incorporated in 1995 and is based in Chennai, India. Aditya Birla Money Limited is a subsidiary of Aditya Birla Capital Limited.", "companyOfficers": [], "maxAge": 86400}, "netSharePurchaseActivity": {"maxAge": 1, "period": "6m", "buyInfoCount": 0, "buyInfoShares": 0, "sellInfoCount": 0, "netInfoCount": 0, "netInfoShares": 0, "netPercentInsiderShares": 0.0, "totalInsiderShares": 41846304}, "insiderTransactions": {"transactions": [{"maxAge": 1, "shares": 10000, "filerUrl": "", "transactionText": "", "filerName": "Krishnan (Murali L R)", "filerRelation": "UNREPORTED", "moneyText": "", "startDate": "2018-06-13", "ownership": "D"}, {"maxAge": 1, "shares": 10000, "filerUrl": "", "transactionText": "", "filerName": "Krishnan (Murali L R)", "filerRelation": "UNREPORTED", "moneyText": "", "startDate": "2018-06-13", "ownership": "D"}, {"maxAge": 1, "shares": 16484, "filerUrl": "", "transactionText": "", "filerName": "Soni (Rajesh)", "filerRelation": "UNREPORTED", "moneyText": "", "startDate": "2018-03-28", "ownership": "D"}, {"maxAge": 1, "shares": 16484, "filerUrl": "", "transactionText": "", "filerName": "Soni (Rajesh)", "filerRelation": "UNREPORTED", "moneyText": "", "startDate": "2018-03-28", "ownership": "D"}, {"maxAge": 1, "shares": 50000, "filerUrl": "", "transactionText": "", "filerName": "Ramasubramanian (Sudhakar)", "filerRelation": "UNREPORTED", "moneyText": "", "startDate": "2017-10-12", "ownership": "D"}, {"maxAge": 1, "shares": 30000, "filerUrl": "", "transactionText": "", "filerName": "Ramasubramanian (Sudhakar)", "filerRelation": "UNREPORTED", "moneyText": "", "startDate": "2017-10-12", "ownership": "D"}, {"maxAge": 1, "shares": 30000, "filerUrl": "", "transactionText": "", "filerName": "Ramasubramanian (Sudhakar)", "filerRelation": "UNREPORTED", "moneyText": "", "startDate": "2017-10-12", "ownership": "D"}, {"maxAge": 1, "shares": 30000, "filerUrl": "", "transactionText": "", "filerName": "Ramasubramanian (Sudhakar)", "filerRelation": "UNREPORTED", "moneyText": "", "startDate": "2017-10-12", "ownership": "D"}, {"maxAge": 1, "shares": 52000, "filerUrl": "", "transactionText": "", "filerName": "Thukral (Hemant)", "filerRelation": "UNREPORTED", "moneyText": "", "startDate": "2017-09-29", "ownership": "D"}, {"maxAge": 1, "shares": 50000, "filerUrl": "", "transactionText": "", "filerName": "Mahajan (Vivek)", "filerRelation": "UNREPORTED", "moneyText": "", "startDate": "2017-09-29", "ownership": "D"}, {"maxAge": 1, "shares": 52000, "filerUrl": "", "transactionText": "", "filerName": "Thukral (Hemant)", "filerRelation": "UNREPORTED", "moneyText": "", "startDate": "2017-09-29", "ownership": "D"}, {"maxAge": 1, "shares": 98558, "filerUrl": "", "transactionText": "", "filerName": "Shukla (Saurabh)", "filerRelation": "Officer", "moneyText": "", "startDate": "2017-09-29", "ownership": "D"}, {"maxAge": 1, "shares": 98000, "filerUrl": "", "transactionText": "", "filerName": "Shukla (Saurabh)", "filerRelation": "Officer", "moneyText": "", "startDate": "2017-09-29", "ownership": "D"}, {"maxAge": 1, "shares": 45000, "filerUrl": "", "transactionText": "", "filerName": "Mahajan (Vivek)", "filerRelation": "UNREPORTED", "moneyText": "", "startDate": "2017-09-29", "ownership": "D"}, {"maxAge": 1, "shares": 14423, "filerUrl": "", "transactionText": "", "filerName": "Agarwal (Vikashh)", "filerRelation": "Compliance Officer", "moneyText": "", "startDate": "2017-08-08", "ownership": "D"}, {"maxAge": 1, "shares": 5000, "filerUrl": "", "transactionText": "", "filerName": "Krishnan (Murali L R)", "filerRelation": "UNREPORTED", "moneyText": "", "startDate": "2017-08-07", "ownership": "D"}, {"maxAge": 1, "shares": 5000, "filerUrl": "", "transactionText": "", "filerName": "Krishnan (Murali L R)", "filerRelation": "UNREPORTED", "moneyText": "", "startDate": "2017-08-02", "ownership": "D"}, {"maxAge": 1, "shares": 14423, "filerUrl": "", "transactionText": "", "filerName": "Agarwal (Vikashh)", "filerRelation": "Compliance Officer", "moneyText": "", "startDate": "2017-07-31", "ownership": "D"}, {"maxAge": 1, "shares": 3184000, "filerUrl": "", "transactionText": "", "filerName": "Reddy (Sucharitha P)", "filerRelation": "UNREPORTED", "moneyText": "", "startDate": "2014-07-17", "ownership": "D"}, {"maxAge": 1, "shares": 3385320, "filerUrl": "", "transactionText": "", "filerName": "PCR Investments Ltd.", "filerRelation": "Institution- Corporation", "moneyText": "", "startDate": "2014-07-17", "ownership": "D"}, {"maxAge": 1, "shares": 41550000, "filerUrl": "", "transactionText": "", "filerName": "Aditya Birla Financial Services Pvt. Ltd.", "filerRelation": "Institution- Corporation", "moneyText": "", "startDate": "2010-02-23", "ownership": "D"}], "maxAge": 1}, "quoteType": {"exchange": "NSI", "quoteType": "EQUITY", "symbol": "BIRLAMONEY.NS", "underlyingSymbol": "BIRLAMONEY.NS", "shortName": "ADITYA BIRLA MONEY", "longName": "Aditya Birla Money Limited", "firstTradeDateEpochUtc": "2008-02-07 09:15:00", "timeZoneFullName": "Asia/Kolkata", "timeZoneShortName": "IST", "uuid": "99661efb-74dd-33d7-addb-eda4d775d053", "messageBoardId": "finmb_23609426", "gmtOffSetMilliseconds": 19800000, "maxAge": 1}, "incomeStatementHistory": {"incomeStatementHistory": [{"maxAge": 1, "endDate": "2021-03-31", "totalRevenue": 1713242000, "costOfRevenue": 0, "grossProfit": 1713242000, "researchDevelopment": {}, "sellingGeneralAdministrative": 1105375000, "nonRecurring": {}, "otherOperatingExpenses": 313647000, "totalOperatingExpenses": 1489246000, "operatingIncome": 223996000, "totalOtherIncomeExpenseNet": 0, "ebit": 0, "interestExpense": {}, "incomeBeforeTax": 223996000, "incomeTaxExpense": 66158000, "minorityInterest": {}, "netIncomeFromContinuingOps": 157838000, "discontinuedOperations": {}, "extraordinaryItems": {}, "effectOfAccountingCharges": {}, "otherItems": {}, "netIncome": 157838000, "netIncomeApplicableToCommonShares": 157838000}, {"maxAge": 1, "endDate": "2020-03-31", "totalRevenue": 1450491693, "costOfRevenue": 37410288, "grossProfit": 1413081405, "researchDevelopment": {}, "sellingGeneralAdministrative": 939942863, "nonRecurring": {}, "otherOperatingExpenses": 241667483, "totalOperatingExpenses": 1283600043, "operatingIncome": 166891650, "totalOtherIncomeExpenseNet": -1876814, "ebit": 0, "interestExpense": {}, "incomeBeforeTax": 165014836, "incomeTaxExpense": 45149969, "minorityInterest": {}, "netIncomeFromContinuingOps": 119864867, "discontinuedOperations": {}, "extraordinaryItems": {}, "effectOfAccountingCharges": {}, "otherItems": {}, "netIncome": 119864867, "netIncomeApplicableToCommonShares": 119864867}, {"maxAge": 1, "endDate": "2019-03-31", "totalRevenue": 1414695138, "costOfRevenue": 29048705, "grossProfit": 1385646433, "researchDevelopment": {}, "sellingGeneralAdministrative": 973718199, "nonRecurring": {}, "otherOperatingExpenses": 248575804, "totalOperatingExpenses": 1272214189, "operatingIncome": 142480949, "totalOtherIncomeExpenseNet": -2452276, "ebit": 0, "interestExpense": {}, "incomeBeforeTax": 140028673, "incomeTaxExpense": 40117765, "minorityInterest": {}, "netIncomeFromContinuingOps": 99910908, "discontinuedOperations": {}, "extraordinaryItems": {}, "effectOfAccountingCharges": {}, "otherItems": {}, "netIncome": 99910908, "netIncomeApplicableToCommonShares": 99910908}, {"maxAge": 1, "endDate": "2018-03-31", "totalRevenue": 1538288102, "costOfRevenue": 25468097, "grossProfit": 1512820005, "researchDevelopment": {}, "sellingGeneralAdministrative": 1107015034, "nonRecurring": {}, "otherOperatingExpenses": 283651983, "totalOperatingExpenses": 1437900418, "operatingIncome": 100387684, "totalOtherIncomeExpenseNet": 564500, "ebit": 0, "interestExpense": {}, "incomeBeforeTax": 100952184, "incomeTaxExpense": 27953502, "minorityInterest": {}, "netIncomeFromContinuingOps": 72998682, "discontinuedOperations": {}, "extraordinaryItems": {}, "effectOfAccountingCharges": {}, "otherItems": {}, "netIncome": 72998682, "netIncomeApplicableToCommonShares": 72998682}], "maxAge": 86400}, "fundOwnership": {"maxAge": 1, "ownershipList": []}, "summaryDetail": {"maxAge": 1, "priceHint": 2, "previousClose": 40.25, "open": 40.2, "dayLow": 39.95, "dayHigh": 40.55, "regularMarketPreviousClose": 40.25, "regularMarketOpen": 40.2, "regularMarketDayLow": 39.95, "regularMarketDayHigh": 40.55, "exDividendDate": "2008-09-05 05:30:00", "payoutRatio": 0.0, "beta": 1.411603, "trailingPE": 14.285714, "volume": 67951, "regularMarketVolume": 67951, "averageVolume": 174566, "averageVolume10days": 234799, "averageDailyVolume10Day": 234799, "bid": 0.0, "ask": 0.0, "bidSize": 0, "askSize": 0, "marketCap": 2249255936, "fiftyTwoWeekLow": 23.05, "fiftyTwoWeekHigh": 52.35, "priceToSalesTrailing12Months": 1.3128653, "fiftyDayAverage": 41.71857, "twoHundredDayAverage": 43.50625, "currency": "INR", "fromCurrency": null, "toCurrency": null, "lastMarket": null, "algorithm": null, "tradeable": false}, "incomeStatementHistoryQuarterly": {"incomeStatementHistory": [{"maxAge": 1, "endDate": "2021-03-31", "totalRevenue": 448813000, "costOfRevenue": 0, "grossProfit": 448813000, "researchDevelopment": {}, "sellingGeneralAdministrative": 293504000, "nonRecurring": {}, "otherOperatingExpenses": 83186000, "totalOperatingExpenses": 396168000, "operatingIncome": 52645000, "totalOtherIncomeExpenseNet": 0, "ebit": 0, "interestExpense": {}, "incomeBeforeTax": 52645000, "incomeTaxExpense": 15788000, "minorityInterest": {}, "netIncomeFromContinuingOps": 36857000, "discontinuedOperations": {}, "extraordinaryItems": {}, "effectOfAccountingCharges": {}, "otherItems": {}, "netIncome": 36857000, "netIncomeApplicableToCommonShares": 36857000}, {"maxAge": 1, "endDate": "2020-12-31", "totalRevenue": 436329000, "costOfRevenue": 125350000, "grossProfit": 310979000, "researchDevelopment": {}, "sellingGeneralAdministrative": 157929000, "nonRecurring": {}, "otherOperatingExpenses": 76086000, "totalOperatingExpenses": 376504000, "operatingIncome": 59825000, "totalOtherIncomeExpenseNet": 0, "ebit": 0, "interestExpense": {}, "incomeBeforeTax": 59825000, "incomeTaxExpense": 17779000, "minorityInterest": {}, "netIncomeFromContinuingOps": 42046000, "discontinuedOperations": {}, "extraordinaryItems": {}, "effectOfAccountingCharges": {}, "otherItems": {}, "netIncome": 42046000, "netIncomeApplicableToCommonShares": 42046000}, {"maxAge": 1, "endDate": "2020-09-30", "totalRevenue": 439604000, "costOfRevenue": 128841000, "grossProfit": 310763000, "researchDevelopment": {}, "sellingGeneralAdministrative": 150307000, "nonRecurring": {}, "otherOperatingExpenses": 81979000, "totalOperatingExpenses": 378263000, "operatingIncome": 61341000, "totalOtherIncomeExpenseNet": 0, "ebit": 0, "interestExpense": {}, "incomeBeforeTax": 61341000, "incomeTaxExpense": 17848000, "minorityInterest": {}, "netIncomeFromContinuingOps": 43493000, "discontinuedOperations": {}, "extraordinaryItems": {}, "effectOfAccountingCharges": {}, "otherItems": {}, "netIncome": 43493000, "netIncomeApplicableToCommonShares": 43493000}, {"maxAge": 1, "endDate": "2020-06-30", "totalRevenue": 388496000, "costOfRevenue": 106639000, "grossProfit": 281857000, "researchDevelopment": {}, "sellingGeneralAdministrative": 142804000, "nonRecurring": {}, "otherOperatingExpenses": 72397000, "totalOperatingExpenses": 338311000, "operatingIncome": 50185000, "totalOtherIncomeExpenseNet": 0, "ebit": 0, "interestExpense": {}, "incomeBeforeTax": 50185000, "incomeTaxExpense": 14744000, "minorityInterest": {}, "netIncomeFromContinuingOps": 35441000, "discontinuedOperations": {}, "extraordinaryItems": {}, "effectOfAccountingCharges": {}, "otherItems": {}, "netIncome": 35441000, "netIncomeApplicableToCommonShares": 35441000}], "maxAge": 86400}, "cashflowStatementHistoryQuarterly": {"cashflowStatements": [{"maxAge": 1, "endDate": "2021-03-31", "netIncome": 36857000, "changeToLiabilities": 0}, {"maxAge": 1, "endDate": "2020-12-31", "netIncome": 42046000, "changeToLiabilities": 0}, {"maxAge": 1, "endDate": "2020-09-30", "netIncome": 43493000, "changeToLiabilities": 0}, {"maxAge": 1, "endDate": "2020-06-30", "netIncome": 35441000, "changeToLiabilities": 0}], "maxAge": 86400}, "insiderHolders": {"holders": [{"maxAge": 1, "name": "Aditya Birla Financial Services Pvt. Ltd.", "relation": "Institution- Corporation", "url": "", "transactionDescription": "Acquisition", "latestTransDate": "2010-02-23", "positionDirect": 41550000, "positionDirectDate": "2010-02-23"}, {"maxAge": 1, "name": "Agarwal (Vikashh)", "relation": "Compliance Officer", "url": "", "transactionDescription": "Sale", "latestTransDate": "2017-08-08", "positionDirect": 0, "positionDirectDate": "2017-08-08"}, {"maxAge": 1, "name": "Krishnan (Murali L R)", "relation": "UNREPORTED", "url": "", "transactionDescription": "Other", "latestTransDate": "2018-06-13", "positionDirect": 10000, "positionDirectDate": "2018-06-13"}, {"maxAge": 1, "name": "Mahajan (Vivek)", "relation": "UNREPORTED", "url": "", "transactionDescription": "Other", "latestTransDate": "2017-09-29", "positionDirect": 50000, "positionDirectDate": "2017-09-29"}, {"maxAge": 1, "name": "PCR Investments Ltd.", "relation": "Institution- Corporation", "url": "", "transactionDescription": "Sale", "latestTransDate": "2014-07-17", "positionDirect": 0, "positionDirectDate": "2014-07-17"}, {"maxAge": 1, "name": "Ramasubramanian (Sudhakar)", "relation": "UNREPORTED", "url": "", "transactionDescription": "Sale", "latestTransDate": "2017-10-12", "positionDirect": 0, "positionDirectDate": "2017-10-12"}, {"maxAge": 1, "name": "Reddy (Sucharitha P)", "relation": "UNREPORTED", "url": "", "transactionDescription": "Acquisition", "latestTransDate": "2014-07-17", "positionDirect": 5517460, "positionDirectDate": "2014-07-17"}, {"maxAge": 1, "name": "Shukla (Saurabh)", "relation": "Officer", "url": "", "transactionDescription": "Other", "latestTransDate": "2017-09-29", "positionDirect": 98558, "positionDirectDate": "2017-09-29"}, {"maxAge": 1, "name": "Soni (Rajesh)", "relation": "UNREPORTED", "url": "", "transactionDescription": "Sale", "latestTransDate": "2018-03-28", "positionDirect": 0, "positionDirectDate": "2018-03-28"}, {"maxAge": 1, "name": "Thukral (Hemant)", "relation": "UNREPORTED", "url": "", "transactionDescription": "Sale", "latestTransDate": "2017-09-29", "positionDirect": 0, "positionDirectDate": "2017-09-29"}], "maxAge": 1}, "calendarEvents": {"maxAge": 1, "earnings": {"earningsDate": []}, "exDividendDate": "2008-09-05 05:30:00"}, "price": {"maxAge": 1, "regularMarketChangePercent": -0.0062111802, "regularMarketChange": -0.25, "regularMarketTime": "2021-04-30 15:30:01", "priceHint": 2, "regularMarketPrice": 40.0, "regularMarketDayHigh": 40.55, "regularMarketDayLow": 39.95, "regularMarketVolume": 67951, "averageDailyVolume10Day": 234799, "averageDailyVolume3Month": 174566, "regularMarketPreviousClose": 40.25, "regularMarketSource": "FREE_REALTIME", "regularMarketOpen": 40.2, "exchange": "NSI", "exchangeName": "NSE", "exchangeDataDelayedBy": 15, "marketState": "CLOSED", "quoteType": "EQUITY", "symbol": "BIRLAMONEY.NS", "underlyingSymbol": null, "shortName": "ADITYA BIRLA MONEY", "longName": "Aditya Birla Money Limited", "currency": "INR", "quoteSourceName": "Delayed Quote", "currencySymbol": "\u20b9", "fromCurrency": null, "toCurrency": null, "lastMarket": null, "marketCap": 2249255936}, "balanceSheetHistory": {"balanceSheetStatements": [{"maxAge": 1, "endDate": "2021-03-31", "cash": 4051332000, "netReceivables": 1751084000, "totalCurrentAssets": 8367317000, "propertyPlantEquipment": 215907000, "intangibleAssets": 26727000, "otherAssets": 224295000, "deferredLongTermAssetCharges": 53158000, "totalAssets": 8834246000, "accountsPayable": 414032000, "otherCurrentLiab": 3617572000, "longTermDebt": 546244000, "otherLiab": 266493000, "totalCurrentLiabilities": 7343990000, "totalLiab": 8355418000, "commonStock": 56301000, "treasuryStock": 422527000, "otherStockholderEquity": 422527000, "totalStockholderEquity": 478828000, "netTangibleAssets": 452101000}, {"maxAge": 1, "endDate": "2020-03-31", "cash": 376421110, "netReceivables": 1372265270, "otherCurrentAssets": 2355463482, "totalCurrentAssets": 5008929205, "propertyPlantEquipment": 236017519, "intangibleAssets": 24097326, "otherAssets": 213054608, "deferredLongTermAssetCharges": 42944113, "totalAssets": 5482098658, "accountsPayable": 307243941, "otherCurrentLiab": 57508753, "longTermDebt": 507143135, "otherLiab": 2086018015, "deferredLongTermLiab": 1873, "totalCurrentLiabilities": 2411357923, "totalLiab": 5169363313, "commonStock": 56301357, "retainedEarnings": 189094552, "treasuryStock": 21683172, "capitalSurplus": 45656264, "otherStockholderEquity": 21683172, "totalStockholderEquity": 312735345, "netTangibleAssets": 288638019}, {"maxAge": 1, "endDate": "2019-03-31", "cash": 59516833, "netReceivables": 1539678479, "otherCurrentAssets": 2237336106, "totalCurrentAssets": 6642297790, "propertyPlantEquipment": 50194645, "intangibleAssets": 26389751, "otherAssets": 217975781, "deferredLongTermAssetCharges": 33464006, "totalAssets": 6936857967, "accountsPayable": 271091303, "otherCurrentLiab": 53773325, "longTermDebt": 471595740, "otherLiab": 1982156255, "deferredLongTermLiab": 5308298, "totalCurrentLiabilities": 4268324344, "totalLiab": 6722076339, "commonStock": 56301357, "retainedEarnings": 91140835, "treasuryStock": 21683172, "capitalSurplus": 45656264, "otherStockholderEquity": 21683172, "totalStockholderEquity": 214781628, "netTangibleAssets": 188391877}, {"maxAge": 1, "endDate": "2018-03-31", "cash": 73660914, "netReceivables": 1705006404, "otherCurrentAssets": 1996249498, "totalCurrentAssets": 5173947638, "propertyPlantEquipment": 34496115, "intangibleAssets": 31047506, "otherAssets": 152511759, "deferredLongTermAssetCharges": 19232538, "totalAssets": 5392003018, "accountsPayable": 223406398, "otherCurrentLiab": 53482078, "longTermDebt": 439475243, "otherLiab": 2194603730, "deferredLongTermLiab": 6363099, "totalCurrentLiabilities": 2650251351, "totalLiab": 5284330324, "commonStock": 56122138, "retainedEarnings": -11310686, "treasuryStock": 30600249, "capitalSurplus": 32260993, "otherStockholderEquity": 30600249, "totalStockholderEquity": 107672694, "netTangibleAssets": 76625188}], "maxAge": 86400}, "financialData": {"maxAge": 86400, "currentPrice": 40.0, "recommendationKey": "none", "totalCash": 4051332096, "totalCashPerShare": 71.448, "totalDebt": 3965730048, "quickRatio": 1.139, "currentRatio": 1.139, "totalRevenue": 1713241984, "debtToEquity": 828.216, "revenuePerShare": 30.392, "returnOnAssets": 0.022049999, "returnOnEquity": 0.39880002, "grossProfits": 1713242000, "operatingCashflow": -1551384960, "earningsGrowth": 0.3, "revenueGrowth": 0.169, "grossMargins": 1.0, "ebitdaMargins": 0.0, "operatingMargins": 0.13074, "profitMargins": 0.092130005, "financialCurrency": "INR"}}}