{"BIRLACORPN.NS": {"assetProfile": {"address1": "1, Shakespeare Sarani", "address2": "2nd Floor A.C. Market", "city": "Kolkata", "zip": "700071", "country": "India", "phone": "91 33 6603 3300", "fax": "91 33 2288 4426", "website": "http://www.birlacorporation.com", "industry": "Building Materials", "sector": "Basic Materials", "longBusinessSummary": "Birla Corporation Limited manufactures and sells cement in India. The company operates through three segments: Cement, Jute, and Others. It offers ordinary Portland, Portland Pozzolana, and Portland slag cement under the MP Birla Cement Perfect Plus, MP Birla Cement Samrat Advanced, MP Birla Cement Ultimate Ultra, MP Birla Cement Unique, MP Birla Cement Samrat, MP Birla Cement Ultimate, MP Birla Cement Chetak, MP Birla Cement PSC, MP Birla Cement MULTICEM, and MP Birla Cement CONCRECEM brand names that are used in bridges, dams, railway sleepers, reservoirs, industrial buildings, marine structures, cooling towers, metro lines, and airport runways. The company also manufactures various jute products, such as jute yarn, floor and wall coverings, lino hessian products, decorative fabrics, nursery cloths, scrims, jute carpets, non-woven jute felts, hydrocarbon-free bags/cloths, D.W. canvas products, carpet backing cloths, hessian cloths/bags, and sacking bags/cloths, which are used in mats, yarns, ropes, bags, carpets, and panama. In addition, it offers auto trims, as well as iron and steel castings. The company also exports its products. The company was formerly known as Birla Jute Manufacturing Company Limited and changed its name to Birla Corporation Limited in 1998. Birla Corporation Limited was incorporated in 1919 and is based in Kolkata, India.", "fullTimeEmployees": 7412, "companyOfficers": [{"maxAge": 1, "name": "Mr. Aditya  Saraogi", "age": 55, "title": "Chief Financial Officer", "yearBorn": 1965, "fiscalYear": 2020, "totalPay": 14499000, "exercisedValue": 0, "unexercisedValue": 0}, {"maxAge": 1, "name": "Mr. Pracheta  Majumdar", "age": 76, "title": "Whole Time Director & Chief Management Advisor", "yearBorn": 1944, "fiscalYear": 2020, "totalPay": 12511000, "exercisedValue": 0, "unexercisedValue": 0}, {"maxAge": 1, "name": "Mr. Arvind  Pathak", "age": 60, "title": "MD, CEO & Additional Director", "yearBorn": 1960, "exercisedValue": 0, "unexercisedValue": 0}, {"maxAge": 1, "name": "Mr. Manoj Kumar Mehta", "title": "Company Sec., Compliance Officer, Joint Pres & Legal Head", "exercisedValue": 0, "unexercisedValue": 0}, {"maxAge": 1, "name": "Mr. Rajesh  Kakkar", "title": "Pres of Technical", "exercisedValue": 0, "unexercisedValue": 0}, {"maxAge": 1, "name": "Ms. Susmita  Bhattacharya", "title": "Head of Corp. HR", "exercisedValue": 0, "unexercisedValue": 0}, {"maxAge": 1, "name": "Mr. Asim  Chattopadhyay", "title": "Exec. Pres of Operation", "exercisedValue": 0, "unexercisedValue": 0}, {"maxAge": 1, "name": "Mr. Bhaskar  Bhattacharya", "title": "Pres of Satna Cement Works, Raebareli Cement Works & Raebareli Hitech Cement Works", "exercisedValue": 0, "unexercisedValue": 0}, {"maxAge": 1, "name": "Mr. Uttam Kumar Roy", "title": "Pres of Maihar Integrated Unit", "exercisedValue": 0, "unexercisedValue": 0}, {"maxAge": 1, "name": "Mr. P. K. Paliwal", "title": "Joint Pres of Durgapur Cement Works & Durga Hitech Cement", "exercisedValue": 0, "unexercisedValue": 0}], "compensationAsOfEpochDate": "2020-12-31 05:30:00", "maxAge": 86400}, "cashflowStatementHistory": {"cashflowStatements": [{"maxAge": 1, "endDate": "2020-03-31", "netIncome": 5051800000, "depreciation": 3498100000, "changeToNetincome": 4634300000, "changeToAccountReceivables": 130400000, "changeToLiabilities": 98100000, "changeToInventory": -46100000, "changeToOperatingActivities": 24500000, "totalCashFromOperatingActivities": 13412100000, "capitalExpenditures": -9906800000, "investments": -446200000, "otherCashflowsFromInvestingActivities": -1533800000, "totalCashflowsFromInvestingActivities": -11839800000, "netBorrowings": 1859900000, "otherCashflowsFromFinancingActivities": -3871600000, "totalCashFromFinancingActivities": -2011700000, "changeInCash": -439400000}, {"maxAge": 1, "endDate": "2019-03-31", "netIncome": 2556900000, "depreciation": 3375600000, "changeToNetincome": 3384400000, "changeToAccountReceivables": -706100000, "changeToLiabilities": 1753100000, "changeToInventory": -960600000, "changeToOperatingActivities": 1222400000, "totalCashFromOperatingActivities": 10641300000, "capitalExpenditures": -4197100000, "investments": -1521000000, "otherCashflowsFromInvestingActivities": 866800000, "totalCashflowsFromInvestingActivities": -5433800000, "dividendsPaid": -500500000, "netBorrowings": -1297400000, "otherCashflowsFromFinancingActivities": -3550900000, "totalCashFromFinancingActivities": -5348800000, "changeInCash": -141300000}, {"maxAge": 1, "endDate": "2018-03-31", "netIncome": 1539400000, "depreciation": 3308800000, "changeToNetincome": 2706500000, "changeToAccountReceivables": -593000000, "changeToLiabilities": 3811900000, "changeToInventory": -567900000, "changeToOperatingActivities": -2169900000, "totalCashFromOperatingActivities": 8048600000, "capitalExpenditures": -2792100000, "investments": -540800000, "otherCashflowsFromInvestingActivities": 1267600000, "totalCashflowsFromInvestingActivities": -2344300000, "dividendsPaid": -500500000, "netBorrowings": -1390800000, "otherCashflowsFromFinancingActivities": -3660400000, "totalCashFromFinancingActivities": -5551700000, "changeInCash": 152600000}, {"maxAge": 1, "endDate": "2017-03-31", "netIncome": 2194636000, "depreciation": 2549028000, "changeToNetincome": 956923000, "changeToAccountReceivables": -118935000, "changeToLiabilities": 2210002000, "changeToInventory": 631493000, "changeToOperatingActivities": -1656592000, "totalCashFromOperatingActivities": 6772558000, "capitalExpenditures": -2065262000, "investments": 13118689000, "otherCashflowsFromInvestingActivities": 712609000, "totalCashflowsFromInvestingActivities": -9815580000, "dividendsPaid": -462032000, "netBorrowings": 6102135000, "otherCashflowsFromFinancingActivities": -2837565000, "totalCashFromFinancingActivities": 2802538000, "changeInCash": -240484000}], "maxAge": 86400}, "institutionOwnership": {"maxAge": 1, "ownershipList": []}, "majorHoldersBreakdown": {"maxAge": 1, "insidersPercentHeld": 0.6393, "institutionsPercentHeld": 0.13746001, "institutionsFloatPercentHeld": 0.3811, "institutionsCount": 30}, "balanceSheetHistoryQuarterly": {"balanceSheetStatements": [{"maxAge": 1, "endDate": "2020-12-31", "totalStockholderEquity": 50161400000, "netTangibleAssets": 40694700000}, {"maxAge": 1, "endDate": "2020-09-30", "cash": 2215700000, "shortTermInvestments": 9227900000, "netReceivables": 2772200000, "inventory": 7882000000, "otherCurrentAssets": 4279400000, "totalCurrentAssets": 26377200000, "longTermInvestments": 3300600000, "propertyPlantEquipment": 81190300000, "goodWill": 300000, "intangibleAssets": 9466400000, "otherAssets": 2702800000, "totalAssets": 123037600000, "accountsPayable": 6068800000, "otherCurrentLiab": 15042600000, "longTermDebt": 34397900000, "otherLiab": 17031700000, "minorityInterest": 400000, "totalCurrentLiabilities": 21446200000, "totalLiab": 72875800000, "commonStock": 770100000, "treasuryStock": 49391300000, "otherStockholderEquity": 49391300000, "totalStockholderEquity": 50161400000, "netTangibleAssets": 40694700000}, {"maxAge": 1, "endDate": "2020-06-30", "totalStockholderEquity": 48061300000, "netTangibleAssets": 38528900000}, {"maxAge": 1, "endDate": "2020-03-31", "cash": 466600000, "shortTermInvestments": 2074100000, "netReceivables": 6383200000, "inventory": 9601600000, "otherCurrentAssets": 1565700000, "totalCurrentAssets": 26939400000, "longTermInvestments": 1600000000, "propertyPlantEquipment": 79752300000, "goodWill": 300000, "intangibleAssets": 9532100000, "otherAssets": 3930600000, "totalAssets": 121754700000, "accountsPayable": 5227500000, "shortLongTermDebt": 5293300000, "otherCurrentLiab": 7770300000, "longTermDebt": 36689500000, "otherLiab": 15876900000, "minorityInterest": 400000, "totalCurrentLiabilities": 21000800000, "totalLiab": 73693000000, "commonStock": 770100000, "retainedEarnings": 35917300000, "treasuryStock": 11373900000, "otherStockholderEquity": 11373900000, "totalStockholderEquity": 48061300000, "netTangibleAssets": 38528900000}], "maxAge": 86400}, "indexTrend": {"maxAge": 1, "symbol": "SP5", "peRatio": 19.7411, "pegRatio": 1.34172, "estimates": [{"period": "0q", "growth": 0.549}, {"period": "+1q", "growth": 0.431}, {"period": "0y", "growth": 0.305}, {"period": "+1y", "growth": 0.109}, {"period": "+5y", "growth": 0.120865}, {"period": "-5y"}]}, "defaultKeyStatistics": {"maxAge": 1, "priceHint": 2, "enterpriseValue": 94056644608, "profitMargins": 0.09074, "floatShares": 28983106, "sharesOutstanding": 77005296, "heldPercentInsiders": 0.6393, "heldPercentInstitutions": 0.13746001, "beta": 0.758337, "category": null, "bookValue": 651.478, "priceToBook": 1.4093338, "fundFamily": null, "legalType": null, "lastFiscalYearEnd": "2020-03-31 05:30:00", "nextFiscalYearEnd": "2022-03-31 05:30:00", "mostRecentQuarter": "2020-12-31 05:30:00", "earningsQuarterlyGrowth": 0.821, "netIncomeToCommon": 5755400192, "trailingEps": 74.745, "lastSplitFactor": null, "enterpriseToRevenue": 1.483, "enterpriseToEbitda": 7.244, "52WeekChange": 1.2760289, "SandP52WeekChange": 0.48148263, "lastDividendValue": 7.5, "lastDividendDate": 1597622400}, "summaryProfile": {"address1": "1, Shakespeare Sarani", "address2": "2nd Floor A.C. Market", "city": "Kolkata", "zip": "700071", "country": "India", "phone": "91 33 6603 3300", "fax": "91 33 2288 4426", "website": "http://www.birlacorporation.com", "industry": "Building Materials", "sector": "Basic Materials", "longBusinessSummary": "Birla Corporation Limited manufactures and sells cement in India. The company operates through three segments: Cement, Jute, and Others. It offers ordinary Portland, Portland Pozzolana, and Portland slag cement under the MP Birla Cement Perfect Plus, MP Birla Cement Samrat Advanced, MP Birla Cement Ultimate Ultra, MP Birla Cement Unique, MP Birla Cement Samrat, MP Birla Cement Ultimate, MP Birla Cement Chetak, MP Birla Cement PSC, MP Birla Cement MULTICEM, and MP Birla Cement CONCRECEM brand names that are used in bridges, dams, railway sleepers, reservoirs, industrial buildings, marine structures, cooling towers, metro lines, and airport runways. The company also manufactures various jute products, such as jute yarn, floor and wall coverings, lino hessian products, decorative fabrics, nursery cloths, scrims, jute carpets, non-woven jute felts, hydrocarbon-free bags/cloths, D.W. canvas products, carpet backing cloths, hessian cloths/bags, and sacking bags/cloths, which are used in mats, yarns, ropes, bags, carpets, and panama. In addition, it offers auto trims, as well as iron and steel castings. The company also exports its products. The company was formerly known as Birla Jute Manufacturing Company Limited and changed its name to Birla Corporation Limited in 1998. Birla Corporation Limited was incorporated in 1919 and is based in Kolkata, India.", "fullTimeEmployees": 7412, "companyOfficers": [], "maxAge": 86400}, "netSharePurchaseActivity": {"maxAge": 1, "period": "6m", "buyInfoCount": 0, "buyInfoShares": 0, "sellInfoCount": 0, "netInfoCount": 0, "netInfoShares": 0, "netPercentInsiderShares": 0.0, "totalInsiderShares": 49239704}, "insiderTransactions": {"transactions": [{"maxAge": 1, "shares": 685989, "filerUrl": "", "transactionText": "", "filerName": "ICICI Prudential Discovery Fund", "filerRelation": "Investment Management Company", "moneyText": "", "startDate": "2012-09-27", "ownership": "D"}], "maxAge": 1}, "quoteType": {"exchange": "NSI", "quoteType": "EQUITY", "symbol": "BIRLACORPN.NS", "underlyingSymbol": "BIRLACORPN.NS", "shortName": "BIRLA CORP", "longName": "Birla Corporation Limited", "firstTradeDateEpochUtc": "2002-07-01 09:15:00", "timeZoneFullName": "Asia/Kolkata", "timeZoneShortName": "IST", "uuid": "4419fd72-dd16-3238-ab13-cc6033d4b596", "messageBoardId": "finmb_878371", "gmtOffSetMilliseconds": 19800000, "maxAge": 1}, "incomeStatementHistory": {"incomeStatementHistory": [{"maxAge": 1, "endDate": "2020-03-31", "totalRevenue": 69156900000, "costOfRevenue": 10436600000, "grossProfit": 58720300000, "researchDevelopment": {}, "sellingGeneralAdministrative": 4933700000, "nonRecurring": {}, "otherOperatingExpenses": 40282700000, "totalOperatingExpenses": 59172100000, "operatingIncome": 9984800000, "totalOtherIncomeExpenseNet": -3169600000, "ebit": 9984800000, "interestExpense": -3843900000, "incomeBeforeTax": 6815200000, "incomeTaxExpense": 1763400000, "minorityInterest": 400000, "netIncomeFromContinuingOps": 5051800000, "discontinuedOperations": {}, "extraordinaryItems": {}, "effectOfAccountingCharges": {}, "otherItems": {}, "netIncome": 5051800000, "netIncomeApplicableToCommonShares": 5051800000}, {"maxAge": 1, "endDate": "2019-03-31", "totalRevenue": 65487300000, "costOfRevenue": 10438300000, "grossProfit": 55049000000, "researchDevelopment": {}, "sellingGeneralAdministrative": 4447200000, "nonRecurring": {}, "otherOperatingExpenses": 40922600000, "totalOperatingExpenses": 59199300000, "operatingIncome": 6288000000, "totalOtherIncomeExpenseNet": -3113600000, "ebit": 6288000000, "interestExpense": -3650800000, "incomeBeforeTax": 3174400000, "incomeTaxExpense": 617400000, "minorityInterest": 400000, "netIncomeFromContinuingOps": 2557000000, "discontinuedOperations": {}, "extraordinaryItems": {}, "effectOfAccountingCharges": {}, "otherItems": {}, "netIncome": 2556900000, "netIncomeApplicableToCommonShares": 2556900000}, {"maxAge": 1, "endDate": "2018-03-31", "totalRevenue": 57299700000, "costOfRevenue": 9251100000, "grossProfit": 48048600000, "researchDevelopment": {}, "sellingGeneralAdministrative": 4330400000, "nonRecurring": {}, "otherOperatingExpenses": 35460000000, "totalOperatingExpenses": 52363100000, "operatingIncome": 4936600000, "totalOtherIncomeExpenseNet": -3338200000, "ebit": 4936600000, "interestExpense": -3731800000, "incomeBeforeTax": 1598400000, "incomeTaxExpense": 58900000, "minorityInterest": 300000, "netIncomeFromContinuingOps": 1539500000, "discontinuedOperations": {}, "extraordinaryItems": {}, "effectOfAccountingCharges": {}, "otherItems": {}, "netIncome": 1539400000, "netIncomeApplicableToCommonShares": 1539400000}, {"maxAge": 1, "endDate": "2017-03-31", "totalRevenue": 43476665000, "costOfRevenue": 7604077000, "grossProfit": 35872588000, "researchDevelopment": {}, "sellingGeneralAdministrative": 3541965000, "nonRecurring": {}, "otherOperatingExpenses": 25907867000, "totalOperatingExpenses": 39608940000, "operatingIncome": 3867725000, "totalOtherIncomeExpenseNet": -1564772000, "ebit": 3867725000, "interestExpense": -2666588000, "incomeBeforeTax": 2302953000, "incomeTaxExpense": 108238000, "minorityInterest": 276000, "netIncomeFromContinuingOps": 2194715000, "discontinuedOperations": {}, "extraordinaryItems": {}, "effectOfAccountingCharges": {}, "otherItems": {}, "netIncome": 2194636000, "netIncomeApplicableToCommonShares": 2194636000}], "maxAge": 86400}, "fundOwnership": {"maxAge": 1, "ownershipList": [{"maxAge": 1, "reportDate": "2021-01-31", "organization": "DFA Emerging Markets Core Equity Portfolio", "pctHeld": 0.0022, "position": 168566, "value": 121055672}, {"maxAge": 1, "reportDate": "2021-01-31", "organization": "DFA Investment Dimensions-DFA Emerging Mkts Value", "pctHeld": 0.0021, "position": 158657, "value": 113939524}, {"maxAge": 1, "reportDate": "2021-01-31", "organization": "DFA Emerging Markets Small Cap Series", "pctHeld": 0.0013, "position": 96625, "value": 69391243}, {"maxAge": 1, "reportDate": "2021-02-28", "organization": "WisdomTree Tr-WisdomTree India Earnings Fd", "pctHeld": 0.0008, "position": 64474, "value": 54770663}, {"maxAge": 1, "reportDate": "2021-03-31", "organization": "iShares MSCI India Small Cap ETF", "pctHeld": 0.00059999997, "position": 43289, "value": 41118056}, {"maxAge": 1, "reportDate": "2021-02-28", "organization": "USAA Mutual Fd Tr-Emerging Markets Fd", "pctHeld": 0.0005, "position": 41986, "value": 35667107}, {"maxAge": 1, "reportDate": "2020-12-31", "organization": "MainStay VP Fds Tr-MainStay VP Emerging Markets Equity Portfolio", "pctHeld": 0.00029999999, "position": 26795, "value": 19327233}, {"maxAge": 1, "reportDate": "2021-03-31", "organization": "SPDR (R) Idx Shares-SPDR (R) Emerging Markets Small Cap ETF", "pctHeld": 0.0002, "position": 18305, "value": 17387004}, {"maxAge": 1, "reportDate": "2020-12-31", "organization": "College Retirement Equities Fund-Stock Account", "pctHeld": 0.0002, "position": 17103, "value": 12336393}, {"maxAge": 1, "reportDate": "2021-01-31", "organization": "DFA Investment Dimensions-Emerging Markets Social Core Equity", "pctHeld": 0.0001, "position": 10855, "value": 7795518}]}, "summaryDetail": {"maxAge": 1, "priceHint": 2, "previousClose": 918.8, "open": 919.0, "dayLow": 915.5, "dayHigh": 929.8, "regularMarketPreviousClose": 918.8, "regularMarketOpen": 919.0, "regularMarketDayLow": 915.5, "regularMarketDayHigh": 929.8, "dividendRate": 7.5, "dividendYield": 0.0082, "exDividendDate": "2020-08-17 05:30:00", "payoutRatio": 0.1003, "fiveYearAvgDividendYield": 1.03, "beta": 0.758337, "trailingPE": 12.283765, "volume": 48042, "regularMarketVolume": 48042, "averageVolume": 262931, "averageVolume10days": 110263, "averageDailyVolume10Day": 110263, "bid": 0.0, "ask": 0.0, "bidSize": 0, "askSize": 0, "marketCap": 70648619008, "fiftyTwoWeekLow": 372.2, "fiftyTwoWeekHigh": 1014.9, "priceToSalesTrailing12Months": 1.1138378, "fiftyDayAverage": 912.1583, "twoHundredDayAverage": 786.77484, "trailingAnnualDividendRate": 7.5, "trailingAnnualDividendYield": 0.008162822, "currency": "INR", "fromCurrency": null, "toCurrency": null, "lastMarket": null, "algorithm": null, "tradeable": false}, "incomeStatementHistoryQuarterly": {"incomeStatementHistory": [{"maxAge": 1, "endDate": "2020-12-31", "totalRevenue": 17766200000, "costOfRevenue": 5650400000, "grossProfit": 12115800000, "researchDevelopment": {}, "sellingGeneralAdministrative": 5142200000, "nonRecurring": {}, "otherOperatingExpenses": 3676200000, "totalOperatingExpenses": 15376400000, "operatingIncome": 2389800000, "totalOtherIncomeExpenseNet": -267500000, "ebit": 2389800000, "interestExpense": -729500000, "incomeBeforeTax": 2122300000, "incomeTaxExpense": 638100000, "minorityInterest": {}, "netIncomeFromContinuingOps": 1484200000, "discontinuedOperations": {}, "extraordinaryItems": {}, "effectOfAccountingCharges": {}, "otherItems": {}, "netIncome": 1484200000, "netIncomeApplicableToCommonShares": 1484200000}, {"maxAge": 1, "endDate": "2020-09-30", "totalRevenue": 16542500000, "costOfRevenue": 6160600000, "grossProfit": 10381900000, "researchDevelopment": {}, "sellingGeneralAdministrative": 4682700000, "nonRecurring": {}, "otherOperatingExpenses": 1872300000, "totalOperatingExpenses": 13633600000, "operatingIncome": 2908900000, "totalOtherIncomeExpenseNet": -548300000, "ebit": 2908900000, "interestExpense": -759900000, "incomeBeforeTax": 2360600000, "incomeTaxExpense": 694400000, "minorityInterest": 400000, "netIncomeFromContinuingOps": 1666200000, "discontinuedOperations": {}, "extraordinaryItems": {}, "effectOfAccountingCharges": {}, "otherItems": {}, "netIncome": 1666200000, "netIncomeApplicableToCommonShares": 1666200000}, {"maxAge": 1, "endDate": "2020-06-30", "totalRevenue": 12219700000, "costOfRevenue": 5087900000, "grossProfit": 7131800000, "researchDevelopment": {}, "sellingGeneralAdministrative": 3454100000, "nonRecurring": {}, "otherOperatingExpenses": 1346500000, "totalOperatingExpenses": 10765200000, "operatingIncome": 1454500000, "totalOtherIncomeExpenseNet": -609300000, "ebit": 1454500000, "interestExpense": -799700000, "incomeBeforeTax": 845200000, "incomeTaxExpense": 187500000, "minorityInterest": 400000, "netIncomeFromContinuingOps": 657700000, "discontinuedOperations": {}, "extraordinaryItems": {}, "effectOfAccountingCharges": {}, "otherItems": {}, "netIncome": 657700000, "netIncomeApplicableToCommonShares": 657700000}, {"maxAge": 1, "endDate": "2020-03-31", "totalRevenue": 16899700000, "costOfRevenue": -11227600000, "grossProfit": 28127300000, "researchDevelopment": {}, "sellingGeneralAdministrative": -10397200000, "nonRecurring": {}, "otherOperatingExpenses": 34932000000, "totalOperatingExpenses": 14201000000, "operatingIncome": 2698700000, "totalOtherIncomeExpenseNet": -775000000, "ebit": 2698700000, "interestExpense": -876600000, "incomeBeforeTax": 1923700000, "incomeTaxExpense": -23600000, "minorityInterest": 400000, "netIncomeFromContinuingOps": 1947300000, "discontinuedOperations": {}, "extraordinaryItems": {}, "effectOfAccountingCharges": {}, "otherItems": {}, "netIncome": 1947300000, "netIncomeApplicableToCommonShares": 1947300000}], "maxAge": 86400}, "cashflowStatementHistoryQuarterly": {"cashflowStatements": [{"maxAge": 1, "endDate": "2020-12-31", "netIncome": 1484200000, "changeToLiabilities": 0}, {"maxAge": 1, "endDate": "2020-09-30", "netIncome": 1666200000, "changeToLiabilities": 0}, {"maxAge": 1, "endDate": "2020-06-30", "netIncome": 657700000, "changeToLiabilities": 0}, {"maxAge": 1, "endDate": "2020-03-31", "netIncome": 1947300000, "changeToLiabilities": 0}], "maxAge": 86400}, "insiderHolders": {"holders": [{"maxAge": 1, "name": "ICICI Prudential Discovery Fund", "relation": "Investment Management Company", "url": "", "transactionDescription": "Acquisition", "latestTransDate": "2012-09-27", "positionDirect": 4109109, "positionDirectDate": "2012-09-27"}], "maxAge": 1}, "calendarEvents": {"maxAge": 1, "earnings": {"earningsDate": []}, "exDividendDate": "2020-08-17 05:30:00"}, "price": {"maxAge": 1, "regularMarketChangePercent": -0.00070740463, "regularMarketChange": -0.6499634, "regularMarketTime": "2021-04-30 15:29:57", "priceHint": 2, "regularMarketPrice": 918.15, "regularMarketDayHigh": 929.8, "regularMarketDayLow": 915.5, "regularMarketVolume": 48042, "averageDailyVolume10Day": 110263, "averageDailyVolume3Month": 262931, "regularMarketPreviousClose": 918.8, "regularMarketSource": "FREE_REALTIME", "regularMarketOpen": 919.0, "exchange": "NSI", "exchangeName": "NSE", "exchangeDataDelayedBy": 15, "marketState": "CLOSED", "quoteType": "EQUITY", "symbol": "BIRLACORPN.NS", "underlyingSymbol": null, "shortName": "BIRLA CORP", "longName": "Birla Corporation Limited", "currency": "INR", "quoteSourceName": "Delayed Quote", "currencySymbol": "\u20b9", "fromCurrency": null, "toCurrency": null, "lastMarket": null, "marketCap": 70648619008}, "balanceSheetHistory": {"balanceSheetStatements": [{"maxAge": 1, "endDate": "2020-03-31", "cash": 466600000, "shortTermInvestments": 2074100000, "netReceivables": 6383200000, "inventory": 9601600000, "otherCurrentAssets": 1565700000, "totalCurrentAssets": 26939400000, "longTermInvestments": 1600000000, "propertyPlantEquipment": 79752300000, "goodWill": 300000, "intangibleAssets": 9532100000, "otherAssets": 3930600000, "totalAssets": 121754700000, "accountsPayable": 5227500000, "shortLongTermDebt": 5293300000, "otherCurrentLiab": 7770300000, "longTermDebt": 36689500000, "otherLiab": 15876900000, "minorityInterest": 400000, "totalCurrentLiabilities": 21000800000, "totalLiab": 73693000000, "commonStock": 770100000, "retainedEarnings": 35917300000, "treasuryStock": 11373900000, "otherStockholderEquity": 11373900000, "totalStockholderEquity": 48061300000, "netTangibleAssets": 38528900000}, {"maxAge": 1, "endDate": "2019-03-31", "cash": 894300000, "shortTermInvestments": 469000000, "netReceivables": 7118700000, "inventory": 9899200000, "otherCurrentAssets": 580200000, "totalCurrentAssets": 25045100000, "longTermInvestments": 2764100000, "propertyPlantEquipment": 72050400000, "goodWill": 300000, "intangibleAssets": 9722400000, "otherAssets": 3733800000, "totalAssets": 113316100000, "accountsPayable": 6273100000, "shortLongTermDebt": 4007300000, "otherCurrentLiab": 5015000000, "longTermDebt": 36201000000, "otherLiab": 14279900000, "minorityInterest": 400000, "totalCurrentLiabilities": 17851500000, "totalLiab": 68363500000, "commonStock": 770100000, "retainedEarnings": 31442900000, "treasuryStock": 12739200000, "otherStockholderEquity": 12739200000, "totalStockholderEquity": 44952200000, "netTangibleAssets": 35229500000}, {"maxAge": 1, "endDate": "2018-03-31", "cash": 1078800000, "shortTermInvestments": 1104100000, "netReceivables": 8477700000, "inventory": 8932800000, "otherCurrentAssets": 736900000, "totalCurrentAssets": 24539300000, "longTermInvestments": 2584500000, "propertyPlantEquipment": 71325600000, "goodWill": 1500000, "intangibleAssets": 9972600000, "otherAssets": 2322100000, "totalAssets": 110745600000, "accountsPayable": 5112100000, "shortLongTermDebt": 2353900000, "otherCurrentLiab": 5510400000, "longTermDebt": 38296500000, "otherLiab": 13735000000, "minorityInterest": 300000, "totalCurrentLiabilities": 15914400000, "totalLiab": 67947100000, "commonStock": 770100000, "retainedEarnings": 29698900000, "treasuryStock": 12329200000, "otherStockholderEquity": 12329200000, "totalStockholderEquity": 42798200000, "netTangibleAssets": 32824100000}, {"maxAge": 1, "endDate": "2017-03-31", "cash": 883015000, "shortTermInvestments": 2199858000, "netReceivables": 5707621000, "inventory": 7900671000, "otherCurrentAssets": 855775000, "totalCurrentAssets": 20948403000, "longTermInvestments": 2288710000, "propertyPlantEquipment": 62270730000, "goodWill": 1528000, "intangibleAssets": 9400936000, "otherAssets": 2067856000, "totalAssets": 96978163000, "accountsPayable": 3678628000, "shortLongTermDebt": 1844686000, "otherCurrentLiab": 5143520000, "longTermDebt": 40489521000, "otherLiab": 11183095000, "minorityInterest": 276000, "totalCurrentLiabilities": 12441573000, "totalLiab": 64115422000, "commonStock": 770053000, "retainedEarnings": 28926189000, "treasuryStock": 3166223000, "otherStockholderEquity": 3166223000, "totalStockholderEquity": 32862465000, "netTangibleAssets": 23460001000}], "maxAge": 86400}, "financialData": {"maxAge": 86400, "currentPrice": 918.15, "recommendationKey": "none", "totalCash": 11443600384, "totalCashPerShare": 148.577, "ebitda": 12984224768, "totalDebt": 34732699648, "totalRevenue": 63428100096, "debtToEquity": 69.241, "revenuePerShare": 823.737, "grossProfits": 58720300000, "earningsGrowth": 0.821, "revenueGrowth": 0.036, "grossMargins": 0.88421, "ebitdaMargins": 0.20471, "operatingMargins": 0.14899, "profitMargins": 0.09074, "financialCurrency": "INR"}}}