{"BIRLACABLE.BO": {"cashflowStatementHistory": {"cashflowStatements": [{"maxAge": 1, "endDate": "2020-03-31", "netIncome": 10161000, "depreciation": 116774000, "changeToNetincome": 39113000, "changeToAccountReceivables": 823321000, "changeToLiabilities": -625734000, "changeToInventory": 11210000, "changeToOperatingActivities": -56274000, "totalCashFromOperatingActivities": 319178000, "capitalExpenditures": -184755000, "investments": -17514000, "otherCashflowsFromInvestingActivities": 13401000, "totalCashflowsFromInvestingActivities": -185853000, "dividendsPaid": -60000000, "netBorrowings": 132078000, "otherCashflowsFromFinancingActivities": -72013000, "totalCashFromFinancingActivities": 65000, "changeInCash": 133390000}, {"maxAge": 1, "endDate": "2019-03-31", "netIncome": 470347000, "depreciation": 104594000, "changeToNetincome": 28140000, "changeToAccountReceivables": -589461000, "changeToLiabilities": 191998000, "changeToInventory": -61524000, "changeToOperatingActivities": 24440000, "totalCashFromOperatingActivities": 169141000, "capitalExpenditures": -287836000, "investments": 3910000, "otherCashflowsFromInvestingActivities": 23227000, "totalCashflowsFromInvestingActivities": -249683000, "dividendsPaid": -30000000, "netBorrowings": 146428000, "otherCashflowsFromFinancingActivities": -36686000, "totalCashFromFinancingActivities": 79742000, "changeInCash": -800000}, {"maxAge": 1, "endDate": "2018-03-31", "netIncome": 161336000, "depreciation": 76253000, "changeToNetincome": 41636000, "changeToAccountReceivables": -355066000, "changeToLiabilities": 175038000, "changeToInventory": -170432000, "changeToOperatingActivities": 1719000, "totalCashFromOperatingActivities": -69010000, "capitalExpenditures": -108971000, "investments": 166357000, "otherCashflowsFromInvestingActivities": 3371000, "totalCashflowsFromInvestingActivities": 62541000, "dividendsPaid": -30000000, "netBorrowings": 29949000, "otherCashflowsFromFinancingActivities": -24626000, "totalCashFromFinancingActivities": 5323000, "changeInCash": -1146000}, {"maxAge": 1, "endDate": "2017-03-31", "netIncome": 33345000, "depreciation": 77277000, "changeToNetincome": 38839000, "changeToAccountReceivables": 70707000, "changeToLiabilities": 56638000, "changeToInventory": -48235000, "changeToOperatingActivities": 66639000, "totalCashFromOperatingActivities": 295210000, "capitalExpenditures": -74913000, "investments": 4772000, "otherCashflowsFromInvestingActivities": 4314000, "totalCashflowsFromInvestingActivities": -54521000, "dividendsPaid": -36107000, "netBorrowings": -256930000, "otherCashflowsFromFinancingActivities": -21798000, "totalCashFromFinancingActivities": -314835000, "changeInCash": -74146000}], "maxAge": 86400}, "institutionOwnership": {"maxAge": 1, "ownershipList": []}, "balanceSheetHistoryQuarterly": {"balanceSheetStatements": [{"maxAge": 1, "endDate": "2020-06-30", "totalStockholderEquity": 1557883000, "netTangibleAssets": 1556570000}, {"maxAge": 1, "endDate": "2020-03-31", "cash": 138388000, "netReceivables": 879575000, "inventory": 715393000, "otherCurrentAssets": 110122000, "totalCurrentAssets": 1843478000, "longTermInvestments": 97865000, "propertyPlantEquipment": 847503000, "intangibleAssets": 1313000, "otherAssets": 15152000, "totalAssets": 2805311000, "accountsPayable": 331224000, "shortLongTermDebt": 82427000, "otherCurrentLiab": 56705000, "longTermDebt": 192922000, "otherLiab": 58003000, "totalCurrentLiabilities": 985299000, "totalLiab": 1247428000, "commonStock": 300000000, "retainedEarnings": 1019419000, "treasuryStock": 38464000, "capitalSurplus": 200000000, "otherStockholderEquity": 38464000, "totalStockholderEquity": 1557883000, "netTangibleAssets": 1556570000}, {"maxAge": 1, "endDate": "2019-12-31", "totalStockholderEquity": 1622424000, "netTangibleAssets": 1605067000}, {"maxAge": 1, "endDate": "2019-09-30", "cash": 46706000, "shortTermInvestments": 18922000, "netReceivables": 1442517000, "inventory": 727771000, "otherCurrentAssets": 39879000, "totalCurrentAssets": 2275795000, "longTermInvestments": 164408000, "propertyPlantEquipment": 856572000, "intangibleAssets": 17357000, "otherAssets": 25594000, "totalAssets": 3339726000, "accountsPayable": 392982000, "otherCurrentLiab": 130428000, "longTermDebt": 152213000, "otherLiab": 72572000, "totalCurrentLiabilities": 1492517000, "totalLiab": 1717302000, "commonStock": 300000000, "treasuryStock": 1322424000, "otherStockholderEquity": 1322424000, "totalStockholderEquity": 1622424000, "netTangibleAssets": 1605067000}], "maxAge": 86400}, "indexTrend": {"maxAge": 1, "symbol": "SP5", "peRatio": 19.7411, "pegRatio": 1.34172, "estimates": [{"period": "0q", "growth": 0.549}, {"period": "+1q", "growth": 0.431}, {"period": "0y", "growth": 0.305}, {"period": "+1y", "growth": 0.109}, {"period": "+5y", "growth": 0.120865}, {"period": "-5y"}]}, "insiderTransactions": {"transactions": [{"maxAge": 1, "shares": 52000, "filerUrl": "", "transactionText": "", "filerName": "Amal Chandra Chakrabortti & Mahendra Kumar Sharma", "filerRelation": "Promoter", "moneyText": "", "startDate": "2016-07-12", "ownership": "D"}], "maxAge": 1}, "quoteType": {"exchange": "BSE", "quoteType": "EQUITY", "symbol": "BIRLACABLE.BO", "underlyingSymbol": "BIRLACABLE.BO", "shortName": "Birla Cable Limited", "longName": "Birla Cable Limited", "firstTradeDateEpochUtc": "2000-01-03 09:15:00", "timeZoneFullName": "Asia/Kolkata", "timeZoneShortName": "IST", "uuid": "73906a1f-eb2f-3aa4-a051-bd32cb989a07", "messageBoardId": null, "gmtOffSetMilliseconds": 19800000, "maxAge": 1}, "incomeStatementHistory": {"incomeStatementHistory": [{"maxAge": 1, "endDate": "2020-03-31", "totalRevenue": 2230712000, "costOfRevenue": 1570657000, "grossProfit": 660055000, "researchDevelopment": {}, "sellingGeneralAdministrative": 210514000, "nonRecurring": {}, "otherOperatingExpenses": 279549000, "totalOperatingExpenses": 2178101000, "operatingIncome": 52611000, "totalOtherIncomeExpenseNet": -49576000, "ebit": 52611000, "interestExpense": -61419000, "incomeBeforeTax": 3035000, "incomeTaxExpense": -7126000, "minorityInterest": {}, "netIncomeFromContinuingOps": 10161000, "discontinuedOperations": {}, "extraordinaryItems": {}, "effectOfAccountingCharges": {}, "otherItems": {}, "netIncome": 10161000, "netIncomeApplicableToCommonShares": 10161000}, {"maxAge": 1, "endDate": "2019-03-31", "totalRevenue": 5023128000, "costOfRevenue": 3701334000, "grossProfit": 1321794000, "researchDevelopment": {}, "sellingGeneralAdministrative": 195430000, "nonRecurring": {}, "otherOperatingExpenses": 335117000, "totalOperatingExpenses": 4337041000, "operatingIncome": 686087000, "totalOtherIncomeExpenseNet": -23400000, "ebit": 686087000, "interestExpense": -30619000, "incomeBeforeTax": 662687000, "incomeTaxExpense": 192340000, "minorityInterest": {}, "netIncomeFromContinuingOps": 470347000, "discontinuedOperations": {}, "extraordinaryItems": {}, "effectOfAccountingCharges": {}, "otherItems": {}, "netIncome": 470347000, "netIncomeApplicableToCommonShares": 470347000}, {"maxAge": 1, "endDate": "2018-03-31", "totalRevenue": 3250491000, "costOfRevenue": 2464209000, "grossProfit": 786282000, "researchDevelopment": {}, "sellingGeneralAdministrative": 173012000, "nonRecurring": {}, "otherOperatingExpenses": 266576000, "totalOperatingExpenses": 2980515000, "operatingIncome": 269976000, "totalOtherIncomeExpenseNet": -29797000, "ebit": 269976000, "interestExpense": -24626000, "incomeBeforeTax": 240179000, "incomeTaxExpense": 78843000, "minorityInterest": {}, "netIncomeFromContinuingOps": 161336000, "discontinuedOperations": {}, "extraordinaryItems": {}, "effectOfAccountingCharges": {}, "otherItems": {}, "netIncome": 161336000, "netIncomeApplicableToCommonShares": 161336000}, {"maxAge": 1, "endDate": "2017-03-31", "totalRevenue": 2110915000, "costOfRevenue": 1595518000, "grossProfit": 515397000, "researchDevelopment": {}, "sellingGeneralAdministrative": 158162000, "nonRecurring": {}, "otherOperatingExpenses": 221796000, "totalOperatingExpenses": 2052712000, "operatingIncome": 58203000, "totalOtherIncomeExpenseNet": -3301000, "ebit": 58203000, "interestExpense": -28714000, "incomeBeforeTax": 54902000, "incomeTaxExpense": 21557000, "minorityInterest": {}, "netIncomeFromContinuingOps": 33345000, "discontinuedOperations": {}, "extraordinaryItems": {}, "effectOfAccountingCharges": {}, "otherItems": {}, "netIncome": 33345000, "netIncomeApplicableToCommonShares": 33345000}], "maxAge": 86400}, "fundOwnership": {"maxAge": 1, "ownershipList": []}, "summaryDetail": {"maxAge": 1, "priceHint": 2, "previousClose": 58.65, "open": 59.05, "dayLow": 57.95, "dayHigh": 59.5, "regularMarketPreviousClose": 58.65, "regularMarketOpen": 59.05, "regularMarketDayLow": 57.95, "regularMarketDayHigh": 59.5, "trailingPE": 99.6587, "volume": 5720, "regularMarketVolume": 5720, "averageVolume": 28667, "averageVolume10days": 16604, "averageDailyVolume10Day": 16604, "bid": 58.5, "ask": 59.5, "bidSize": 0, "askSize": 0, "marketCap": 1752000000, "fiftyTwoWeekLow": 24.6, "fiftyTwoWeekHigh": 74.1, "fiftyDayAverage": 63.854286, "twoHundredDayAverage": 56.48321, "trailingAnnualDividendRate": 2.0, "trailingAnnualDividendYield": 0.034100596, "currency": "INR", "fromCurrency": null, "toCurrency": null, "lastMarket": null, "algorithm": null, "tradeable": false}, "incomeStatementHistoryQuarterly": {"incomeStatementHistory": [{"maxAge": 1, "endDate": "2020-06-30", "totalRevenue": 571716000, "costOfRevenue": 418719000, "grossProfit": 152997000, "researchDevelopment": {}, "sellingGeneralAdministrative": 39494000, "nonRecurring": {}, "otherOperatingExpenses": 59409000, "totalOperatingExpenses": 547383000, "operatingIncome": 24333000, "totalOtherIncomeExpenseNet": -6255000, "ebit": 24333000, "interestExpense": -11468000, "incomeBeforeTax": 18078000, "incomeTaxExpense": 5599000, "minorityInterest": {}, "netIncomeFromContinuingOps": 12479000, "discontinuedOperations": {}, "extraordinaryItems": {}, "effectOfAccountingCharges": {}, "otherItems": {}, "netIncome": 12479000, "netIncomeApplicableToCommonShares": 12479000}, {"maxAge": 1, "endDate": "2020-03-31", "totalRevenue": 589254000, "costOfRevenue": 453936000, "grossProfit": 135318000, "researchDevelopment": {}, "sellingGeneralAdministrative": 57832000, "nonRecurring": {}, "otherOperatingExpenses": 39570000, "totalOperatingExpenses": 574688000, "operatingIncome": 14566000, "totalOtherIncomeExpenseNet": -12389000, "ebit": 14566000, "interestExpense": -3604000, "incomeBeforeTax": 2177000, "incomeTaxExpense": 1270000, "minorityInterest": {}, "netIncomeFromContinuingOps": 907000, "discontinuedOperations": {}, "extraordinaryItems": {}, "effectOfAccountingCharges": {}, "otherItems": {}, "netIncome": 907000, "netIncomeApplicableToCommonShares": 907000}, {"maxAge": 1, "endDate": "2019-12-31", "totalRevenue": 495288000, "costOfRevenue": 337982000, "grossProfit": 157306000, "researchDevelopment": {}, "sellingGeneralAdministrative": 47965000, "nonRecurring": {}, "otherOperatingExpenses": 74919000, "totalOperatingExpenses": 493832000, "operatingIncome": 1456000, "totalOtherIncomeExpenseNet": -18371000, "ebit": 1456000, "interestExpense": -20186000, "incomeBeforeTax": -16915000, "incomeTaxExpense": -11159000, "minorityInterest": {}, "netIncomeFromContinuingOps": -5756000, "discontinuedOperations": {}, "extraordinaryItems": {}, "effectOfAccountingCharges": {}, "otherItems": {}, "netIncome": -5756000, "netIncomeApplicableToCommonShares": -5756000}, {"maxAge": 1, "endDate": "2019-09-30", "totalRevenue": 713665000, "costOfRevenue": 514573000, "grossProfit": 199092000, "researchDevelopment": {}, "sellingGeneralAdministrative": 54204000, "nonRecurring": {}, "otherOperatingExpenses": 95068000, "totalOperatingExpenses": 695507000, "operatingIncome": 18158000, "totalOtherIncomeExpenseNet": -7994000, "ebit": 18158000, "interestExpense": -23151000, "incomeBeforeTax": 10164000, "incomeTaxExpense": 297000, "minorityInterest": {}, "netIncomeFromContinuingOps": 9867000, "discontinuedOperations": {}, "extraordinaryItems": {}, "effectOfAccountingCharges": {}, "otherItems": {}, "netIncome": 9867000, "netIncomeApplicableToCommonShares": 9867000}], "maxAge": 86400}, "cashflowStatementHistoryQuarterly": {"cashflowStatements": [{"maxAge": 1, "endDate": "2020-06-30", "netIncome": 12479000, "changeToLiabilities": 0}, {"maxAge": 1, "endDate": "2020-03-31", "netIncome": 907000, "changeToLiabilities": 0}, {"maxAge": 1, "endDate": "2019-12-31", "netIncome": -5756000, "changeToLiabilities": 0}, {"maxAge": 1, "endDate": "2019-09-30", "netIncome": 9867000, "changeToLiabilities": 0}], "maxAge": 86400}, "insiderHolders": {"holders": [{"maxAge": 1, "name": "Amal Chandra Chakrabortti & Mahendra Kumar Sharma", "relation": "Promoter", "url": "", "transactionDescription": "Other", "latestTransDate": "2016-07-12", "positionDirect": 124241, "positionDirectDate": "2016-07-12"}], "maxAge": 1}, "calendarEvents": {"maxAge": 1, "earnings": {"earningsDate": []}}, "price": {"maxAge": 1, "regularMarketChangePercent": -0.0042625745, "regularMarketChange": -0.25, "regularMarketTime": "2021-04-30 15:29:59", "priceHint": 2, "regularMarketPrice": 58.4, "regularMarketDayHigh": 59.5, "regularMarketDayLow": 57.95, "regularMarketVolume": 5720, "averageDailyVolume10Day": 16604, "averageDailyVolume3Month": 28667, "regularMarketPreviousClose": 58.65, "regularMarketSource": "FREE_REALTIME", "regularMarketOpen": 59.05, "exchange": "BSE", "exchangeName": "BSE", "exchangeDataDelayedBy": 0, "marketState": "CLOSED", "quoteType": "EQUITY", "symbol": "BIRLACABLE.BO", "underlyingSymbol": null, "shortName": "Birla Cable Limited", "longName": "Birla Cable Limited", "currency": "INR", "quoteSourceName": "Delayed Quote", "currencySymbol": "\u20b9", "fromCurrency": null, "toCurrency": null, "lastMarket": null, "marketCap": 1752000000}, "balanceSheetHistory": {"balanceSheetStatements": [{"maxAge": 1, "endDate": "2020-03-31", "cash": 138388000, "netReceivables": 879575000, "inventory": 715393000, "otherCurrentAssets": 110122000, "totalCurrentAssets": 1843478000, "longTermInvestments": 97865000, "propertyPlantEquipment": 847503000, "intangibleAssets": 1313000, "otherAssets": 15152000, "totalAssets": 2805311000, "accountsPayable": 331224000, "shortLongTermDebt": 82427000, "otherCurrentLiab": 56705000, "longTermDebt": 192922000, "otherLiab": 58003000, "totalCurrentLiabilities": 985299000, "totalLiab": 1247428000, "commonStock": 300000000, "retainedEarnings": 1019419000, "treasuryStock": 38464000, "capitalSurplus": 200000000, "otherStockholderEquity": 38464000, "totalStockholderEquity": 1557883000, "netTangibleAssets": 1556570000}, {"maxAge": 1, "endDate": "2019-03-31", "cash": 4998000, "netReceivables": 1646852000, "inventory": 726603000, "otherCurrentAssets": 71941000, "totalCurrentAssets": 2451753000, "longTermInvestments": 192987000, "propertyPlantEquipment": 739163000, "intangibleAssets": 1920000, "otherAssets": 21229000, "totalAssets": 3407052000, "accountsPayable": 935677000, "shortLongTermDebt": 22126000, "otherCurrentLiab": 64224000, "longTermDebt": 129334000, "otherLiab": 66278000, "totalCurrentLiabilities": 1494132000, "totalLiab": 1689744000, "commonStock": 300000000, "retainedEarnings": 1083377000, "treasuryStock": 133931000, "capitalSurplus": 200000000, "otherStockholderEquity": 133931000, "totalStockholderEquity": 1717308000, "netTangibleAssets": 1715388000}, {"maxAge": 1, "endDate": "2018-03-31", "cash": 5798000, "netReceivables": 1085430000, "inventory": 665079000, "otherCurrentAssets": 80473000, "totalCurrentAssets": 1836780000, "longTermInvestments": 119252000, "propertyPlantEquipment": 596682000, "intangibleAssets": 2527000, "otherAssets": 25591000, "totalAssets": 2580832000, "accountsPayable": 784633000, "shortLongTermDebt": 41103000, "otherCurrentLiab": 37809000, "longTermDebt": 119469000, "otherLiab": 68793000, "totalCurrentLiabilities": 1178140000, "totalLiab": 1366402000, "commonStock": 300000000, "retainedEarnings": 650876000, "treasuryStock": 63554000, "capitalSurplus": 200000000, "otherStockholderEquity": 63554000, "totalStockholderEquity": 1214430000, "netTangibleAssets": 1211903000}, {"maxAge": 1, "endDate": "2017-03-31", "cash": 6944000, "netReceivables": 718113000, "inventory": 494647000, "otherCurrentAssets": 68704000, "totalCurrentAssets": 1290961000, "longTermInvestments": 203943000, "propertyPlantEquipment": 560147000, "intangibleAssets": 1833000, "otherAssets": 36087000, "totalAssets": 2092971000, "accountsPayable": 611845000, "shortLongTermDebt": 37236000, "otherCurrentLiab": 30763000, "longTermDebt": 116248000, "otherLiab": 51953000, "totalCurrentLiabilities": 961723000, "totalLiab": 1129924000, "commonStock": 300000000, "retainedEarnings": 450631000, "treasuryStock": 12416000, "capitalSurplus": 200000000, "otherStockholderEquity": 12416000, "totalStockholderEquity": 963047000, "netTangibleAssets": 961214000}], "maxAge": 86400}, "financialData": {"maxAge": 86400, "currentPrice": 58.4, "recommendationKey": "none", "grossProfits": 660055000, "financialCurrency": "INR"}}}