{"BIRLAMONEY.BO": {"recommendationTrend": {"trend": [{"period": "0m", "strongBuy": 0, "buy": 0, "hold": 0, "sell": 0, "strongSell": 0}, {"period": "-1m", "strongBuy": 0, "buy": 0, "hold": 0, "sell": 0, "strongSell": 0}, {"period": "-2m", "strongBuy": 0, "buy": 0, "hold": 0, "sell": 0, "strongSell": 0}, {"period": "-3m", "strongBuy": 0, "buy": 0, "hold": 0, "sell": 0, "strongSell": 0}], "maxAge": 86400}, "cashflowStatementHistory": {"cashflowStatements": [{"maxAge": 1, "endDate": "2020-03-31", "netIncome": 119864867, "depreciation": 57395234, "changeToNetincome": 68045833, "changeToAccountReceivables": 486999965, "changeToLiabilities": 36152638, "changeToInventory": 1900987029, "changeToOperatingActivities": -109024491, "totalCashFromOperatingActivities": 2567605250, "capitalExpenditures": -21382101, "investments": 29189533, "totalCashflowsFromInvestingActivities": 9533418, "netBorrowings": -2030780127, "otherCashflowsFromFinancingActivities": -229454264, "totalCashFromFinancingActivities": -2260234391, "changeInCash": 316904277}, {"maxAge": 1, "endDate": "2019-03-31", "netIncome": 99910908, "depreciation": 13470159, "changeToNetincome": 80125980, "changeToAccountReceivables": 205295697, "changeToLiabilities": 45810250, "changeToInventory": -1649607972, "changeToOperatingActivities": -276888119, "totalCashFromOperatingActivities": -1474481775, "capitalExpenditures": -32072054, "investments": 276468597, "totalCashflowsFromInvestingActivities": 244938432, "netBorrowings": 1487295239, "otherCashflowsFromFinancingActivities": -278034229, "totalCashFromFinancingActivities": 1215399262, "changeInCash": -14144081, "issuanceOfStock": 6138252}, {"maxAge": 1, "endDate": "2018-03-31", "netIncome": 72998682, "depreciation": 13685025, "changeToNetincome": 14870329, "changeToAccountReceivables": 110870879, "changeToLiabilities": 82463131, "changeToInventory": -1156158400, "changeToOperatingActivities": -832354308, "totalCashFromOperatingActivities": -1685544383, "capitalExpenditures": -13012872, "investments": -219855656, "totalCashflowsFromInvestingActivities": -230229501, "netBorrowings": 1900000000, "otherCashflowsFromFinancingActivities": -107643969, "totalCashFromFinancingActivities": 1817089258, "changeInCash": -98684626, "issuanceOfStock": 24733227}, {"maxAge": 1, "endDate": "2017-03-31", "netIncome": 72762197, "depreciation": 18928061, "changeToNetincome": 12036164, "changeToAccountReceivables": -157201663, "changeToLiabilities": 99682619, "changeToInventory": -1156158400, "changeToOperatingActivities": 454735215, "totalCashFromOperatingActivities": 513606575, "capitalExpenditures": -40496663, "investments": 17077630, "totalCashflowsFromInvestingActivities": -20669659, "netBorrowings": -404200000, "otherCashflowsFromFinancingActivities": -57250802, "totalCashFromFinancingActivities": -461450802, "changeInCash": 31486114, "issuanceOfStock": 24733227}], "maxAge": 86400}, "institutionOwnership": {"maxAge": 1, "ownershipList": []}, "balanceSheetHistoryQuarterly": {"balanceSheetStatements": [{"maxAge": 1, "endDate": "2020-09-30", "cash": 3261699000, "netReceivables": 1319288000, "totalCurrentAssets": 4580987000, "longTermInvestments": 2089786000, "propertyPlantEquipment": 221331000, "intangibleAssets": 21344000, "otherAssets": 193854000, "deferredLongTermAssetCharges": 46650000, "totalAssets": 7107302000, "accountsPayable": 353983000, "otherCurrentLiab": 215070000, "longTermDebt": 526694000, "otherLiab": 2745933000, "totalCurrentLiabilities": 3241784000, "totalLiab": 6711652000, "commonStock": 56301000, "treasuryStock": 339349000, "otherStockholderEquity": 339349000, "totalStockholderEquity": 395650000, "netTangibleAssets": 374306000}, {"maxAge": 1, "endDate": "2020-06-30", "totalStockholderEquity": 312735345, "netTangibleAssets": 288638019}, {"maxAge": 1, "endDate": "2020-03-31", "cash": 376421110, "netReceivables": 1372265270, "otherCurrentAssets": 2355463482, "totalCurrentAssets": 5008929205, "propertyPlantEquipment": 236017519, "intangibleAssets": 24097326, "otherAssets": 213054608, "deferredLongTermAssetCharges": 42944113, "totalAssets": 5482098658, "accountsPayable": 307243941, "otherCurrentLiab": 57508753, "longTermDebt": 507143135, "otherLiab": 2086018015, "deferredLongTermLiab": 1873, "totalCurrentLiabilities": 2411357923, "totalLiab": 5169363313, "commonStock": 56301357, "retainedEarnings": 189094552, "treasuryStock": 21683172, "capitalSurplus": 45656264, "otherStockholderEquity": 21683172, "totalStockholderEquity": 312735345, "netTangibleAssets": 288638019}, {"maxAge": 1, "endDate": "2019-12-31", "totalStockholderEquity": 265100000, "netTangibleAssets": 242327000}], "maxAge": 86400}, "earningsHistory": {"history": [{"maxAge": 1, "epsActual": {}, "epsEstimate": {}, "epsDifference": {}, "surprisePercent": {}, "quarter": {}, "period": "-4q"}, {"maxAge": 1, "epsActual": {}, "epsEstimate": {}, "epsDifference": {}, "surprisePercent": {}, "quarter": {}, "period": "-3q"}, {"maxAge": 1, "epsActual": {}, "epsEstimate": {}, "epsDifference": {}, "surprisePercent": {}, "quarter": {}, "period": "-2q"}, {"maxAge": 1, "epsActual": {}, "epsEstimate": {}, "epsDifference": {}, "surprisePercent": {}, "quarter": {}, "period": "-1q"}], "maxAge": 86400}, "indexTrend": {"maxAge": 1, "symbol": "SP5", "peRatio": 19.7411, "pegRatio": 1.34172, "estimates": [{"period": "0q", "growth": 0.549}, {"period": "+1q", "growth": 0.431}, {"period": "0y", "growth": 0.305}, {"period": "+1y", "growth": 0.109}, {"period": "+5y", "growth": 0.120865}, {"period": "-5y"}]}, "industryTrend": {"maxAge": 1, "symbol": null, "estimates": []}, "insiderTransactions": {"transactions": [{"maxAge": 1, "shares": 10000, "filerUrl": "", "transactionText": "", "filerName": "Krishnan (Murali L R)", "filerRelation": "UNREPORTED", "moneyText": "", "startDate": "2018-06-13", "ownership": "D"}, {"maxAge": 1, "shares": 10000, "filerUrl": "", "transactionText": "", "filerName": "Krishnan (Murali L R)", "filerRelation": "UNREPORTED", "moneyText": "", "startDate": "2018-06-13", "ownership": "D"}, {"maxAge": 1, "shares": 16484, "filerUrl": "", "transactionText": "", "filerName": "Soni (Rajesh)", "filerRelation": "UNREPORTED", "moneyText": "", "startDate": "2018-03-28", "ownership": "D"}, {"maxAge": 1, "shares": 16484, "filerUrl": "", "transactionText": "", "filerName": "Soni (Rajesh)", "filerRelation": "UNREPORTED", "moneyText": "", "startDate": "2018-03-28", "ownership": "D"}, {"maxAge": 1, "shares": 30000, "filerUrl": "", "transactionText": "", "filerName": "Ramasubramanian (Sudhakar)", "filerRelation": "UNREPORTED", "moneyText": "", "startDate": "2017-10-12", "ownership": "D"}, {"maxAge": 1, "shares": 30000, "filerUrl": "", "transactionText": "", "filerName": "Ramasubramanian (Sudhakar)", "filerRelation": "UNREPORTED", "moneyText": "", "startDate": "2017-10-12", "ownership": "D"}, {"maxAge": 1, "shares": 50000, "filerUrl": "", "transactionText": "", "filerName": "Ramasubramanian (Sudhakar)", "filerRelation": "UNREPORTED", "moneyText": "", "startDate": "2017-10-12", "ownership": "D"}, {"maxAge": 1, "shares": 30000, "filerUrl": "", "transactionText": "", "filerName": "Ramasubramanian (Sudhakar)", "filerRelation": "UNREPORTED", "moneyText": "", "startDate": "2017-10-12", "ownership": "D"}, {"maxAge": 1, "shares": 52000, "filerUrl": "", "transactionText": "", "filerName": "Thukral (Hemant)", "filerRelation": "UNREPORTED", "moneyText": "", "startDate": "2017-09-29", "ownership": "D"}, {"maxAge": 1, "shares": 52000, "filerUrl": "", "transactionText": "", "filerName": "Thukral (Hemant)", "filerRelation": "UNREPORTED", "moneyText": "", "startDate": "2017-09-29", "ownership": "D"}, {"maxAge": 1, "shares": 98000, "filerUrl": "", "transactionText": "", "filerName": "Shukla (Saurabh)", "filerRelation": "Officer", "moneyText": "", "startDate": "2017-09-29", "ownership": "D"}, {"maxAge": 1, "shares": 98558, "filerUrl": "", "transactionText": "", "filerName": "Shukla (Saurabh)", "filerRelation": "Officer", "moneyText": "", "startDate": "2017-09-29", "ownership": "D"}, {"maxAge": 1, "shares": 45000, "filerUrl": "", "transactionText": "", "filerName": "Mahajan (Vivek)", "filerRelation": "UNREPORTED", "moneyText": "", "startDate": "2017-09-29", "ownership": "D"}, {"maxAge": 1, "shares": 50000, "filerUrl": "", "transactionText": "", "filerName": "Mahajan (Vivek)", "filerRelation": "UNREPORTED", "moneyText": "", "startDate": "2017-09-29", "ownership": "D"}, {"maxAge": 1, "shares": 14423, "filerUrl": "", "transactionText": "", "filerName": "Agarwal (Vikashh)", "filerRelation": "Compliance Officer", "moneyText": "", "startDate": "2017-08-08", "ownership": "D"}, {"maxAge": 1, "shares": 5000, "filerUrl": "", "transactionText": "", "filerName": "Krishnan (Murali L R)", "filerRelation": "UNREPORTED", "moneyText": "", "startDate": "2017-08-07", "ownership": "D"}, {"maxAge": 1, "shares": 5000, "filerUrl": "", "transactionText": "", "filerName": "Krishnan (Murali L R)", "filerRelation": "UNREPORTED", "moneyText": "", "startDate": "2017-08-02", "ownership": "D"}, {"maxAge": 1, "shares": 14423, "filerUrl": "", "transactionText": "", "filerName": "Agarwal (Vikashh)", "filerRelation": "Compliance Officer", "moneyText": "", "startDate": "2017-07-31", "ownership": "D"}, {"maxAge": 1, "shares": 3184000, "filerUrl": "", "transactionText": "", "filerName": "Reddy (Sucharitha P)", "filerRelation": "UNREPORTED", "moneyText": "", "startDate": "2014-07-17", "ownership": "D"}, {"maxAge": 1, "shares": 3385320, "filerUrl": "", "transactionText": "", "filerName": "PCR Investments Ltd.", "filerRelation": "Institution- Corporation", "moneyText": "", "startDate": "2014-07-17", "ownership": "D"}, {"maxAge": 1, "shares": 41550000, "filerUrl": "", "transactionText": "", "filerName": "Aditya Birla Financial Services Pvt. Ltd.", "filerRelation": "Institution- Corporation", "moneyText": "", "startDate": "2010-02-23", "ownership": "D"}], "maxAge": 1}, "quoteType": {"exchange": "BSE", "quoteType": "EQUITY", "symbol": "BIRLAMONEY.BO", "underlyingSymbol": "BIRLAMONEY.BO", "shortName": "ADITYA BIRLA MONEY LTD.", "longName": "Aditya Birla Money Limited", "firstTradeDateEpochUtc": "2005-08-23 09:15:00", "timeZoneFullName": "Asia/Kolkata", "timeZoneShortName": "IST", "uuid": "150f01af-08de-3d5d-bed9-c5295669e637", "messageBoardId": null, "gmtOffSetMilliseconds": 19800000, "maxAge": 1}, "incomeStatementHistory": {"incomeStatementHistory": [{"maxAge": 1, "endDate": "2020-03-31", "totalRevenue": 1450491693, "costOfRevenue": 37410288, "grossProfit": 1413081405, "researchDevelopment": {}, "sellingGeneralAdministrative": 939942863, "nonRecurring": {}, "otherOperatingExpenses": 241667483, "totalOperatingExpenses": 1283600043, "operatingIncome": 166891650, "totalOtherIncomeExpenseNet": -1876814, "ebit": 0, "interestExpense": {}, "incomeBeforeTax": 165014836, "incomeTaxExpense": 45149969, "minorityInterest": {}, "netIncomeFromContinuingOps": 119864867, "discontinuedOperations": {}, "extraordinaryItems": {}, "effectOfAccountingCharges": {}, "otherItems": {}, "netIncome": 119864867, "netIncomeApplicableToCommonShares": 119864867}, {"maxAge": 1, "endDate": "2019-03-31", "totalRevenue": 1414695138, "costOfRevenue": 29048705, "grossProfit": 1385646433, "researchDevelopment": {}, "sellingGeneralAdministrative": 973718199, "nonRecurring": {}, "otherOperatingExpenses": 248575804, "totalOperatingExpenses": 1272214189, "operatingIncome": 142480949, "totalOtherIncomeExpenseNet": -2452276, "ebit": 0, "interestExpense": {}, "incomeBeforeTax": 140028673, "incomeTaxExpense": 40117765, "minorityInterest": {}, "netIncomeFromContinuingOps": 99910908, "discontinuedOperations": {}, "extraordinaryItems": {}, "effectOfAccountingCharges": {}, "otherItems": {}, "netIncome": 99910908, "netIncomeApplicableToCommonShares": 99910908}, {"maxAge": 1, "endDate": "2018-03-31", "totalRevenue": 1538288102, "costOfRevenue": 25468097, "grossProfit": 1512820005, "researchDevelopment": {}, "sellingGeneralAdministrative": 1107015034, "nonRecurring": {}, "otherOperatingExpenses": 283651983, "totalOperatingExpenses": 1437900418, "operatingIncome": 100387684, "totalOtherIncomeExpenseNet": 564500, "ebit": 0, "interestExpense": {}, "incomeBeforeTax": 100952184, "incomeTaxExpense": 27953502, "minorityInterest": {}, "netIncomeFromContinuingOps": 72998682, "discontinuedOperations": {}, "extraordinaryItems": {}, "effectOfAccountingCharges": {}, "otherItems": {}, "netIncome": 72998682, "netIncomeApplicableToCommonShares": 72998682}, {"maxAge": 1, "endDate": "2017-03-31", "totalRevenue": 1275472674, "costOfRevenue": 25670250, "grossProfit": 1249802424, "researchDevelopment": {}, "sellingGeneralAdministrative": 890310225, "nonRecurring": {}, "otherOperatingExpenses": 247791175, "totalOperatingExpenses": 1195363693, "operatingIncome": 80108981, "totalOtherIncomeExpenseNet": 725000, "ebit": 0, "interestExpense": {}, "incomeBeforeTax": 80833981, "incomeTaxExpense": 8071784, "minorityInterest": {}, "netIncomeFromContinuingOps": 72762197, "discontinuedOperations": {}, "extraordinaryItems": {}, "effectOfAccountingCharges": {}, "otherItems": {}, "netIncome": 72762197, "netIncomeApplicableToCommonShares": 72762197}], "maxAge": 86400}, "fundOwnership": {"maxAge": 1, "ownershipList": []}, "summaryDetail": {"maxAge": 1, "priceHint": 2, "previousClose": 40.2, "open": 40.15, "dayLow": 40.0, "dayHigh": 40.45, "regularMarketPreviousClose": 40.2, "regularMarketOpen": 40.15, "regularMarketDayLow": 40.0, "regularMarketDayHigh": 40.45, "trailingPE": 16.743408, "volume": 4956, "regularMarketVolume": 4956, "averageVolume": 43976, "averageVolume10days": 13421, "averageDailyVolume10Day": 13421, "bid": 40.0, "ask": 40.1, "bidSize": 0, "askSize": 0, "marketCap": 2252056064, "fiftyTwoWeekLow": 16.25, "fiftyTwoWeekHigh": 52.25, "fiftyDayAverage": 45.24, "twoHundredDayAverage": 42.62409, "currency": "INR", "fromCurrency": null, "toCurrency": null, "lastMarket": null, "algorithm": null, "tradeable": false}, "sectorTrend": {"maxAge": 1, "symbol": null, "estimates": []}, "incomeStatementHistoryQuarterly": {"incomeStatementHistory": [{"maxAge": 1, "endDate": "2020-09-30", "totalRevenue": 439604000, "costOfRevenue": 128841000, "grossProfit": 310763000, "researchDevelopment": {}, "sellingGeneralAdministrative": 150307000, "nonRecurring": {}, "otherOperatingExpenses": 81979000, "totalOperatingExpenses": 378263000, "operatingIncome": 61341000, "totalOtherIncomeExpenseNet": 0, "ebit": 0, "interestExpense": {}, "incomeBeforeTax": 61341000, "incomeTaxExpense": 17848000, "minorityInterest": {}, "netIncomeFromContinuingOps": 43493000, "discontinuedOperations": {}, "extraordinaryItems": {}, "effectOfAccountingCharges": {}, "otherItems": {}, "netIncome": 43493000, "netIncomeApplicableToCommonShares": 43493000}, {"maxAge": 1, "endDate": "2020-06-30", "totalRevenue": 388496000, "costOfRevenue": 106639000, "grossProfit": 281857000, "researchDevelopment": {}, "sellingGeneralAdministrative": 142804000, "nonRecurring": {}, "otherOperatingExpenses": 72397000, "totalOperatingExpenses": 338311000, "operatingIncome": 50185000, "totalOtherIncomeExpenseNet": 0, "ebit": 0, "interestExpense": {}, "incomeBeforeTax": 50185000, "incomeTaxExpense": 14744000, "minorityInterest": {}, "netIncomeFromContinuingOps": 35441000, "discontinuedOperations": {}, "extraordinaryItems": {}, "effectOfAccountingCharges": {}, "otherItems": {}, "netIncome": 35441000, "netIncomeApplicableToCommonShares": 35441000}, {"maxAge": 1, "endDate": "2020-03-31", "totalRevenue": 383826693, "costOfRevenue": 37410288, "grossProfit": 346416405, "researchDevelopment": {}, "sellingGeneralAdministrative": 257651863, "nonRecurring": {}, "otherOperatingExpenses": 33600483, "totalOperatingExpenses": 345625043, "operatingIncome": 38201650, "totalOtherIncomeExpenseNet": -1876814, "ebit": 0, "interestExpense": {}, "incomeBeforeTax": 36324836, "incomeTaxExpense": 8363969, "minorityInterest": {}, "netIncomeFromContinuingOps": 27960867, "discontinuedOperations": {}, "extraordinaryItems": {}, "effectOfAccountingCharges": {}, "otherItems": {}, "netIncome": 27960867, "netIncomeApplicableToCommonShares": 27960867}, {"maxAge": 1, "endDate": "2019-12-31", "totalRevenue": 344069000, "costOfRevenue": 0, "grossProfit": 344069000, "researchDevelopment": {}, "sellingGeneralAdministrative": 228447000, "nonRecurring": {}, "otherOperatingExpenses": 62989000, "totalOperatingExpenses": 307527000, "operatingIncome": 36542000, "totalOtherIncomeExpenseNet": 0, "ebit": 0, "interestExpense": {}, "incomeBeforeTax": 36542000, "incomeTaxExpense": 8690000, "minorityInterest": {}, "netIncomeFromContinuingOps": 27852000, "discontinuedOperations": {}, "extraordinaryItems": {}, "effectOfAccountingCharges": {}, "otherItems": {}, "netIncome": 27852000, "netIncomeApplicableToCommonShares": 27852000}], "maxAge": 86400}, "cashflowStatementHistoryQuarterly": {"cashflowStatements": [{"maxAge": 1, "endDate": "2020-09-30", "netIncome": 43493000, "changeToLiabilities": 0}, {"maxAge": 1, "endDate": "2020-06-30", "netIncome": 35441000, "changeToLiabilities": 0}, {"maxAge": 1, "endDate": "2020-03-31", "netIncome": 27960867, "changeToLiabilities": 0}, {"maxAge": 1, "endDate": "2019-12-31", "netIncome": 27852000, "changeToLiabilities": 0}], "maxAge": 86400}, "insiderHolders": {"holders": [{"maxAge": 1, "name": "Aditya Birla Financial Services Pvt. Ltd.", "relation": "Institution- Corporation", "url": "", "transactionDescription": "Acquisition", "latestTransDate": "2010-02-23", "positionDirect": 41550000, "positionDirectDate": "2010-02-23"}, {"maxAge": 1, "name": "Agarwal (Vikashh)", "relation": "Compliance Officer", "url": "", "transactionDescription": "Sale", "latestTransDate": "2017-08-08", "positionDirect": 0, "positionDirectDate": "2017-08-08"}, {"maxAge": 1, "name": "Krishnan (Murali L R)", "relation": "UNREPORTED", "url": "", "transactionDescription": "Sale", "latestTransDate": "2018-06-13", "positionDirect": 0, "positionDirectDate": "2018-06-13"}, {"maxAge": 1, "name": "Mahajan (Vivek)", "relation": "UNREPORTED", "url": "", "transactionDescription": "Sale", "latestTransDate": "2017-09-29", "positionDirect": 5000, "positionDirectDate": "2017-09-29"}, {"maxAge": 1, "name": "PCR Investments Ltd.", "relation": "Institution- Corporation", "url": "", "transactionDescription": "Sale", "latestTransDate": "2014-07-17", "positionDirect": 0, "positionDirectDate": "2014-07-17"}, {"maxAge": 1, "name": "Ramasubramanian (Sudhakar)", "relation": "UNREPORTED", "url": "", "transactionDescription": "Other", "latestTransDate": "2017-10-12", "positionDirect": 80000, "positionDirectDate": "2017-10-12"}, {"maxAge": 1, "name": "Reddy (Sucharitha P)", "relation": "UNREPORTED", "url": "", "transactionDescription": "Acquisition", "latestTransDate": "2014-07-17", "positionDirect": 5517460, "positionDirectDate": "2014-07-17"}, {"maxAge": 1, "name": "Shukla (Saurabh)", "relation": "Officer", "url": "", "transactionDescription": "Sale", "latestTransDate": "2017-09-29", "positionDirect": 558, "positionDirectDate": "2017-09-29"}, {"maxAge": 1, "name": "Soni (Rajesh)", "relation": "UNREPORTED", "url": "", "transactionDescription": "Other", "latestTransDate": "2018-03-28", "positionDirect": 16484, "positionDirectDate": "2018-03-28"}, {"maxAge": 1, "name": "Thukral (Hemant)", "relation": "UNREPORTED", "url": "", "transactionDescription": "Other", "latestTransDate": "2017-09-29", "positionDirect": 52000, "positionDirectDate": "2017-09-29"}], "maxAge": 1}, "earnings": {"maxAge": 86400, "earningsChart": {"quarterly": [], "earningsDate": []}, "financialsChart": {"yearly": [{"date": 2017, "revenue": 1275472674, "earnings": 72762197}, {"date": 2018, "revenue": 1538288102, "earnings": 72998682}, {"date": 2019, "revenue": 1414695138, "earnings": 99910908}, {"date": 2020, "revenue": 1450491693, "earnings": 119864867}], "quarterly": [{"date": "4Q2019", "revenue": 344069000, "earnings": 27852000}, {"date": "1Q2020", "revenue": 383826693, "earnings": 27960867}, {"date": "2Q2020", "revenue": 388496000, "earnings": 35441000}, {"date": "3Q2020", "revenue": 439604000, "earnings": 43493000}]}, "financialCurrency": "INR"}, "calendarEvents": {"maxAge": 1, "earnings": {"earningsDate": []}}, "price": {"maxAge": 1, "regularMarketChangePercent": -0.0049751434, "regularMarketChange": -0.20000076, "regularMarketTime": "2021-04-30 15:25:44", "priceHint": 2, "regularMarketPrice": 40.0, "regularMarketDayHigh": 40.45, "regularMarketDayLow": 40.0, "regularMarketVolume": 4956, "averageDailyVolume10Day": 13421, "averageDailyVolume3Month": 43976, "regularMarketPreviousClose": 40.2, "regularMarketSource": "FREE_REALTIME", "regularMarketOpen": 40.15, "exchange": "BSE", "exchangeName": "BSE", "exchangeDataDelayedBy": 0, "marketState": "CLOSED", "quoteType": "EQUITY", "symbol": "BIRLAMONEY.BO", "underlyingSymbol": null, "shortName": "ADITYA BIRLA MONEY LTD.", "longName": "Aditya Birla Money Limited", "currency": "INR", "quoteSourceName": "Delayed Quote", "currencySymbol": "\u20b9", "fromCurrency": null, "toCurrency": null, "lastMarket": null, "marketCap": 2252056064}, "balanceSheetHistory": {"balanceSheetStatements": [{"maxAge": 1, "endDate": "2020-03-31", "cash": 376421110, "netReceivables": 1372265270, "otherCurrentAssets": 2355463482, "totalCurrentAssets": 5008929205, "propertyPlantEquipment": 236017519, "intangibleAssets": 24097326, "otherAssets": 213054608, "deferredLongTermAssetCharges": 42944113, "totalAssets": 5482098658, "accountsPayable": 307243941, "otherCurrentLiab": 57508753, "longTermDebt": 507143135, "otherLiab": 2086018015, "deferredLongTermLiab": 1873, "totalCurrentLiabilities": 2411357923, "totalLiab": 5169363313, "commonStock": 56301357, "retainedEarnings": 189094552, "treasuryStock": 21683172, "capitalSurplus": 45656264, "otherStockholderEquity": 21683172, "totalStockholderEquity": 312735345, "netTangibleAssets": 288638019}, {"maxAge": 1, "endDate": "2019-03-31", "cash": 59516833, "netReceivables": 1539678479, "otherCurrentAssets": 2237336106, "totalCurrentAssets": 6642297790, "propertyPlantEquipment": 50194645, "intangibleAssets": 26389751, "otherAssets": 217975781, "deferredLongTermAssetCharges": 33464006, "totalAssets": 6936857967, "accountsPayable": 271091303, "otherCurrentLiab": 53773325, "longTermDebt": 471595740, "otherLiab": 1982156255, "deferredLongTermLiab": 5308298, "totalCurrentLiabilities": 4268324344, "totalLiab": 6722076339, "commonStock": 56301357, "retainedEarnings": 91140835, "treasuryStock": 21683172, "capitalSurplus": 45656264, "otherStockholderEquity": 21683172, "totalStockholderEquity": 214781628, "netTangibleAssets": 188391877}, {"maxAge": 1, "endDate": "2018-03-31", "cash": 73660914, "netReceivables": 1705006404, "otherCurrentAssets": 1996249498, "totalCurrentAssets": 5173947638, "propertyPlantEquipment": 34496115, "intangibleAssets": 31047506, "otherAssets": 152511759, "deferredLongTermAssetCharges": 19232538, "totalAssets": 5392003018, "accountsPayable": 223406398, "otherCurrentLiab": 53482078, "longTermDebt": 439475243, "otherLiab": 2194603730, "deferredLongTermLiab": 6363099, "totalCurrentLiabilities": 2650251351, "totalLiab": 5284330324, "commonStock": 56122138, "retainedEarnings": -11310686, "treasuryStock": 30600249, "capitalSurplus": 32260993, "otherStockholderEquity": 30600249, "totalStockholderEquity": 107672694, "netTangibleAssets": 76625188}, {"maxAge": 1, "endDate": "2017-03-31", "cash": 878806556, "netReceivables": 1542124770, "otherCurrentAssets": 185271595, "totalCurrentAssets": 2606202921, "propertyPlantEquipment": 43029249, "intangibleAssets": 32752714, "otherAssets": 178165831, "totalAssets": 2860150715, "accountsPayable": 1903778393, "otherCurrentLiab": 62047718, "otherLiab": 9611756, "totalCurrentLiabilities": 2428552707, "totalLiab": 2438164463, "commonStock": 55400000, "retainedEarnings": 55047389, "treasuryStock": 11538863, "capitalSurplus": 200000000, "otherStockholderEquity": 11538863, "totalStockholderEquity": 321986252, "netTangibleAssets": 289233538}], "maxAge": 86400}, "earningsTrend": {"trend": [{"maxAge": 1, "period": "0q", "endDate": null, "growth": {}, "earningsEstimate": {"avg": 0.0, "low": 0.0, "high": 0.0, "yearAgoEps": {}, "numberOfAnalysts": 0, "growth": {}}, "revenueEstimate": {"avg": 0, "low": 0, "high": 0, "numberOfAnalysts": 0, "yearAgoRevenue": {}, "growth": {}}, "epsTrend": {"current": 0.0, "7daysAgo": 0.0, "30daysAgo": 0.0, "60daysAgo": 0.0, "90daysAgo": 0.0}, "epsRevisions": {"upLast7days": 0, "upLast30days": 0, "downLast30days": 0, "downLast90days": {}}}, {"maxAge": 1, "period": "+1q", "endDate": null, "growth": {}, "earningsEstimate": {"avg": 0.0, "low": 0.0, "high": 0.0, "yearAgoEps": {}, "numberOfAnalysts": 0, "growth": {}}, "revenueEstimate": {"avg": 0, "low": 0, "high": 0, "numberOfAnalysts": 0, "yearAgoRevenue": {}, "growth": {}}, "epsTrend": {"current": 0.0, "7daysAgo": 0.0, "30daysAgo": 0.0, "60daysAgo": 0.0, "90daysAgo": 0.0}, "epsRevisions": {"upLast7days": 0, "upLast30days": 0, "downLast30days": 0, "downLast90days": {}}}, {"maxAge": 1, "period": "0y", "endDate": null, "growth": {}, "earningsEstimate": {"avg": 0.0, "low": 0.0, "high": 0.0, "yearAgoEps": {}, "numberOfAnalysts": 0, "growth": {}}, "revenueEstimate": {"avg": 0, "low": 0, "high": 0, "numberOfAnalysts": 0, "yearAgoRevenue": {}, "growth": {}}, "epsTrend": {"current": 0.0, "7daysAgo": 0.0, "30daysAgo": 0.0, "60daysAgo": 0.0, "90daysAgo": 0.0}, "epsRevisions": {"upLast7days": 0, "upLast30days": 0, "downLast30days": 0, "downLast90days": {}}}, {"maxAge": 1, "period": "+1y", "endDate": null, "growth": {}, "earningsEstimate": {"avg": 0.0, "low": 0.0, "high": 0.0, "yearAgoEps": {}, "numberOfAnalysts": 0, "growth": {}}, "revenueEstimate": {"avg": 0, "low": 0, "high": 0, "numberOfAnalysts": 0, "yearAgoRevenue": {}, "growth": {}}, "epsTrend": {"current": 0.0, "7daysAgo": 0.0, "30daysAgo": 0.0, "60daysAgo": 0.0, "90daysAgo": 0.0}, "epsRevisions": {"upLast7days": 0, "upLast30days": 0, "downLast30days": 0, "downLast90days": {}}}, {"maxAge": 1, "period": "+5y", "endDate": null, "growth": {}, "earningsEstimate": {"avg": {}, "low": {}, "high": {}, "yearAgoEps": {}, "numberOfAnalysts": {}, "growth": {}}, "revenueEstimate": {"avg": {}, "low": {}, "high": {}, "numberOfAnalysts": {}, "yearAgoRevenue": {}, "growth": {}}, "epsTrend": {"current": {}, "7daysAgo": {}, "30daysAgo": {}, "60daysAgo": {}, "90daysAgo": {}}, "epsRevisions": {"upLast7days": {}, "upLast30days": {}, "downLast30days": {}, "downLast90days": {}}}, {"maxAge": 1, "period": "-5y", "endDate": null, "growth": {}, "earningsEstimate": {"avg": {}, "low": {}, "high": {}, "yearAgoEps": {}, "numberOfAnalysts": {}, "growth": {}}, "revenueEstimate": {"avg": {}, "low": {}, "high": {}, "numberOfAnalysts": {}, "yearAgoRevenue": {}, "growth": {}}, "epsTrend": {"current": {}, "7daysAgo": {}, "30daysAgo": {}, "60daysAgo": {}, "90daysAgo": {}}, "epsRevisions": {"upLast7days": {}, "upLast30days": {}, "downLast30days": {}, "downLast90days": {}}}], "maxAge": 1}, "financialData": {"maxAge": 86400, "currentPrice": 40.0, "targetHighPrice": 14.53, "targetLowPrice": 14.53, "targetMeanPrice": 14.53, "targetMedianPrice": 14.53, "recommendationKey": "none", "numberOfAnalystOpinions": 1, "grossProfits": 1413081405, "financialCurrency": "INR"}}}