{"BIRLAPREC.BO": {"cashflowStatementHistory": {"cashflowStatements": [{"maxAge": 1, "endDate": "2020-03-31", "netIncome": -133140000, "depreciation": 49955000, "changeToNetincome": 216322000, "changeToAccountReceivables": 104547000, "changeToLiabilities": -87465000, "changeToInventory": 82478000, "changeToOperatingActivities": -247522000, "totalCashFromOperatingActivities": -17947000, "capitalExpenditures": -6692000, "otherCashflowsFromInvestingActivities": 77728000, "totalCashflowsFromInvestingActivities": 71211000, "netBorrowings": -20681000, "otherCashflowsFromFinancingActivities": -55873000, "totalCashFromFinancingActivities": -59696000, "changeInCash": -3193000, "issuanceOfStock": 16858000}, {"maxAge": 1, "endDate": "2019-03-31", "netIncome": 90481000, "depreciation": 52380000, "changeToNetincome": 125261000, "changeToAccountReceivables": 27973000, "changeToLiabilities": 10672000, "changeToInventory": -193243000, "changeToOperatingActivities": -19976000, "totalCashFromOperatingActivities": 94413000, "capitalExpenditures": -29183000, "otherCashflowsFromInvestingActivities": 4982000, "totalCashflowsFromInvestingActivities": -25940000, "netBorrowings": 2819000, "otherCashflowsFromFinancingActivities": -52861000, "totalCashFromFinancingActivities": -35042000, "changeInCash": -6837000, "issuanceOfStock": 15000000}, {"maxAge": 1, "endDate": "2018-03-31", "netIncome": 26297000, "depreciation": 59710000, "changeToNetincome": 55787000, "changeToAccountReceivables": -45274000, "changeToLiabilities": 37753000, "changeToInventory": -2460000, "changeToOperatingActivities": -67793000, "totalCashFromOperatingActivities": 66562000, "capitalExpenditures": -18238000, "otherCashflowsFromInvestingActivities": 6643000, "totalCashflowsFromInvestingActivities": -12950000, "netBorrowings": -11275000, "otherCashflowsFromFinancingActivities": -49492000, "totalCashFromFinancingActivities": -60767000, "changeInCash": 679000, "issuanceOfStock": 15000000}, {"maxAge": 1, "endDate": "2017-03-31", "netIncome": -286435000, "depreciation": 60619000, "changeToNetincome": 341781000, "changeToAccountReceivables": 272745000, "changeToLiabilities": 73711000, "changeToInventory": -40014000, "changeToOperatingActivities": -294103000, "totalCashFromOperatingActivities": 130331000, "capitalExpenditures": -43537000, "otherCashflowsFromInvestingActivities": 2847000, "totalCashflowsFromInvestingActivities": -45068000, "netBorrowings": -25463000, "otherCashflowsFromFinancingActivities": -45676000, "totalCashFromFinancingActivities": -71139000, "changeInCash": 5057000, "issuanceOfStock": 15000000}], "maxAge": 86400}, "institutionOwnership": {"maxAge": 1, "ownershipList": []}, "balanceSheetHistoryQuarterly": {"balanceSheetStatements": [{"maxAge": 1, "endDate": "2020-06-30", "totalStockholderEquity": 1002516000, "netTangibleAssets": 1000191000}, {"maxAge": 1, "endDate": "2020-03-31", "cash": 86063000, "netReceivables": 832818000, "inventory": 447207000, "otherCurrentAssets": 176489000, "totalCurrentAssets": 1542577000, "propertyPlantEquipment": 317380000, "intangibleAssets": 2325000, "otherAssets": 15673000, "totalAssets": 1877955000, "accountsPayable": 254249000, "shortLongTermDebt": 22578000, "otherCurrentLiab": 132135000, "longTermDebt": 6996000, "otherLiab": 37842000, "totalCurrentLiabilities": 830601000, "totalLiab": 875439000, "commonStock": 113679000, "treasuryStock": 888837000, "otherStockholderEquity": 888837000, "totalStockholderEquity": 1002516000, "netTangibleAssets": 1000191000}, {"maxAge": 1, "endDate": "2019-12-31", "totalStockholderEquity": 1134957000, "netTangibleAssets": 1132699000}, {"maxAge": 1, "endDate": "2019-09-30", "cash": 76180000, "netReceivables": 962035000, "inventory": 583218000, "otherCurrentAssets": 188891000, "totalCurrentAssets": 1810324000, "propertyPlantEquipment": 305092000, "intangibleAssets": 2258000, "otherAssets": 53864000, "totalAssets": 2171538000, "accountsPayable": 363290000, "shortLongTermDebt": 26811000, "otherCurrentLiab": 86836000, "longTermDebt": 2883000, "otherLiab": 31556000, "totalCurrentLiabilities": 1002142000, "totalLiab": 1036581000, "commonStock": 109035000, "treasuryStock": 1025922000, "otherStockholderEquity": 1025922000, "totalStockholderEquity": 1134957000, "netTangibleAssets": 1132699000}], "maxAge": 86400}, "indexTrend": {"maxAge": 1, "symbol": "SP5", "peRatio": 19.7411, "pegRatio": 1.34172, "estimates": [{"period": "0q", "growth": 0.549}, {"period": "+1q", "growth": 0.431}, {"period": "0y", "growth": 0.305}, {"period": "+1y", "growth": 0.109}, {"period": "+5y", "growth": 0.120859005}, {"period": "-5y"}]}, "insiderTransactions": {"transactions": [{"maxAge": 1, "shares": 964187, "filerUrl": "", "transactionText": "", "filerName": "Shearson Investment Trading Company Pvt Ltd", "filerRelation": "Promoter", "moneyText": "", "startDate": "2020-03-02", "ownership": "D"}, {"maxAge": 1, "shares": 1357820, "filerUrl": "", "transactionText": "", "filerName": "Zenith Dyeintermediates Ltd", "filerRelation": "Promoter", "moneyText": "", "startDate": "2020-03-02", "ownership": "D"}], "maxAge": 1}, "quoteType": {"exchange": "BSE", "quoteType": "EQUITY", "symbol": "BIRLAPREC.BO", "underlyingSymbol": "BIRLAPREC.BO", "shortName": "BIRLA PRECISION TECHNOLOGIES L", "longName": "Birla Precision Technologies Limited", "firstTradeDateEpochUtc": "2002-07-01 09:15:00", "timeZoneFullName": "Asia/Kolkata", "timeZoneShortName": "IST", "uuid": "073aee52-e14e-3c8a-aab5-54172ec5179b", "messageBoardId": null, "gmtOffSetMilliseconds": 19800000, "maxAge": 1}, "incomeStatementHistory": {"incomeStatementHistory": [{"maxAge": 1, "endDate": "2020-03-31", "totalRevenue": 1734962000, "costOfRevenue": 520103000, "grossProfit": 1214859000, "researchDevelopment": {}, "sellingGeneralAdministrative": 451047000, "nonRecurring": {}, "otherOperatingExpenses": 657633000, "totalOperatingExpenses": 1678738000, "operatingIncome": 56224000, "totalOtherIncomeExpenseNet": -189364000, "ebit": 56224000, "interestExpense": -55873000, "incomeBeforeTax": -133140000, "incomeTaxExpense": 0, "minorityInterest": {}, "netIncomeFromContinuingOps": -133140000, "discontinuedOperations": {}, "extraordinaryItems": {}, "effectOfAccountingCharges": {}, "otherItems": {}, "netIncome": -133140000, "netIncomeApplicableToCommonShares": -133140000}, {"maxAge": 1, "endDate": "2019-03-31", "totalRevenue": 2146506000, "costOfRevenue": 643484000, "grossProfit": 1503022000, "researchDevelopment": {}, "sellingGeneralAdministrative": 444313000, "nonRecurring": {}, "otherOperatingExpenses": 810414000, "totalOperatingExpenses": 2019732000, "operatingIncome": 126774000, "totalOtherIncomeExpenseNet": -36000000, "ebit": 126774000, "interestExpense": -40188000, "incomeBeforeTax": 90774000, "incomeTaxExpense": 293000, "minorityInterest": {}, "netIncomeFromContinuingOps": 90481000, "discontinuedOperations": {}, "extraordinaryItems": {}, "effectOfAccountingCharges": {}, "otherItems": {}, "netIncome": 90481000, "netIncomeApplicableToCommonShares": 90481000}, {"maxAge": 1, "endDate": "2018-03-31", "totalRevenue": 1839744000, "costOfRevenue": 682978000, "grossProfit": 1156766000, "researchDevelopment": {}, "sellingGeneralAdministrative": 380501000, "nonRecurring": {}, "otherOperatingExpenses": 645424000, "totalOperatingExpenses": 1771264000, "operatingIncome": 68480000, "totalOtherIncomeExpenseNet": -42784000, "ebit": 68480000, "interestExpense": -40676000, "incomeBeforeTax": 25696000, "incomeTaxExpense": -601000, "minorityInterest": {}, "netIncomeFromContinuingOps": 26297000, "discontinuedOperations": {}, "extraordinaryItems": {}, "effectOfAccountingCharges": {}, "otherItems": {}, "netIncome": 26297000, "netIncomeApplicableToCommonShares": 26297000}, {"maxAge": 1, "endDate": "2017-03-31", "totalRevenue": 1526484000, "costOfRevenue": 491464000, "grossProfit": 1035020000, "researchDevelopment": {}, "sellingGeneralAdministrative": 369949000, "nonRecurring": {}, "otherOperatingExpenses": 554567000, "totalOperatingExpenses": 1478360000, "operatingIncome": 48124000, "totalOtherIncomeExpenseNet": -333927000, "ebit": 48124000, "interestExpense": -42401000, "incomeBeforeTax": -285803000, "incomeTaxExpense": 632000, "minorityInterest": {}, "netIncomeFromContinuingOps": -286435000, "discontinuedOperations": {}, "extraordinaryItems": {}, "effectOfAccountingCharges": {}, "otherItems": {}, "netIncome": -286435000, "netIncomeApplicableToCommonShares": -286435000}], "maxAge": 86400}, "fundOwnership": {"maxAge": 1, "ownershipList": []}, "summaryDetail": {"maxAge": 1, "priceHint": 2, "previousClose": 11.03, "open": 11.58, "dayLow": 11.58, "dayHigh": 11.58, "regularMarketPreviousClose": 11.03, "regularMarketOpen": 11.58, "regularMarketDayLow": 11.58, "regularMarketDayHigh": 11.58, "volume": 63521, "regularMarketVolume": 63521, "averageVolume": 73478, "averageVolume10days": 97548, "averageDailyVolume10Day": 97548, "bid": 11.03, "ask": 0.0, "bidSize": 0, "askSize": 0, "marketCap": 658200256, "fiftyTwoWeekLow": 3.46, "fiftyTwoWeekHigh": 11.58, "fiftyDayAverage": 7.8241177, "twoHundredDayAverage": 6.4340444, "currency": "INR", "fromCurrency": null, "toCurrency": null, "lastMarket": null, "algorithm": null, "tradeable": false}, "incomeStatementHistoryQuarterly": {"incomeStatementHistory": [{"maxAge": 1, "endDate": "2020-06-30", "totalRevenue": 120658000, "costOfRevenue": 21331000, "grossProfit": 99327000, "researchDevelopment": {}, "sellingGeneralAdministrative": 79652000, "nonRecurring": {}, "otherOperatingExpenses": 70476000, "totalOperatingExpenses": 182898000, "operatingIncome": -62240000, "totalOtherIncomeExpenseNet": -11351000, "ebit": -62240000, "interestExpense": -11351000, "incomeBeforeTax": -73591000, "incomeTaxExpense": 0, "minorityInterest": {}, "netIncomeFromContinuingOps": -73591000, "discontinuedOperations": {}, "extraordinaryItems": {}, "effectOfAccountingCharges": {}, "otherItems": {}, "netIncome": -73591000, "netIncomeApplicableToCommonShares": -73591000}, {"maxAge": 1, "endDate": "2020-03-31", "totalRevenue": 368511000, "costOfRevenue": 96826000, "grossProfit": 271685000, "researchDevelopment": {}, "sellingGeneralAdministrative": 110648000, "nonRecurring": {}, "otherOperatingExpenses": 145269000, "totalOperatingExpenses": 364512000, "operatingIncome": 3999000, "totalOtherIncomeExpenseNet": -145681000, "ebit": 3999000, "interestExpense": -12190000, "incomeBeforeTax": -141682000, "incomeTaxExpense": -92000, "minorityInterest": {}, "netIncomeFromContinuingOps": -141590000, "discontinuedOperations": {}, "extraordinaryItems": {}, "effectOfAccountingCharges": {}, "otherItems": {}, "netIncome": -141590000, "netIncomeApplicableToCommonShares": -141590000}, {"maxAge": 1, "endDate": "2019-12-31", "totalRevenue": 484852000, "costOfRevenue": 210776000, "grossProfit": 274076000, "researchDevelopment": {}, "sellingGeneralAdministrative": 106787000, "nonRecurring": {}, "otherOperatingExpenses": 141258000, "totalOperatingExpenses": 471520000, "operatingIncome": 13332000, "totalOtherIncomeExpenseNet": -12647000, "ebit": 13332000, "interestExpense": -12647000, "incomeBeforeTax": 685000, "incomeTaxExpense": 35000, "minorityInterest": {}, "netIncomeFromContinuingOps": 650000, "discontinuedOperations": {}, "extraordinaryItems": {}, "effectOfAccountingCharges": {}, "otherItems": {}, "netIncome": 650000, "netIncomeApplicableToCommonShares": 650000}, {"maxAge": 1, "endDate": "2019-09-30", "totalRevenue": 437947000, "costOfRevenue": 92197000, "grossProfit": 345750000, "researchDevelopment": {}, "sellingGeneralAdministrative": 116613000, "nonRecurring": {}, "otherOperatingExpenses": 191778000, "totalOperatingExpenses": 412777000, "operatingIncome": 25170000, "totalOtherIncomeExpenseNet": -18998000, "ebit": 25170000, "interestExpense": -18998000, "incomeBeforeTax": 6172000, "incomeTaxExpense": 52000, "minorityInterest": {}, "netIncomeFromContinuingOps": 6120000, "discontinuedOperations": {}, "extraordinaryItems": {}, "effectOfAccountingCharges": {}, "otherItems": {}, "netIncome": 6120000, "netIncomeApplicableToCommonShares": 6120000}], "maxAge": 86400}, "cashflowStatementHistoryQuarterly": {"cashflowStatements": [{"maxAge": 1, "endDate": "2020-06-30", "netIncome": -73591000, "changeToLiabilities": 0}, {"maxAge": 1, "endDate": "2020-03-31", "netIncome": -141590000, "changeToLiabilities": 0}, {"maxAge": 1, "endDate": "2019-12-31", "netIncome": 650000, "changeToLiabilities": 0}, {"maxAge": 1, "endDate": "2019-09-30", "netIncome": 6120000, "depreciation": 25487000, "changeToNetincome": 47326000, "changeToAccountReceivables": 17352000, "changeToLiabilities": 22131000, "changeToInventory": -53532000, "changeToOperatingActivities": -48619000, "totalCashFromOperatingActivities": 16119000, "capitalExpenditures": -8264000, "otherCashflowsFromInvestingActivities": 11230000, "totalCashflowsFromInvestingActivities": 3309000, "netBorrowings": -4707000, "otherCashflowsFromFinancingActivities": -31036000, "totalCashFromFinancingActivities": -35743000, "changeInCash": -10035000}], "maxAge": 86400}, "insiderHolders": {"holders": [{"maxAge": 1, "name": "Shearson Investment Trading Company Pvt Ltd", "relation": "Promoter", "url": "", "transactionDescription": "Other", "latestTransDate": "2020-03-02", "positionDirect": 5583886, "positionDirectDate": "2020-03-02"}, {"maxAge": 1, "name": "Zenith Dyeintermediates Ltd", "relation": "Promoter", "url": "", "transactionDescription": "Other", "latestTransDate": "2020-03-02", "positionDirect": 3223491, "positionDirectDate": "2020-03-02"}], "maxAge": 1}, "calendarEvents": {"maxAge": 1, "earnings": {"earningsDate": []}}, "price": {"maxAge": 1, "regularMarketChangePercent": 0.049864024, "regularMarketChange": 0.5500002, "regularMarketTime": "2021-04-30 15:24:46", "priceHint": 2, "regularMarketPrice": 11.58, "regularMarketDayHigh": 11.58, "regularMarketDayLow": 11.58, "regularMarketVolume": 63521, "averageDailyVolume10Day": 97548, "averageDailyVolume3Month": 73478, "regularMarketPreviousClose": 11.03, "regularMarketSource": "FREE_REALTIME", "regularMarketOpen": 11.58, "exchange": "BSE", "exchangeName": "BSE", "exchangeDataDelayedBy": 0, "marketState": "CLOSED", "quoteType": "EQUITY", "symbol": "BIRLAPREC.BO", "underlyingSymbol": null, "shortName": "BIRLA PRECISION TECHNOLOGIES L", "longName": "Birla Precision Technologies Limited", "currency": "INR", "quoteSourceName": "Delayed Quote", "currencySymbol": "\u20b9", "fromCurrency": null, "toCurrency": null, "lastMarket": null, "marketCap": 658200256}, "balanceSheetHistory": {"balanceSheetStatements": [{"maxAge": 1, "endDate": "2020-03-31", "cash": 86063000, "netReceivables": 832818000, "inventory": 447207000, "otherCurrentAssets": 176489000, "totalCurrentAssets": 1542577000, "propertyPlantEquipment": 317380000, "intangibleAssets": 2325000, "otherAssets": 15673000, "totalAssets": 1877955000, "accountsPayable": 254249000, "shortLongTermDebt": 22578000, "otherCurrentLiab": 132135000, "longTermDebt": 6996000, "otherLiab": 37842000, "totalCurrentLiabilities": 830601000, "totalLiab": 875439000, "commonStock": 113679000, "treasuryStock": 888837000, "otherStockholderEquity": 888837000, "totalStockholderEquity": 1002516000, "netTangibleAssets": 1000191000}, {"maxAge": 1, "endDate": "2019-03-31", "cash": 89529000, "netReceivables": 1088833000, "inventory": 529685000, "otherCurrentAssets": 81203000, "totalCurrentAssets": 1792720000, "propertyPlantEquipment": 319201000, "intangibleAssets": 3420000, "otherAssets": 55888000, "totalAssets": 2171229000, "accountsPayable": 341222000, "shortLongTermDebt": 21431000, "otherCurrentLiab": 50648000, "longTermDebt": 7370000, "otherLiab": 31556000, "totalCurrentLiabilities": 1005146000, "totalLiab": 1044072000, "commonStock": 109035000, "retainedEarnings": 770978000, "treasuryStock": 5002000, "capitalSurplus": 242142000, "otherStockholderEquity": 5002000, "totalStockholderEquity": 1127157000, "netTangibleAssets": 1123737000}, {"maxAge": 1, "endDate": "2018-03-31", "cash": 56103000, "netReceivables": 1098242000, "inventory": 336443000, "otherCurrentAssets": 39444000, "totalCurrentAssets": 1533749000, "propertyPlantEquipment": 344107000, "intangibleAssets": 4441000, "otherAssets": 54666000, "totalAssets": 1936963000, "accountsPayable": 331052000, "shortLongTermDebt": 14700000, "otherCurrentLiab": 46437000, "longTermDebt": 16733000, "otherLiab": 23721000, "totalCurrentLiabilities": 867039000, "totalLiab": 907493000, "commonStock": 105304000, "retainedEarnings": 688290000, "treasuryStock": 5002000, "capitalSurplus": 230874000, "otherStockholderEquity": 5002000, "totalStockholderEquity": 1029470000, "netTangibleAssets": 1025029000}, {"maxAge": 1, "endDate": "2017-03-31", "cash": 63850000, "netReceivables": 895011000, "inventory": 333982000, "otherCurrentAssets": 43189000, "totalCurrentAssets": 1339440000, "propertyPlantEquipment": 387413000, "intangibleAssets": 6269000, "otherAssets": 52841000, "totalAssets": 1785963000, "accountsPayable": 293632000, "shortLongTermDebt": 10023000, "otherCurrentLiab": 23776000, "longTermDebt": 24559000, "otherLiab": 23142000, "totalCurrentLiabilities": 739493000, "totalLiab": 787194000, "commonStock": 105304000, "retainedEarnings": 657589000, "treasuryStock": 5002000, "capitalSurplus": 230874000, "otherStockholderEquity": 5002000, "totalStockholderEquity": 998769000, "netTangibleAssets": 992500000}], "maxAge": 86400}, "financialData": {"maxAge": 86400, "currentPrice": 11.58, "recommendationKey": "none", "grossProfits": 1214859000, "financialCurrency": "INR"}}}