{"BIRLACABLE.NS": {"assetProfile": {"address1": "Udyog Vihar", "address2": "PO Chorhata", "city": "Rewa", "zip": "486006", "country": "India", "phone": "91 76 6240 0580", "fax": "91 76 6240 0680", "website": "http://www.birlacable.com", "industry": "Communication Equipment", "sector": "Technology", "longBusinessSummary": "Birla Cable Limited manufactures and sells optical fiber cables, copper telecommunication cables, structured copper cables, specialty cables, and related accessories in India. The company provides fiber optical cables, including armored and unarmored, multi-tube ribbon type, di-electric rodent protected, di-electric self-supporting aerial, figure-8 type aerial, drop, central and multi tube micro, and interconnect cables. It also offers specialty cables, such as stainless steel wire armored tactical, fiber to antenna, coaxial, data communication, switchboard, drop, screened PCM, and CAT cables, as well as automobile wires. In addition, the company provides telecom fiber accessories comprising connectors, adapters, pigtails, patch cords, rackmounts, wall mounts, and cable accessories. It also exports its products. The company was formerly known as Birla Ericsson Optical Limited and changed its name to Birla Cable Limited in September 2016. The company was incorporated in 1992 and is based in Rewa, India.", "fullTimeEmployees": 282, "companyOfficers": [{"maxAge": 1, "name": "Mr. Shalendra  Kumar Thakur", "title": "Chief Financial Officer", "fiscalYear": 2020, "totalPay": 2141995, "exercisedValue": 0, "unexercisedValue": 0}, {"maxAge": 1, "name": "Mr. Somesh  Laddha", "title": "Compliance Officer, GM of Accounts & Company Sec.", "fiscalYear": 2020, "totalPay": 1910000, "exercisedValue": 0, "unexercisedValue": 0}, {"maxAge": 1, "name": "Mr. R.  Sridharan", "age": 48, "title": "Mang. & CEO", "yearBorn": 1972, "fiscalYear": 2019, "exercisedValue": 0, "unexercisedValue": 0}, {"maxAge": 1, "name": "Mr. Devesh R. Dakwale", "title": "VP of Marketing", "exercisedValue": 0, "unexercisedValue": 0}], "compensationAsOfEpochDate": "2020-12-31 05:30:00", "maxAge": 86400}, "recommendationTrend": {"trend": [{"period": "0m", "strongBuy": 0, "buy": 0, "hold": 0, "sell": 0, "strongSell": 0}, {"period": "-1m", "strongBuy": 0, "buy": 0, "hold": 0, "sell": 0, "strongSell": 0}, {"period": "-2m", "strongBuy": 0, "buy": 0, "hold": 0, "sell": 0, "strongSell": 0}, {"period": "-3m", "strongBuy": 0, "buy": 0, "hold": 0, "sell": 0, "strongSell": 0}], "maxAge": 86400}, "cashflowStatementHistory": {"cashflowStatements": [{"maxAge": 1, "endDate": "2020-03-31", "netIncome": 10161000, "depreciation": 116774000, "changeToNetincome": 39113000, "changeToAccountReceivables": 823321000, "changeToLiabilities": -625734000, "changeToInventory": 11210000, "changeToOperatingActivities": -56274000, "totalCashFromOperatingActivities": 319178000, "capitalExpenditures": -184755000, "investments": -17514000, "otherCashflowsFromInvestingActivities": 13401000, "totalCashflowsFromInvestingActivities": -185853000, "dividendsPaid": -60000000, "netBorrowings": 132078000, "otherCashflowsFromFinancingActivities": -72013000, "totalCashFromFinancingActivities": 65000, "changeInCash": 133390000}, {"maxAge": 1, "endDate": "2019-03-31", "netIncome": 470347000, "depreciation": 104594000, "changeToNetincome": 28140000, "changeToAccountReceivables": -589461000, "changeToLiabilities": 191998000, "changeToInventory": -61524000, "changeToOperatingActivities": 24440000, "totalCashFromOperatingActivities": 169141000, "capitalExpenditures": -287836000, "investments": 3910000, "otherCashflowsFromInvestingActivities": 23227000, "totalCashflowsFromInvestingActivities": -249683000, "dividendsPaid": -30000000, "netBorrowings": 146428000, "otherCashflowsFromFinancingActivities": -36686000, "totalCashFromFinancingActivities": 79742000, "changeInCash": -800000}, {"maxAge": 1, "endDate": "2018-03-31", "netIncome": 161336000, "depreciation": 76253000, "changeToNetincome": 41636000, "changeToAccountReceivables": -355066000, "changeToLiabilities": 175038000, "changeToInventory": -170432000, "changeToOperatingActivities": 1719000, "totalCashFromOperatingActivities": -69010000, "capitalExpenditures": -108971000, "investments": 166357000, "otherCashflowsFromInvestingActivities": 3371000, "totalCashflowsFromInvestingActivities": 62541000, "dividendsPaid": -30000000, "netBorrowings": 29949000, "otherCashflowsFromFinancingActivities": -24626000, "totalCashFromFinancingActivities": 5323000, "changeInCash": -1146000}, {"maxAge": 1, "endDate": "2017-03-31", "netIncome": 33345000, "depreciation": 77277000, "changeToNetincome": 38839000, "changeToAccountReceivables": 70707000, "changeToLiabilities": 56638000, "changeToInventory": -48235000, "changeToOperatingActivities": 66639000, "totalCashFromOperatingActivities": 295210000, "capitalExpenditures": -74913000, "investments": 4772000, "otherCashflowsFromInvestingActivities": 4314000, "totalCashflowsFromInvestingActivities": -54521000, "dividendsPaid": -36107000, "netBorrowings": -256930000, "otherCashflowsFromFinancingActivities": -21798000, "totalCashFromFinancingActivities": -314835000, "changeInCash": -74146000}], "maxAge": 86400}, "indexTrend": {"maxAge": 1, "symbol": "SP5", "peRatio": 19.7411, "pegRatio": 1.34172, "estimates": [{"period": "0q", "growth": 0.549}, {"period": "+1q", "growth": 0.431}, {"period": "0y", "growth": 0.305}, {"period": "+1y", "growth": 0.109}, {"period": "+5y", "growth": 0.120865}, {"period": "-5y"}]}, "defaultKeyStatistics": {"maxAge": 1, "priceHint": 2, "enterpriseValue": 2139383936, "profitMargins": 0.00733, "floatShares": 11031711, "sharesOutstanding": 30000000, "heldPercentInsiders": 0.66352, "heldPercentInstitutions": 1.0000001e-05, "beta": 0.791228, "category": null, "bookValue": 52.169, "priceToBook": 1.1213557, "fundFamily": null, "legalType": null, "lastFiscalYearEnd": "2020-03-31 05:30:00", "nextFiscalYearEnd": "2022-03-31 05:30:00", "mostRecentQuarter": "2020-12-31 05:30:00", "netIncomeToCommon": 19675000, "trailingEps": 0.657, "forwardEps": 8.94, "lastSplitFactor": null, "enterpriseToRevenue": 0.797, "enterpriseToEbitda": 11.571, "52WeekChange": 0.49807942, "SandP52WeekChange": 0.48148263, "lastDividendValue": 2.0, "lastDividendDate": 1564358400}, "industryTrend": {"maxAge": 1, "symbol": null, "estimates": []}, "quoteType": {"exchange": "NSI", "quoteType": "EQUITY", "symbol": "BIRLACABLE.NS", "underlyingSymbol": "BIRLACABLE.NS", "shortName": "BIRLA CABLE LTD", "longName": "Birla Cable Limited", "firstTradeDateEpochUtc": "2002-07-01 09:15:00", "timeZoneFullName": "Asia/Kolkata", "timeZoneShortName": "IST", "uuid": "6a6cef7c-a126-3a5b-bbce-05f29edf3858", "messageBoardId": "finmb_878650", "gmtOffSetMilliseconds": 19800000, "maxAge": 1}, "incomeStatementHistory": {"incomeStatementHistory": [{"maxAge": 1, "endDate": "2020-03-31", "totalRevenue": 2230712000, "costOfRevenue": 1570657000, "grossProfit": 660055000, "researchDevelopment": {}, "sellingGeneralAdministrative": 210514000, "nonRecurring": {}, "otherOperatingExpenses": 279549000, "totalOperatingExpenses": 2178101000, "operatingIncome": 52611000, "totalOtherIncomeExpenseNet": -49576000, "ebit": 52611000, "interestExpense": -61419000, "incomeBeforeTax": 3035000, "incomeTaxExpense": -7126000, "minorityInterest": {}, "netIncomeFromContinuingOps": 10161000, "discontinuedOperations": {}, "extraordinaryItems": {}, "effectOfAccountingCharges": {}, "otherItems": {}, "netIncome": 10161000, "netIncomeApplicableToCommonShares": 10161000}, {"maxAge": 1, "endDate": "2019-03-31", "totalRevenue": 5023128000, "costOfRevenue": 3701334000, "grossProfit": 1321794000, "researchDevelopment": {}, "sellingGeneralAdministrative": 195430000, "nonRecurring": {}, "otherOperatingExpenses": 335117000, "totalOperatingExpenses": 4337041000, "operatingIncome": 686087000, "totalOtherIncomeExpenseNet": -23400000, "ebit": 686087000, "interestExpense": -30619000, "incomeBeforeTax": 662687000, "incomeTaxExpense": 192340000, "minorityInterest": {}, "netIncomeFromContinuingOps": 470347000, "discontinuedOperations": {}, "extraordinaryItems": {}, "effectOfAccountingCharges": {}, "otherItems": {}, "netIncome": 470347000, "netIncomeApplicableToCommonShares": 470347000}, {"maxAge": 1, "endDate": "2018-03-31", "totalRevenue": 3250491000, "costOfRevenue": 2464209000, "grossProfit": 786282000, "researchDevelopment": {}, "sellingGeneralAdministrative": 173012000, "nonRecurring": {}, "otherOperatingExpenses": 266576000, "totalOperatingExpenses": 2980515000, "operatingIncome": 269976000, "totalOtherIncomeExpenseNet": -29797000, "ebit": 269976000, "interestExpense": -24626000, "incomeBeforeTax": 240179000, "incomeTaxExpense": 78843000, "minorityInterest": {}, "netIncomeFromContinuingOps": 161336000, "discontinuedOperations": {}, "extraordinaryItems": {}, "effectOfAccountingCharges": {}, "otherItems": {}, "netIncome": 161336000, "netIncomeApplicableToCommonShares": 161336000}, {"maxAge": 1, "endDate": "2017-03-31", "totalRevenue": 2110915000, "costOfRevenue": 1595518000, "grossProfit": 515397000, "researchDevelopment": {}, "sellingGeneralAdministrative": 158162000, "nonRecurring": {}, "otherOperatingExpenses": 221796000, "totalOperatingExpenses": 2052712000, "operatingIncome": 58203000, "totalOtherIncomeExpenseNet": -3301000, "ebit": 58203000, "interestExpense": -28714000, "incomeBeforeTax": 54902000, "incomeTaxExpense": 21557000, "minorityInterest": {}, "netIncomeFromContinuingOps": 33345000, "discontinuedOperations": {}, "extraordinaryItems": {}, "effectOfAccountingCharges": {}, "otherItems": {}, "netIncome": 33345000, "netIncomeApplicableToCommonShares": 33345000}], "maxAge": 86400}, "fundOwnership": {"maxAge": 1, "ownershipList": []}, "summaryDetail": {"maxAge": 1, "priceHint": 2, "previousClose": 58.6, "open": 59.4, "dayLow": 58.2, "dayHigh": 59.4, "regularMarketPreviousClose": 58.6, "regularMarketOpen": 59.4, "regularMarketDayLow": 58.2, "regularMarketDayHigh": 59.4, "exDividendDate": "2019-07-29 05:30:00", "payoutRatio": 0.0, "beta": 0.791228, "trailingPE": 89.04109, "forwardPE": 6.5436244, "volume": 26666, "regularMarketVolume": 26666, "averageVolume": 178738, "averageVolume10days": 45026, "averageDailyVolume10Day": 45026, "bid": 0.0, "ask": 0.0, "bidSize": 0, "askSize": 0, "marketCap": 1756497664, "fiftyTwoWeekLow": 36.15, "fiftyTwoWeekHigh": 74.4, "priceToSalesTrailing12Months": 0.6542044, "fiftyDayAverage": 60.87794, "twoHundredDayAverage": 58.226223, "trailingAnnualDividendRate": 2.0, "trailingAnnualDividendYield": 0.034129694, "currency": "INR", "fromCurrency": null, "toCurrency": null, "lastMarket": null, "algorithm": null, "tradeable": false}, "insiderHolders": {"holders": [{"maxAge": 1, "name": "Amal Chandra Chakrabortti & Mahendra Kumar Sharma", "relation": "Promoter", "url": "", "transactionDescription": "Other", "latestTransDate": "2016-07-12", "positionDirect": 124241, "positionDirectDate": "2016-07-12"}], "maxAge": 1}, "calendarEvents": {"maxAge": 1, "earnings": {"earningsDate": [], "revenueAverage": 2810760000}, "exDividendDate": "2019-07-29 05:30:00"}, "price": {"maxAge": 1, "regularMarketChangePercent": -0.0017064586, "regularMarketChange": -0.099998474, "regularMarketTime": "2021-04-30 15:29:59", "priceHint": 2, "regularMarketPrice": 58.5, "regularMarketDayHigh": 59.4, "regularMarketDayLow": 58.2, "regularMarketVolume": 26666, "averageDailyVolume10Day": 45026, "averageDailyVolume3Month": 178738, "regularMarketPreviousClose": 58.6, "regularMarketSource": "FREE_REALTIME", "regularMarketOpen": 59.4, "exchange": "NSI", "exchangeName": "NSE", "exchangeDataDelayedBy": 15, "marketState": "CLOSED", "quoteType": "EQUITY", "symbol": "BIRLACABLE.NS", "underlyingSymbol": null, "shortName": "BIRLA CABLE LTD", "longName": "Birla Cable Limited", "currency": "INR", "quoteSourceName": "Delayed Quote", "currencySymbol": "\u20b9", "fromCurrency": null, "toCurrency": null, "lastMarket": null, "marketCap": 1756497664}, "balanceSheetHistory": {"balanceSheetStatements": [{"maxAge": 1, "endDate": "2020-03-31", "cash": 138388000, "netReceivables": 879575000, "inventory": 715393000, "otherCurrentAssets": 110122000, "totalCurrentAssets": 1843478000, "longTermInvestments": 97865000, "propertyPlantEquipment": 847503000, "intangibleAssets": 1313000, "otherAssets": 15152000, "totalAssets": 2805311000, "accountsPayable": 331224000, "shortLongTermDebt": 82427000, "otherCurrentLiab": 56705000, "longTermDebt": 192922000, "otherLiab": 58003000, "totalCurrentLiabilities": 985299000, "totalLiab": 1247428000, "commonStock": 300000000, "retainedEarnings": 1019419000, "treasuryStock": 38464000, "capitalSurplus": 200000000, "otherStockholderEquity": 38464000, "totalStockholderEquity": 1557883000, "netTangibleAssets": 1556570000}, {"maxAge": 1, "endDate": "2019-03-31", "cash": 4998000, "netReceivables": 1646852000, "inventory": 726603000, "otherCurrentAssets": 71941000, "totalCurrentAssets": 2451753000, "longTermInvestments": 192987000, "propertyPlantEquipment": 739163000, "intangibleAssets": 1920000, "otherAssets": 21229000, "totalAssets": 3407052000, "accountsPayable": 935677000, "shortLongTermDebt": 22126000, "otherCurrentLiab": 64224000, "longTermDebt": 129334000, "otherLiab": 66278000, "totalCurrentLiabilities": 1494132000, "totalLiab": 1689744000, "commonStock": 300000000, "retainedEarnings": 1083377000, "treasuryStock": 133931000, "capitalSurplus": 200000000, "otherStockholderEquity": 133931000, "totalStockholderEquity": 1717308000, "netTangibleAssets": 1715388000}, {"maxAge": 1, "endDate": "2018-03-31", "cash": 5798000, "netReceivables": 1085430000, "inventory": 665079000, "otherCurrentAssets": 80473000, "totalCurrentAssets": 1836780000, "longTermInvestments": 119252000, "propertyPlantEquipment": 596682000, "intangibleAssets": 2527000, "otherAssets": 25591000, "totalAssets": 2580832000, "accountsPayable": 784633000, "shortLongTermDebt": 41103000, "otherCurrentLiab": 37809000, "longTermDebt": 119469000, "otherLiab": 68793000, "totalCurrentLiabilities": 1178140000, "totalLiab": 1366402000, "commonStock": 300000000, "retainedEarnings": 650876000, "treasuryStock": 63554000, "capitalSurplus": 200000000, "otherStockholderEquity": 63554000, "totalStockholderEquity": 1214430000, "netTangibleAssets": 1211903000}, {"maxAge": 1, "endDate": "2017-03-31", "cash": 6944000, "netReceivables": 718113000, "inventory": 494647000, "otherCurrentAssets": 68704000, "totalCurrentAssets": 1290961000, "longTermInvestments": 203943000, "propertyPlantEquipment": 560147000, "intangibleAssets": 1833000, "otherAssets": 36087000, "totalAssets": 2092971000, "accountsPayable": 611845000, "shortLongTermDebt": 37236000, "otherCurrentLiab": 30763000, "longTermDebt": 116248000, "otherLiab": 51953000, "totalCurrentLiabilities": 961723000, "totalLiab": 1129924000, "commonStock": 300000000, "retainedEarnings": 450631000, "treasuryStock": 12416000, "capitalSurplus": 200000000, "otherStockholderEquity": 12416000, "totalStockholderEquity": 963047000, "netTangibleAssets": 961214000}], "maxAge": 86400}, "earningsTrend": {"trend": [{"maxAge": 1, "period": "0q", "endDate": "2018-09-30", "growth": {}, "earningsEstimate": {"avg": 0.0, "low": 0.0, "high": 0.0, "yearAgoEps": {}, "numberOfAnalysts": 0, "growth": {}}, "revenueEstimate": {"avg": 2810760000, "low": 0, "high": 0, "numberOfAnalysts": 0, "yearAgoRevenue": {}, "growth": {}}, "epsTrend": {"current": 0.0, "7daysAgo": 0.0, "30daysAgo": 0.0, "60daysAgo": 0.0, "90daysAgo": 0.0}, "epsRevisions": {"upLast7days": 0, "upLast30days": 0, "downLast30days": 0, "downLast90days": {}}}, {"maxAge": 1, "period": "+1q", "endDate": "2018-12-31", "growth": {}, "earningsEstimate": {"avg": 0.0, "low": 0.0, "high": 0.0, "yearAgoEps": {}, "numberOfAnalysts": 0, "growth": {}}, "revenueEstimate": {"avg": 0, "low": 0, "high": 0, "numberOfAnalysts": 0, "yearAgoRevenue": {}, "growth": {}}, "epsTrend": {"current": 0.0, "7daysAgo": 0.0, "30daysAgo": 0.0, "60daysAgo": 0.0, "90daysAgo": 0.0}, "epsRevisions": {"upLast7days": 0, "upLast30days": 0, "downLast30days": 0, "downLast90days": {}}}, {"maxAge": 1, "period": "0y", "endDate": "2019-03-31", "growth": {}, "earningsEstimate": {"avg": 0.0, "low": 0.0, "high": 0.0, "yearAgoEps": {}, "numberOfAnalysts": 0, "growth": {}}, "revenueEstimate": {"avg": 3911370000, "low": 3911370000, "high": 3911370000, "numberOfAnalysts": 1, "yearAgoRevenue": 3299920000, "growth": 0.185}, "epsTrend": {"current": 0.0, "7daysAgo": 7.15, "30daysAgo": 7.15, "60daysAgo": 7.15, "90daysAgo": 7.15}, "epsRevisions": {"upLast7days": 0, "upLast30days": 0, "downLast30days": 0, "downLast90days": {}}}, {"maxAge": 1, "period": "+1y", "endDate": "2020-03-31", "growth": {}, "earningsEstimate": {"avg": 0.0, "low": 0.0, "high": 0.0, "yearAgoEps": {}, "numberOfAnalysts": 0, "growth": {}}, "revenueEstimate": {"avg": 4634980000, "low": 4634980000, "high": 4634980000, "numberOfAnalysts": 1, "yearAgoRevenue": 3911370000, "growth": 0.185}, "epsTrend": {"current": 0.0, "7daysAgo": 8.94, "30daysAgo": 8.94, "60daysAgo": 8.94, "90daysAgo": 8.94}, "epsRevisions": {"upLast7days": 0, "upLast30days": 0, "downLast30days": 0, "downLast90days": {}}}, {"maxAge": 1, "period": "+5y", "endDate": null, "growth": {}, "earningsEstimate": {"avg": {}, "low": {}, "high": {}, "yearAgoEps": {}, "numberOfAnalysts": {}, "growth": {}}, "revenueEstimate": {"avg": {}, "low": {}, "high": {}, "numberOfAnalysts": {}, "yearAgoRevenue": {}, "growth": {}}, "epsTrend": {"current": {}, "7daysAgo": {}, "30daysAgo": {}, "60daysAgo": {}, "90daysAgo": {}}, "epsRevisions": {"upLast7days": {}, "upLast30days": {}, "downLast30days": {}, "downLast90days": {}}}, {"maxAge": 1, "period": "-5y", "endDate": null, "growth": {}, "earningsEstimate": {"avg": {}, "low": {}, "high": {}, "yearAgoEps": {}, "numberOfAnalysts": {}, "growth": {}}, "revenueEstimate": {"avg": {}, "low": {}, "high": {}, "numberOfAnalysts": {}, "yearAgoRevenue": {}, "growth": {}}, "epsTrend": {"current": {}, "7daysAgo": {}, "30daysAgo": {}, "60daysAgo": {}, "90daysAgo": {}}, "epsRevisions": {"upLast7days": {}, "upLast30days": {}, "downLast30days": {}, "downLast90days": {}}}], "maxAge": 1}, "institutionOwnership": {"maxAge": 1, "ownershipList": []}, "majorHoldersBreakdown": {"maxAge": 1, "insidersPercentHeld": 0.66352, "institutionsPercentHeld": 1.0000001e-05, "institutionsFloatPercentHeld": 4.0000003e-05, "institutionsCount": 1}, "balanceSheetHistoryQuarterly": {"balanceSheetStatements": [{"maxAge": 1, "endDate": "2020-12-31", "totalStockholderEquity": 1611540000, "netTangibleAssets": 1610530000}, {"maxAge": 1, "endDate": "2020-09-30", "cash": 53522000, "shortTermInvestments": 42251000, "netReceivables": 961556000, "inventory": 651619000, "otherCurrentAssets": 30729000, "totalCurrentAssets": 1739677000, "longTermInvestments": 139512000, "propertyPlantEquipment": 803026000, "intangibleAssets": 1010000, "otherAssets": 26464000, "totalAssets": 2709689000, "accountsPayable": 444009000, "otherCurrentLiab": 94898000, "longTermDebt": 157674000, "otherLiab": 60760000, "totalCurrentLiabilities": 869238000, "totalLiab": 1098149000, "commonStock": 300000000, "treasuryStock": 1311540000, "otherStockholderEquity": 1311540000, "totalStockholderEquity": 1611540000, "netTangibleAssets": 1610530000}, {"maxAge": 1, "endDate": "2020-06-30", "totalStockholderEquity": 1557883000, "netTangibleAssets": 1556570000}, {"maxAge": 1, "endDate": "2020-03-31", "cash": 138388000, "netReceivables": 879575000, "inventory": 715393000, "otherCurrentAssets": 110122000, "totalCurrentAssets": 1843478000, "longTermInvestments": 97865000, "propertyPlantEquipment": 847503000, "intangibleAssets": 1313000, "otherAssets": 15152000, "totalAssets": 2805311000, "accountsPayable": 331224000, "shortLongTermDebt": 82427000, "otherCurrentLiab": 56705000, "longTermDebt": 192922000, "otherLiab": 58003000, "totalCurrentLiabilities": 985299000, "totalLiab": 1247428000, "commonStock": 300000000, "retainedEarnings": 1019419000, "treasuryStock": 38464000, "capitalSurplus": 200000000, "otherStockholderEquity": 38464000, "totalStockholderEquity": 1557883000, "netTangibleAssets": 1556570000}], "maxAge": 86400}, "earningsHistory": {"history": [{"maxAge": 1, "epsActual": {}, "epsEstimate": {}, "epsDifference": {}, "surprisePercent": {}, "quarter": {}, "period": "-4q"}, {"maxAge": 1, "epsActual": {}, "epsEstimate": {}, "epsDifference": {}, "surprisePercent": {}, "quarter": {}, "period": "-3q"}, {"maxAge": 1, "epsActual": {}, "epsEstimate": {}, "epsDifference": {}, "surprisePercent": {}, "quarter": {}, "period": "-2q"}, {"maxAge": 1, "epsActual": 3.69, "epsEstimate": 1.26, "epsDifference": 2.43, "surprisePercent": 1.9289999, "quarter": "2018-06-30", "period": "-1q"}], "maxAge": 86400}, "summaryProfile": {"address1": "Udyog Vihar", "address2": "PO Chorhata", "city": "Rewa", "zip": "486006", "country": "India", "phone": "91 76 6240 0580", "fax": "91 76 6240 0680", "website": "http://www.birlacable.com", "industry": "Communication Equipment", "sector": "Technology", "longBusinessSummary": "Birla Cable Limited manufactures and sells optical fiber cables, copper telecommunication cables, structured copper cables, specialty cables, and related accessories in India. The company provides fiber optical cables, including armored and unarmored, multi-tube ribbon type, di-electric rodent protected, di-electric self-supporting aerial, figure-8 type aerial, drop, central and multi tube micro, and interconnect cables. It also offers specialty cables, such as stainless steel wire armored tactical, fiber to antenna, coaxial, data communication, switchboard, drop, screened PCM, and CAT cables, as well as automobile wires. In addition, the company provides telecom fiber accessories comprising connectors, adapters, pigtails, patch cords, rackmounts, wall mounts, and cable accessories. It also exports its products. The company was formerly known as Birla Ericsson Optical Limited and changed its name to Birla Cable Limited in September 2016. The company was incorporated in 1992 and is based in Rewa, India.", "fullTimeEmployees": 282, "companyOfficers": [], "maxAge": 86400}, "netSharePurchaseActivity": {"maxAge": 1, "period": "6m", "buyInfoCount": 0, "buyInfoShares": 0, "sellInfoCount": 0, "netInfoCount": 0, "netInfoShares": 0, "netPercentInsiderShares": 0.0, "totalInsiderShares": 19766576}, "insiderTransactions": {"transactions": [{"maxAge": 1, "shares": 52000, "filerUrl": "", "transactionText": "", "filerName": "Amal Chandra Chakrabortti & Mahendra Kumar Sharma", "filerRelation": "Promoter", "moneyText": "", "startDate": "2016-07-12", "ownership": "D"}], "maxAge": 1}, "sectorTrend": {"maxAge": 1, "symbol": null, "estimates": []}, "incomeStatementHistoryQuarterly": {"incomeStatementHistory": [{"maxAge": 1, "endDate": "2020-12-31", "totalRevenue": 848450000, "costOfRevenue": 649648000, "grossProfit": 198802000, "researchDevelopment": {}, "sellingGeneralAdministrative": 52995000, "nonRecurring": {}, "otherOperatingExpenses": 105003000, "totalOperatingExpenses": 835152000, "operatingIncome": 13298000, "totalOtherIncomeExpenseNet": -5692000, "ebit": 13298000, "interestExpense": -8751000, "incomeBeforeTax": 7606000, "incomeTaxExpense": 4715000, "minorityInterest": {}, "netIncomeFromContinuingOps": 2891000, "discontinuedOperations": {}, "extraordinaryItems": {}, "effectOfAccountingCharges": {}, "otherItems": {}, "netIncome": 2891000, "netIncomeApplicableToCommonShares": 2891000}, {"maxAge": 1, "endDate": "2020-09-30", "totalRevenue": 675517000, "costOfRevenue": 499679000, "grossProfit": 175838000, "researchDevelopment": {}, "sellingGeneralAdministrative": 50353000, "nonRecurring": {}, "otherOperatingExpenses": 87007000, "totalOperatingExpenses": 664853000, "operatingIncome": 10664000, "totalOtherIncomeExpenseNet": -5134000, "ebit": 10664000, "interestExpense": -10557000, "incomeBeforeTax": 5530000, "incomeTaxExpense": 2132000, "minorityInterest": {}, "netIncomeFromContinuingOps": 3398000, "discontinuedOperations": {}, "extraordinaryItems": {}, "effectOfAccountingCharges": {}, "otherItems": {}, "netIncome": 3398000, "netIncomeApplicableToCommonShares": 3398000}, {"maxAge": 1, "endDate": "2020-06-30", "totalRevenue": 571716000, "costOfRevenue": 418719000, "grossProfit": 152997000, "researchDevelopment": {}, "sellingGeneralAdministrative": 39494000, "nonRecurring": {}, "otherOperatingExpenses": 59409000, "totalOperatingExpenses": 547383000, "operatingIncome": 24333000, "totalOtherIncomeExpenseNet": -6255000, "ebit": 24333000, "interestExpense": -11468000, "incomeBeforeTax": 18078000, "incomeTaxExpense": 5599000, "minorityInterest": {}, "netIncomeFromContinuingOps": 12479000, "discontinuedOperations": {}, "extraordinaryItems": {}, "effectOfAccountingCharges": {}, "otherItems": {}, "netIncome": 12479000, "netIncomeApplicableToCommonShares": 12479000}, {"maxAge": 1, "endDate": "2020-03-31", "totalRevenue": 589254000, "costOfRevenue": 453936000, "grossProfit": 135318000, "researchDevelopment": {}, "sellingGeneralAdministrative": 57832000, "nonRecurring": {}, "otherOperatingExpenses": 39570000, "totalOperatingExpenses": 574688000, "operatingIncome": 14566000, "totalOtherIncomeExpenseNet": -12389000, "ebit": 14566000, "interestExpense": -3604000, "incomeBeforeTax": 2177000, "incomeTaxExpense": 1270000, "minorityInterest": {}, "netIncomeFromContinuingOps": 907000, "discontinuedOperations": {}, "extraordinaryItems": {}, "effectOfAccountingCharges": {}, "otherItems": {}, "netIncome": 907000, "netIncomeApplicableToCommonShares": 907000}], "maxAge": 86400}, "cashflowStatementHistoryQuarterly": {"cashflowStatements": [{"maxAge": 1, "endDate": "2020-12-31", "netIncome": 2891000, "changeToLiabilities": 0}, {"maxAge": 1, "endDate": "2020-09-30", "netIncome": 3398000, "changeToLiabilities": 0}, {"maxAge": 1, "endDate": "2020-06-30", "netIncome": 12479000, "changeToLiabilities": 0}, {"maxAge": 1, "endDate": "2020-03-31", "netIncome": 907000, "changeToLiabilities": 0}], "maxAge": 86400}, "earnings": {"maxAge": 86400, "earningsChart": {"quarterly": [{"date": "2Q2018", "actual": 3.69, "estimate": 1.26}], "currentQuarterEstimateDate": "3Q", "currentQuarterEstimateYear": 2018, "earningsDate": []}, "financialsChart": {"yearly": [{"date": 2017, "revenue": 2110915000, "earnings": 33345000}, {"date": 2018, "revenue": 3250491000, "earnings": 161336000}, {"date": 2019, "revenue": 5023128000, "earnings": 470347000}, {"date": 2020, "revenue": 2230712000, "earnings": 10161000}], "quarterly": [{"date": "1Q2020", "revenue": 589254000, "earnings": 907000}, {"date": "2Q2020", "revenue": 571716000, "earnings": 12479000}, {"date": "3Q2020", "revenue": 675517000, "earnings": 3398000}, {"date": "4Q2020", "revenue": 848450000, "earnings": 2891000}]}, "financialCurrency": "INR"}, "financialData": {"maxAge": 86400, "currentPrice": 58.5, "recommendationKey": "none", "totalCash": 95773000, "totalCashPerShare": 3.215, "ebitda": 184899008, "totalDebt": 489435008, "totalRevenue": 2684936960, "debtToEquity": 30.371, "revenuePerShare": 89.635, "grossProfits": 660055000, "revenueGrowth": 0.713, "grossMargins": 0.24691999, "ebitdaMargins": 0.06886, "operatingMargins": 0.02341, "profitMargins": 0.00733, "financialCurrency": "INR"}}}