{"BKV.BO": {"cashflowStatementHistory": {"cashflowStatements": [{"maxAge": 1, "endDate": "2020-03-31", "netIncome": -1010526, "depreciation": 69498, "changeToNetincome": -641666, "changeToLiabilities": -647976, "changeToOperatingActivities": 1247153, "totalCashFromOperatingActivities": -983517, "otherCashflowsFromInvestingActivities": 381540, "totalCashflowsFromInvestingActivities": 389540, "netBorrowings": 1114765, "otherCashflowsFromFinancingActivities": -314589, "totalCashFromFinancingActivities": 800176, "changeInCash": 206199}, {"maxAge": 1, "endDate": "2019-03-31", "netIncome": -2296221, "depreciation": 84612, "changeToNetincome": -528821, "changeToLiabilities": 426067, "changeToOperatingActivities": 116689, "totalCashFromOperatingActivities": -2197674, "capitalExpenditures": -4000, "otherCashflowsFromInvestingActivities": 34846, "totalCashflowsFromInvestingActivities": 30846, "netBorrowings": 2231561, "otherCashflowsFromFinancingActivities": -39520, "totalCashFromFinancingActivities": 2192041, "changeInCash": 25213}, {"maxAge": 1, "endDate": "2018-03-31", "netIncome": 29643, "depreciation": 103672, "changeToNetincome": 112757, "changeToLiabilities": 303630, "changeToOperatingActivities": -64660, "totalCashFromOperatingActivities": 485042, "capitalExpenditures": -548775, "otherCashflowsFromInvestingActivities": 59192, "totalCashflowsFromInvestingActivities": -489583, "netBorrowings": 14407, "otherCashflowsFromFinancingActivities": -86584, "totalCashFromFinancingActivities": -72177, "changeInCash": -76718}, {"maxAge": 1, "endDate": "2017-03-31", "netIncome": -48433, "depreciation": 129795, "changeToNetincome": -291313, "changeToLiabilities": -4415, "changeToOperatingActivities": 83109, "totalCashFromOperatingActivities": -131257, "capitalExpenditures": -11220, "otherCashflowsFromInvestingActivities": 14422, "totalCashflowsFromInvestingActivities": 3202, "netBorrowings": 203407, "otherCashflowsFromFinancingActivities": -47264, "totalCashFromFinancingActivities": 156143, "changeInCash": 28088}], "maxAge": 86400}, "institutionOwnership": {"ownershipList": [], "maxAge": 1}, "balanceSheetHistoryQuarterly": {"balanceSheetStatements": [{"maxAge": 1, "endDate": "2020-06-30", "totalStockholderEquity": 36227000, "netTangibleAssets": 36227000}, {"maxAge": 1, "endDate": "2020-03-31", "cash": 263284, "otherCurrentAssets": 1051467, "totalCurrentAssets": 1315055, "longTermInvestments": 3000, "propertyPlantEquipment": 41399983, "otherAssets": 427851, "totalAssets": 43145889, "accountsPayable": 114921, "otherCurrentLiab": 1497216, "otherLiab": 1391292, "totalCurrentLiabilities": 5527245, "totalLiab": 6918537, "commonStock": 15448584, "retainedEarnings": -37865686, "treasuryStock": 37463639, "capitalSurplus": 21180815, "otherStockholderEquity": 37463639, "totalStockholderEquity": 36227352, "netTangibleAssets": 36227352}, {"maxAge": 1, "endDate": "2019-12-31", "totalStockholderEquity": 36286000, "netTangibleAssets": 36286000}, {"maxAge": 1, "endDate": "2019-09-30", "cash": 657000, "otherCurrentAssets": 1755000, "totalCurrentAssets": 2412000, "longTermInvestments": 3000, "propertyPlantEquipment": 41436000, "otherAssets": 428000, "totalAssets": 44279000, "accountsPayable": 32000, "otherCurrentLiab": 2858000, "otherLiab": 1318000, "totalCurrentLiabilities": 6675000, "totalLiab": 7993000, "commonStock": 15449000, "treasuryStock": 20837000, "otherStockholderEquity": 20837000, "totalStockholderEquity": 36286000, "netTangibleAssets": 36286000}], "maxAge": 86400}, "indexTrend": {"maxAge": 1, "symbol": "SP5", "peRatio": 19.7411, "pegRatio": 1.34172, "estimates": [{"period": "0q", "growth": 0.549}, {"period": "+1q", "growth": 0.431}, {"period": "0y", "growth": 0.305}, {"period": "+1y", "growth": 0.109}, {"period": "+5y", "growth": 0.120859005}, {"period": "-5y"}]}, "insiderTransactions": {"transactions": [{"maxAge": 1, "shares": 4400000, "filerUrl": "", "transactionText": "", "filerName": "Bommidala (Kasi Viswanadham)", "filerRelation": "Chairman of the Board", "moneyText": "", "startDate": "2014-01-09", "ownership": "D"}, {"maxAge": 1, "shares": 2300000, "filerUrl": "", "transactionText": "", "filerName": "Bommidala (Saroja Devi)", "filerRelation": "Promoter", "moneyText": "", "startDate": "2014-01-09", "ownership": "D"}, {"maxAge": 1, "shares": 6700000, "filerUrl": "", "transactionText": "", "filerName": "Bommidala (Rama Krishna)", "filerRelation": "Managing Director", "moneyText": "", "startDate": "2014-01-02", "ownership": "D"}], "maxAge": 1}, "quoteType": {"exchange": "BSE", "quoteType": "EQUITY", "symbol": "BKV.BO", "underlyingSymbol": "BKV.BO", "shortName": "BKV INDUSTRIES LTD.", "longName": "BKV Industries Limited", "firstTradeDateEpochUtc": "2002-07-01 09:15:00", "timeZoneFullName": "Asia/Kolkata", "timeZoneShortName": "IST", "uuid": "165333db-24e2-34c7-81ab-90f759d21d80", "gmtOffSetMilliseconds": 19800000, "maxAge": 1}, "incomeStatementHistory": {"incomeStatementHistory": [{"maxAge": 1, "endDate": "2020-03-31", "totalRevenue": 3512025, "costOfRevenue": 13256, "grossProfit": 3498769, "researchDevelopment": {}, "sellingGeneralAdministrative": 1846273, "nonRecurring": {}, "otherOperatingExpenses": 2671498, "totalOperatingExpenses": 4600525, "operatingIncome": -1088500, "totalOtherIncomeExpenseNet": 77974, "ebit": -1088500, "interestExpense": -314589, "incomeBeforeTax": -1010526, "incomeTaxExpense": 0, "minorityInterest": {}, "netIncomeFromContinuingOps": -1010526, "discontinuedOperations": {}, "extraordinaryItems": {}, "effectOfAccountingCharges": {}, "otherItems": {}, "netIncome": -1010526, "netIncomeApplicableToCommonShares": -1010526}, {"maxAge": 1, "endDate": "2019-03-31", "totalRevenue": 3267000, "costOfRevenue": 2800, "grossProfit": 3264200, "researchDevelopment": {}, "sellingGeneralAdministrative": 1537806, "nonRecurring": {}, "otherOperatingExpenses": 3973685, "totalOperatingExpenses": 5598903, "operatingIncome": -2331903, "totalOtherIncomeExpenseNet": 35682, "ebit": -2331903, "interestExpense": -39520, "incomeBeforeTax": -2296221, "incomeTaxExpense": 0, "minorityInterest": {}, "netIncomeFromContinuingOps": -2296221, "discontinuedOperations": {}, "extraordinaryItems": {}, "effectOfAccountingCharges": {}, "otherItems": {}, "netIncome": -2296221, "netIncomeApplicableToCommonShares": -2296221}, {"maxAge": 1, "endDate": "2018-03-31", "totalRevenue": 3192750, "costOfRevenue": 7619, "grossProfit": 3185131, "researchDevelopment": {}, "sellingGeneralAdministrative": 1191708, "nonRecurring": {}, "otherOperatingExpenses": 1926050, "totalOperatingExpenses": 3229049, "operatingIncome": -36299, "totalOtherIncomeExpenseNet": 65942, "ebit": -36299, "interestExpense": -86584, "incomeBeforeTax": 29643, "incomeTaxExpense": 0, "minorityInterest": {}, "netIncomeFromContinuingOps": 29643, "discontinuedOperations": {}, "extraordinaryItems": {}, "effectOfAccountingCharges": {}, "otherItems": {}, "netIncome": 29643, "netIncomeApplicableToCommonShares": 29643}, {"maxAge": 1, "endDate": "2017-03-31", "totalRevenue": 2970000, "costOfRevenue": 0, "grossProfit": 2970000, "researchDevelopment": {}, "sellingGeneralAdministrative": 1054996, "nonRecurring": {}, "otherOperatingExpenses": 1848064, "totalOperatingExpenses": 3032855, "operatingIncome": -62855, "totalOtherIncomeExpenseNet": 14422, "ebit": -62855, "interestExpense": -47264, "incomeBeforeTax": -48433, "incomeTaxExpense": 0, "minorityInterest": {}, "netIncomeFromContinuingOps": -48433, "discontinuedOperations": {}, "extraordinaryItems": {}, "effectOfAccountingCharges": {}, "otherItems": {}, "netIncome": -48433, "netIncomeApplicableToCommonShares": -48433}], "maxAge": 86400}, "fundOwnership": {"ownershipList": [], "maxAge": 1}, "summaryDetail": {"maxAge": 1, "priceHint": 2, "previousClose": 5.26, "open": 5.52, "dayLow": 5.52, "dayHigh": 5.52, "regularMarketPreviousClose": 5.26, "regularMarketOpen": 5.52, "regularMarketDayLow": 5.52, "regularMarketDayHigh": 5.52, "volume": 3857, "regularMarketVolume": 3857, "averageVolume": 1527, "averageVolume10days": 956, "averageDailyVolume10Day": 956, "bid": 4.78, "ask": 5.01, "marketCap": 85276272, "fiftyTwoWeekLow": 2.37, "fiftyTwoWeekHigh": 5.52, "fiftyDayAverage": 4.0657578, "twoHundredDayAverage": 3.051151, "currency": "INR", "fromCurrency": null, "lastMarket": null, "algorithm": null, "tradeable": false}, "incomeStatementHistoryQuarterly": {"incomeStatementHistory": [{"maxAge": 1, "endDate": "2020-06-30", "totalRevenue": 899000, "costOfRevenue": 0, "grossProfit": 899000, "researchDevelopment": {}, "sellingGeneralAdministrative": 388000, "nonRecurring": {}, "otherOperatingExpenses": 240000, "totalOperatingExpenses": 643000, "operatingIncome": 256000, "totalOtherIncomeExpenseNet": 2000, "ebit": 256000, "interestExpense": -60000, "incomeBeforeTax": 258000, "incomeTaxExpense": 0, "minorityInterest": {}, "netIncomeFromContinuingOps": 258000, "discontinuedOperations": {}, "extraordinaryItems": {}, "effectOfAccountingCharges": {}, "otherItems": {}, "netIncome": 258000, "netIncomeApplicableToCommonShares": 258000}, {"maxAge": 1, "endDate": "2020-03-31", "totalRevenue": 898025, "costOfRevenue": 13256, "grossProfit": 884769, "researchDevelopment": {}, "sellingGeneralAdministrative": 681273, "nonRecurring": {}, "otherOperatingExpenses": 283498, "totalOperatingExpenses": 995525, "operatingIncome": -97500, "totalOtherIncomeExpenseNet": 2974, "ebit": -97500, "interestExpense": -76589, "incomeBeforeTax": -94526, "incomeTaxExpense": 0, "minorityInterest": {}, "netIncomeFromContinuingOps": -94526, "discontinuedOperations": {}, "extraordinaryItems": {}, "effectOfAccountingCharges": {}, "otherItems": {}, "netIncome": -94526, "netIncomeApplicableToCommonShares": -94526}, {"maxAge": 1, "endDate": "2019-12-31", "totalRevenue": 899000, "costOfRevenue": 0, "grossProfit": 899000, "researchDevelopment": {}, "sellingGeneralAdministrative": 388000, "nonRecurring": {}, "otherOperatingExpenses": 300000, "totalOperatingExpenses": 705000, "operatingIncome": 194000, "totalOtherIncomeExpenseNet": 57000, "ebit": 194000, "interestExpense": -83000, "incomeBeforeTax": 251000, "incomeTaxExpense": 0, "minorityInterest": {}, "netIncomeFromContinuingOps": 251000, "discontinuedOperations": {}, "extraordinaryItems": {}, "effectOfAccountingCharges": {}, "otherItems": {}, "netIncome": 251000, "netIncomeApplicableToCommonShares": 251000}, {"maxAge": 1, "endDate": "2019-09-30", "totalRevenue": 898000, "costOfRevenue": 0, "grossProfit": 898000, "researchDevelopment": {}, "sellingGeneralAdministrative": 388000, "nonRecurring": {}, "otherOperatingExpenses": 1818000, "totalOperatingExpenses": 2224000, "operatingIncome": -1326000, "totalOtherIncomeExpenseNet": 11000, "ebit": -1326000, "interestExpense": -92000, "incomeBeforeTax": -1315000, "incomeTaxExpense": 0, "minorityInterest": {}, "netIncomeFromContinuingOps": -1315000, "discontinuedOperations": {}, "extraordinaryItems": {}, "effectOfAccountingCharges": {}, "otherItems": {}, "netIncome": -1315000, "netIncomeApplicableToCommonShares": -1315000}], "maxAge": 86400}, "cashflowStatementHistoryQuarterly": {"cashflowStatements": [{"maxAge": 1, "endDate": "2020-06-30", "netIncome": 258000, "changeToLiabilities": 0}, {"maxAge": 1, "endDate": "2020-03-31", "netIncome": -94526, "changeToLiabilities": 0}, {"maxAge": 1, "endDate": "2019-12-31", "netIncome": 251000, "changeToLiabilities": 0}, {"maxAge": 1, "endDate": "2019-09-30", "netIncome": -1315000, "changeToLiabilities": 0}], "maxAge": 86400}, "insiderHolders": {"holders": [{"maxAge": 1, "name": "Bommidala (Kasi Viswanadham)", "relation": "Chairman of the Board", "url": "", "transactionDescription": "Gift", "latestTransDate": "2014-01-09", "positionDirect": 158822, "positionDirectDate": "2014-01-09"}, {"maxAge": 1, "name": "Bommidala (Rama Krishna)", "relation": "Managing Director", "url": "", "transactionDescription": "Gift", "latestTransDate": "2014-01-02", "positionDirect": 9866821, "positionDirectDate": "2014-01-02"}, {"maxAge": 1, "name": "Bommidala (Saroja Devi)", "relation": "Promoter", "url": "", "transactionDescription": "Gift", "latestTransDate": "2014-01-09", "positionDirect": 113716, "positionDirectDate": "2014-01-09"}], "maxAge": 1}, "calendarEvents": {"maxAge": 1, "earnings": {"earningsDate": []}}, "upgradeDowngradeHistory": {"history": [], "maxAge": 86400}, "price": {"maxAge": 1, "regularMarketChangePercent": 0.049429607, "regularMarketChange": 0.25999975, "regularMarketTime": "2021-04-30 14:57:02", "priceHint": 2, "regularMarketPrice": 5.52, "regularMarketDayHigh": 5.52, "regularMarketDayLow": 5.52, "regularMarketVolume": 3857, "averageDailyVolume10Day": 956, "averageDailyVolume3Month": 1527, "regularMarketPreviousClose": 5.26, "regularMarketSource": "FREE_REALTIME", "regularMarketOpen": 5.52, "exchange": "BSE", "exchangeName": "BSE", "exchangeDataDelayedBy": 0, "marketState": "CLOSED", "quoteType": "EQUITY", "symbol": "BKV.BO", "underlyingSymbol": null, "shortName": "BKV INDUSTRIES LTD.", "longName": "BKV Industries Limited", "currency": "INR", "quoteSourceName": "Delayed Quote", "currencySymbol": "\u20b9", "fromCurrency": null, "lastMarket": null, "marketCap": 85276272}, "balanceSheetHistory": {"balanceSheetStatements": [{"maxAge": 1, "endDate": "2020-03-31", "cash": 263284, "otherCurrentAssets": 1051467, "totalCurrentAssets": 1315055, "longTermInvestments": 3000, "propertyPlantEquipment": 41399983, "otherAssets": 427851, "totalAssets": 43145889, "accountsPayable": 114921, "otherCurrentLiab": 1497216, "otherLiab": 1391292, "totalCurrentLiabilities": 5527245, "totalLiab": 6918537, "commonStock": 15448584, "retainedEarnings": -37865686, "treasuryStock": 37463639, "capitalSurplus": 21180815, "otherStockholderEquity": 37463639, "totalStockholderEquity": 36227352, "netTangibleAssets": 36227352}, {"maxAge": 1, "endDate": "2019-03-31", "cash": 57085, "netReceivables": 25000, "otherCurrentAssets": 648321, "totalCurrentAssets": 730406, "longTermInvestments": 3000, "propertyPlantEquipment": 41470708, "otherAssets": 1082840, "totalAssets": 43286954, "accountsPayable": 762897, "otherCurrentLiab": 985079, "otherLiab": 1311069, "totalCurrentLiabilities": 4522662, "totalLiab": 5833731, "commonStock": 15448584, "retainedEarnings": -36855160, "treasuryStock": 37678984, "capitalSurplus": 21180815, "otherStockholderEquity": 37678984, "totalStockholderEquity": 37453223, "netTangibleAssets": 37453223}, {"maxAge": 1, "endDate": "2018-03-31", "cash": 31872, "netReceivables": 4760, "otherCurrentAssets": 79192, "totalCurrentAssets": 117665, "longTermInvestments": 3000, "propertyPlantEquipment": 41551320, "otherAssets": 1052889, "totalAssets": 42724874, "accountsPayable": 336830, "otherCurrentLiab": 915234, "otherLiab": 1142992, "totalCurrentLiabilities": 1769076, "totalLiab": 2912068, "commonStock": 15448584, "retainedEarnings": -34558939, "treasuryStock": 37742346, "capitalSurplus": 21180815, "otherStockholderEquity": 37742346, "totalStockholderEquity": 39812806, "netTangibleAssets": 39812806}, {"maxAge": 1, "endDate": "2017-03-31", "cash": 108590, "netReceivables": 3000, "totalCurrentAssets": 112001, "longTermInvestments": 3000, "propertyPlantEquipment": 34586942, "otherAssets": 1019794, "totalAssets": 35721737, "accountsPayable": 33200, "otherCurrentLiab": 904598, "otherLiab": 1102035, "totalCurrentLiabilities": 1441179, "totalLiab": 2543214, "commonStock": 15448584, "retainedEarnings": -34588582, "treasuryStock": 31137706, "capitalSurplus": 21180815, "otherStockholderEquity": 31137706, "totalStockholderEquity": 33178523, "netTangibleAssets": 33178523}], "maxAge": 86400}, "financialData": {"maxAge": 86400, "currentPrice": 5.52, "recommendationKey": "none", "grossProfits": 3498769, "financialCurrency": "INR"}}}