{"BLACKROSE.BO": {"recommendationTrend": {"trend": [{"period": "0m", "strongBuy": 0, "buy": 0, "hold": 0, "sell": 0, "strongSell": 0}, {"period": "-1m", "strongBuy": 0, "buy": 0, "hold": 0, "sell": 0, "strongSell": 0}, {"period": "-2m", "strongBuy": 0, "buy": 0, "hold": 0, "sell": 0, "strongSell": 0}, {"period": "-3m", "strongBuy": 0, "buy": 0, "hold": 0, "sell": 0, "strongSell": 0}], "maxAge": 86400}, "cashflowStatementHistory": {"cashflowStatements": [{"maxAge": 1, "endDate": "2020-03-31", "netIncome": 206735000, "depreciation": 22930000, "changeToNetincome": 39351000, "changeToAccountReceivables": -124932000, "changeToLiabilities": 84802000, "changeToInventory": -55526000, "totalCashFromOperatingActivities": 173774000, "capitalExpenditures": -76587000, "otherCashflowsFromInvestingActivities": 5449000, "totalCashflowsFromInvestingActivities": -71084000, "netBorrowings": -62930000, "otherCashflowsFromFinancingActivities": -23199000, "totalCashFromFinancingActivities": -86129000, "changeInCash": 16561000}, {"maxAge": 1, "endDate": "2019-03-31", "netIncome": 138860000, "depreciation": 20768000, "changeToNetincome": 13232000, "changeToAccountReceivables": 34200000, "changeToLiabilities": -25925000, "changeToInventory": -69595000, "totalCashFromOperatingActivities": 111866000, "capitalExpenditures": -10943000, "otherCashflowsFromInvestingActivities": 4594000, "totalCashflowsFromInvestingActivities": -3835000, "netBorrowings": -58311000, "otherCashflowsFromFinancingActivities": -27790000, "totalCashFromFinancingActivities": -86101000, "changeInCash": 21930000}, {"maxAge": 1, "endDate": "2018-03-31", "netIncome": 117506000, "depreciation": 24094000, "changeToNetincome": 33174000, "changeToAccountReceivables": 28922000, "changeToLiabilities": -72315000, "changeToInventory": -14773000, "totalCashFromOperatingActivities": 116608000, "capitalExpenditures": -4680000, "otherCashflowsFromInvestingActivities": 4387000, "totalCashflowsFromInvestingActivities": -293000, "netBorrowings": -72906000, "otherCashflowsFromFinancingActivities": -34249000, "totalCashFromFinancingActivities": -107155000, "changeInCash": 9160000}, {"maxAge": 1, "endDate": "2017-03-31", "netIncome": 50205000, "depreciation": 27352000, "changeToNetincome": 61728000, "changeToAccountReceivables": -147088000, "changeToLiabilities": 174543000, "changeToInventory": -98936000, "totalCashFromOperatingActivities": 67804000, "capitalExpenditures": -7865000, "otherCashflowsFromInvestingActivities": 3474000, "totalCashflowsFromInvestingActivities": -2276000, "netBorrowings": 2662000, "otherCashflowsFromFinancingActivities": -43518000, "totalCashFromFinancingActivities": -40856000, "changeInCash": 24672000}], "maxAge": 86400}, "institutionOwnership": {"ownershipList": [], "maxAge": 1}, "balanceSheetHistoryQuarterly": {"balanceSheetStatements": [{"maxAge": 1, "endDate": "2020-06-30", "totalStockholderEquity": 674818000, "netTangibleAssets": 672170000}, {"maxAge": 1, "endDate": "2020-03-31", "cash": 29801000, "netReceivables": 490992000, "inventory": 386717000, "otherCurrentAssets": 107310000, "totalCurrentAssets": 1019578000, "propertyPlantEquipment": 386246000, "intangibleAssets": 2648000, "otherAssets": 4666000, "totalAssets": 1413138000, "accountsPayable": 447921000, "shortLongTermDebt": 24977000, "otherCurrentLiab": 5239000, "longTermDebt": 45311000, "otherLiab": 40454000, "totalCurrentLiabilities": 646472000, "totalLiab": 738320000, "commonStock": 51000000, "retainedEarnings": 553425000, "treasuryStock": 5923000, "capitalSurplus": 64470000, "otherStockholderEquity": 5923000, "totalStockholderEquity": 674818000, "netTangibleAssets": 672170000}, {"maxAge": 1, "endDate": "2019-12-31", "totalStockholderEquity": 576156000, "netTangibleAssets": 575671000}, {"maxAge": 1, "endDate": "2019-09-30", "cash": 77476000, "netReceivables": 391152000, "inventory": 252202000, "otherCurrentAssets": 60672000, "totalCurrentAssets": 781502000, "longTermInvestments": 1990000, "propertyPlantEquipment": 319653000, "intangibleAssets": 485000, "otherAssets": 6356000, "totalAssets": 1109986000, "accountsPayable": 114474000, "shortLongTermDebt": 38331000, "otherCurrentLiab": 20512000, "longTermDebt": 89405000, "otherLiab": 39119000, "totalCurrentLiabilities": 405306000, "totalLiab": 533830000, "commonStock": 51000000, "treasuryStock": 525156000, "otherStockholderEquity": 525156000, "totalStockholderEquity": 576156000, "netTangibleAssets": 575671000}], "maxAge": 86400}, "earningsHistory": {"history": [{"maxAge": 1, "epsActual": {}, "epsEstimate": {}, "epsDifference": {}, "surprisePercent": {}, "quarter": {}, "period": "-4q"}, {"maxAge": 1, "epsActual": {}, "epsEstimate": {}, "epsDifference": {}, "surprisePercent": {}, "quarter": {}, "period": "-3q"}, {"maxAge": 1, "epsActual": {}, "epsEstimate": {}, "epsDifference": {}, "surprisePercent": {}, "quarter": {}, "period": "-2q"}, {"maxAge": 1, "epsActual": {}, "epsEstimate": {}, "epsDifference": {}, "surprisePercent": {}, "quarter": {}, "period": "-1q"}], "maxAge": 86400}, "indexTrend": {"maxAge": 1, "symbol": "SP5", "peRatio": 19.7411, "pegRatio": 1.34172, "estimates": [{"period": "0q", "growth": 0.549}, {"period": "+1q", "growth": 0.431}, {"period": "0y", "growth": 0.305}, {"period": "+1y", "growth": 0.109}, {"period": "+5y", "growth": 0.120859005}, {"period": "-5y"}]}, "industryTrend": {"maxAge": 1, "symbol": null, "estimates": []}, "quoteType": {"exchange": "BSE", "quoteType": "EQUITY", "symbol": "BLACKROSE.BO", "underlyingSymbol": "BLACKROSE.BO", "shortName": "BLACK ROSE INDUSTRIES LTD.", "longName": "Black Rose Industries Limited", "firstTradeDateEpochUtc": "2002-09-04 09:15:00", "timeZoneFullName": "Asia/Kolkata", "timeZoneShortName": "IST", "uuid": "c3e942f2-a09d-38c5-88dd-c21682aca883", "gmtOffSetMilliseconds": 19800000, "maxAge": 1}, "incomeStatementHistory": {"incomeStatementHistory": [{"maxAge": 1, "endDate": "2020-03-31", "totalRevenue": 3726298000, "costOfRevenue": 3155330000, "grossProfit": 570968000, "researchDevelopment": {}, "sellingGeneralAdministrative": 56103000, "nonRecurring": {}, "otherOperatingExpenses": 189241000, "totalOperatingExpenses": 3424018000, "operatingIncome": 302280000, "totalOtherIncomeExpenseNet": -29084000, "ebit": 302280000, "interestExpense": -21056000, "incomeBeforeTax": 273196000, "incomeTaxExpense": 66461000, "minorityInterest": {}, "netIncomeFromContinuingOps": 206735000, "discontinuedOperations": {}, "extraordinaryItems": {}, "effectOfAccountingCharges": {}, "otherItems": {}, "netIncome": 206735000, "netIncomeApplicableToCommonShares": 206735000}, {"maxAge": 1, "endDate": "2019-03-31", "totalRevenue": 3087143000, "costOfRevenue": 2634258000, "grossProfit": 452885000, "researchDevelopment": {}, "sellingGeneralAdministrative": 44771000, "nonRecurring": {}, "otherOperatingExpenses": 164200000, "totalOperatingExpenses": 2868039000, "operatingIncome": 219104000, "totalOtherIncomeExpenseNet": -25530000, "ebit": 219104000, "interestExpense": -28281000, "incomeBeforeTax": 193574000, "incomeTaxExpense": 54714000, "minorityInterest": {}, "netIncomeFromContinuingOps": 138860000, "discontinuedOperations": {}, "extraordinaryItems": {}, "effectOfAccountingCharges": {}, "otherItems": {}, "netIncome": 138860000, "netIncomeApplicableToCommonShares": 138860000}, {"maxAge": 1, "endDate": "2018-03-31", "totalRevenue": 2977019000, "costOfRevenue": 2564857000, "grossProfit": 412162000, "researchDevelopment": {}, "sellingGeneralAdministrative": 40539000, "nonRecurring": {}, "otherOperatingExpenses": 150482000, "totalOperatingExpenses": 2782228000, "operatingIncome": 194791000, "totalOtherIncomeExpenseNet": -32900000, "ebit": 194791000, "interestExpense": -34959000, "incomeBeforeTax": 161891000, "incomeTaxExpense": 44385000, "minorityInterest": {}, "netIncomeFromContinuingOps": 117506000, "discontinuedOperations": {}, "extraordinaryItems": {}, "effectOfAccountingCharges": {}, "otherItems": {}, "netIncome": 117506000, "netIncomeApplicableToCommonShares": 117506000}, {"maxAge": 1, "endDate": "2017-03-31", "totalRevenue": 2417287000, "costOfRevenue": 2085252000, "grossProfit": 332035000, "researchDevelopment": {}, "sellingGeneralAdministrative": 36520000, "nonRecurring": {}, "otherOperatingExpenses": 151773000, "totalOperatingExpenses": 2300897000, "operatingIncome": 116390000, "totalOtherIncomeExpenseNet": -40644000, "ebit": 116390000, "interestExpense": -44906000, "incomeBeforeTax": 75746000, "incomeTaxExpense": 25541000, "minorityInterest": {}, "netIncomeFromContinuingOps": 50205000, "discontinuedOperations": {}, "extraordinaryItems": {}, "effectOfAccountingCharges": {}, "otherItems": {}, "netIncome": 50205000, "netIncomeApplicableToCommonShares": 50205000}], "maxAge": 86400}, "fundOwnership": {"ownershipList": [], "maxAge": 1}, "summaryDetail": {"maxAge": 1, "priceHint": 2, "previousClose": 180.9, "open": 180.0, "dayLow": 176.25, "dayHigh": 183.9, "regularMarketPreviousClose": 180.9, "regularMarketOpen": 180.0, "regularMarketDayLow": 176.25, "regularMarketDayHigh": 183.9, "trailingPE": 51.011684, "volume": 56228, "regularMarketVolume": 56228, "averageVolume": 50666, "averageVolume10days": 21147, "averageDailyVolume10Day": 21147, "bid": 0.0, "ask": 179.5, "bidSize": 0, "askSize": 0, "marketCap": 9128999936, "fiftyTwoWeekLow": 60.5, "fiftyTwoWeekHigh": 183.9, "fiftyDayAverage": 131.86516, "twoHundredDayAverage": 130.73198, "trailingAnnualDividendRate": 0.35, "trailingAnnualDividendYield": 0.0019347706, "currency": "INR", "fromCurrency": null, "lastMarket": null, "algorithm": null, "tradeable": false}, "sectorTrend": {"maxAge": 1, "symbol": null, "estimates": []}, "incomeStatementHistoryQuarterly": {"incomeStatementHistory": [{"maxAge": 1, "endDate": "2020-06-30", "totalRevenue": 411061000, "costOfRevenue": 329523000, "grossProfit": 81538000, "researchDevelopment": {}, "sellingGeneralAdministrative": 13267000, "nonRecurring": {}, "otherOperatingExpenses": 30756000, "totalOperatingExpenses": 380137000, "operatingIncome": 30924000, "totalOtherIncomeExpenseNet": -1523000, "ebit": 30924000, "interestExpense": -4116000, "incomeBeforeTax": 29401000, "incomeTaxExpense": 8412000, "minorityInterest": {}, "netIncomeFromContinuingOps": 20989000, "discontinuedOperations": {}, "extraordinaryItems": {}, "effectOfAccountingCharges": {}, "otherItems": {}, "netIncome": 20989000, "netIncomeApplicableToCommonShares": 20989000}, {"maxAge": 1, "endDate": "2020-03-31", "totalRevenue": 978631000, "costOfRevenue": 842192000, "grossProfit": 136439000, "researchDevelopment": {}, "sellingGeneralAdministrative": 16029000, "nonRecurring": {}, "otherOperatingExpenses": 47729000, "totalOperatingExpenses": 913365000, "operatingIncome": 65266000, "totalOtherIncomeExpenseNet": -5295000, "ebit": 65266000, "interestExpense": -1861000, "incomeBeforeTax": 59971000, "incomeTaxExpense": 16085000, "minorityInterest": {}, "netIncomeFromContinuingOps": 43886000, "discontinuedOperations": {}, "extraordinaryItems": {}, "effectOfAccountingCharges": {}, "otherItems": {}, "netIncome": 43886000, "netIncomeApplicableToCommonShares": 43886000}, {"maxAge": 1, "endDate": "2019-12-31", "totalRevenue": 943673000, "costOfRevenue": 795435000, "grossProfit": 148238000, "researchDevelopment": {}, "sellingGeneralAdministrative": 13889000, "nonRecurring": {}, "otherOperatingExpenses": 52164000, "totalOperatingExpenses": 866852000, "operatingIncome": 76821000, "totalOtherIncomeExpenseNet": -4691000, "ebit": 76821000, "interestExpense": -6279000, "incomeBeforeTax": 72130000, "incomeTaxExpense": 20321000, "minorityInterest": {}, "netIncomeFromContinuingOps": 51809000, "discontinuedOperations": {}, "extraordinaryItems": {}, "effectOfAccountingCharges": {}, "otherItems": {}, "netIncome": 51809000, "netIncomeApplicableToCommonShares": 51809000}, {"maxAge": 1, "endDate": "2019-09-30", "totalRevenue": 960869000, "costOfRevenue": 816369000, "grossProfit": 144500000, "researchDevelopment": {}, "sellingGeneralAdministrative": 14066000, "nonRecurring": {}, "otherOperatingExpenses": 52827000, "totalOperatingExpenses": 888555000, "operatingIncome": 72314000, "totalOtherIncomeExpenseNet": -1257000, "ebit": 72314000, "interestExpense": -6254000, "incomeBeforeTax": 71057000, "incomeTaxExpense": 8908000, "minorityInterest": {}, "netIncomeFromContinuingOps": 62149000, "discontinuedOperations": {}, "extraordinaryItems": {}, "effectOfAccountingCharges": {}, "otherItems": {}, "netIncome": 62149000, "netIncomeApplicableToCommonShares": 62149000}], "maxAge": 86400}, "cashflowStatementHistoryQuarterly": {"cashflowStatements": [{"maxAge": 1, "endDate": "2020-06-30", "netIncome": 20989000, "changeToLiabilities": 0}, {"maxAge": 1, "endDate": "2020-03-31", "netIncome": 43886000, "changeToLiabilities": 0}, {"maxAge": 1, "endDate": "2019-12-31", "netIncome": 51809000, "changeToLiabilities": 0}, {"maxAge": 1, "endDate": "2019-09-30", "netIncome": 62149000, "changeToLiabilities": 0}], "maxAge": 86400}, "insiderHolders": {"holders": [], "maxAge": 1}, "earnings": {"maxAge": 86400, "earningsChart": {"quarterly": [], "earningsDate": []}, "financialsChart": {"yearly": [{"date": 2017, "revenue": 2417287000, "earnings": 50205000}, {"date": 2018, "revenue": 2977019000, "earnings": 117506000}, {"date": 2019, "revenue": 3087143000, "earnings": 138860000}, {"date": 2020, "revenue": 3726298000, "earnings": 206735000}], "quarterly": [{"date": "3Q2019", "revenue": 960869000, "earnings": 62149000}, {"date": "4Q2019", "revenue": 943673000, "earnings": 51809000}, {"date": "1Q2020", "revenue": 978631000, "earnings": 43886000}, {"date": "2Q2020", "revenue": 411061000, "earnings": 20989000}]}, "financialCurrency": "INR"}, "calendarEvents": {"maxAge": 1, "earnings": {"earningsDate": []}}, "upgradeDowngradeHistory": {"history": [], "maxAge": 86400}, "price": {"maxAge": 1, "regularMarketChangePercent": -0.010503007, "regularMarketChange": -1.8999939, "regularMarketTime": "2021-04-30 15:53:55", "priceHint": 2, "regularMarketPrice": 179.0, "regularMarketDayHigh": 183.9, "regularMarketDayLow": 176.25, "regularMarketVolume": 56228, "averageDailyVolume10Day": 21147, "averageDailyVolume3Month": 50666, "regularMarketPreviousClose": 180.9, "regularMarketSource": "FREE_REALTIME", "regularMarketOpen": 180.0, "exchange": "BSE", "exchangeName": "BSE", "exchangeDataDelayedBy": 0, "marketState": "CLOSED", "quoteType": "EQUITY", "symbol": "BLACKROSE.BO", "underlyingSymbol": null, "shortName": "BLACK ROSE INDUSTRIES LTD.", "longName": "Black Rose Industries Limited", "currency": "INR", "quoteSourceName": "Delayed Quote", "currencySymbol": "\u20b9", "fromCurrency": null, "lastMarket": null, "marketCap": 9128999936}, "balanceSheetHistory": {"balanceSheetStatements": [{"maxAge": 1, "endDate": "2020-03-31", "cash": 29801000, "netReceivables": 490992000, "inventory": 386717000, "otherCurrentAssets": 107310000, "totalCurrentAssets": 1019578000, "propertyPlantEquipment": 386246000, "intangibleAssets": 2648000, "otherAssets": 4666000, "totalAssets": 1413138000, "accountsPayable": 447921000, "shortLongTermDebt": 24977000, "otherCurrentLiab": 5239000, "longTermDebt": 45311000, "otherLiab": 40454000, "totalCurrentLiabilities": 646472000, "totalLiab": 738320000, "commonStock": 51000000, "retainedEarnings": 553425000, "treasuryStock": 5923000, "capitalSurplus": 64470000, "otherStockholderEquity": 5923000, "totalStockholderEquity": 674818000, "netTangibleAssets": 672170000}, {"maxAge": 1, "endDate": "2019-03-31", "cash": 17838000, "netReceivables": 295772000, "inventory": 331191000, "otherCurrentAssets": 111109000, "totalCurrentAssets": 758826000, "propertyPlantEquipment": 328458000, "intangibleAssets": 738000, "otherAssets": 4665000, "totalAssets": 1092687000, "accountsPayable": 246789000, "shortLongTermDebt": 39688000, "otherCurrentLiab": 10741000, "longTermDebt": 105819000, "otherLiab": 43546000, "totalCurrentLiabilities": 459773000, "totalLiab": 609138000, "commonStock": 51000000, "retainedEarnings": 364337000, "treasuryStock": 3742000, "capitalSurplus": 64470000, "otherStockholderEquity": 3742000, "totalStockholderEquity": 483549000, "netTangibleAssets": 482811000}, {"maxAge": 1, "endDate": "2018-03-31", "cash": 12045000, "netReceivables": 354402000, "inventory": 261596000, "otherCurrentAssets": 57044000, "totalCurrentAssets": 687176000, "propertyPlantEquipment": 341009000, "intangibleAssets": 1316000, "otherAssets": 23131000, "totalAssets": 1052632000, "accountsPayable": 269181000, "shortLongTermDebt": 37212000, "otherCurrentLiab": 18581000, "longTermDebt": 140458000, "otherLiab": 44207000, "totalCurrentLiabilities": 513490000, "totalLiab": 698155000, "commonStock": 51000000, "retainedEarnings": 235328000, "treasuryStock": 3679000, "capitalSurplus": 64470000, "otherStockholderEquity": 3679000, "totalStockholderEquity": 354477000, "netTangibleAssets": 353161000}, {"maxAge": 1, "endDate": "2017-03-31", "cash": 12239000, "netReceivables": 366674000, "inventory": 246823000, "otherCurrentAssets": 73734000, "totalCurrentAssets": 702088000, "propertyPlantEquipment": 356710000, "intangibleAssets": 7379000, "otherAssets": 25435000, "totalAssets": 1091612000, "accountsPayable": 335818000, "shortLongTermDebt": 31709000, "otherCurrentLiab": 16867000, "longTermDebt": 195299000, "otherLiab": 45809000, "totalCurrentLiabilities": 595811000, "totalLiab": 836919000, "commonStock": 51000000, "retainedEarnings": 136165000, "treasuryStock": 3058000, "capitalSurplus": 64470000, "otherStockholderEquity": 3058000, "totalStockholderEquity": 254693000, "netTangibleAssets": 247314000}], "maxAge": 86400}, "earningsTrend": {"trend": [{"maxAge": 1, "period": "0q", "endDate": null, "growth": {}, "earningsEstimate": {"avg": 0.0, "low": 0.0, "high": 0.0, "yearAgoEps": {}, "numberOfAnalysts": 0, "growth": {}}, "revenueEstimate": {"avg": 0, "low": 0, "high": 0, "numberOfAnalysts": 0, "yearAgoRevenue": {}, "growth": {}}, "epsTrend": {"current": 0.0, "7daysAgo": 0.0, "30daysAgo": 0.0, "60daysAgo": 0.0, "90daysAgo": 0.0}, "epsRevisions": {"upLast7days": 0, "upLast30days": 0, "downLast30days": 0, "downLast90days": {}}}, {"maxAge": 1, "period": "+1q", "endDate": null, "growth": {}, "earningsEstimate": {"avg": 0.0, "low": 0.0, "high": 0.0, "yearAgoEps": {}, "numberOfAnalysts": 0, "growth": {}}, "revenueEstimate": {"avg": 0, "low": 0, "high": 0, "numberOfAnalysts": 0, "yearAgoRevenue": {}, "growth": {}}, "epsTrend": {"current": 0.0, "7daysAgo": 0.0, "30daysAgo": 0.0, "60daysAgo": 0.0, "90daysAgo": 0.0}, "epsRevisions": {"upLast7days": 0, "upLast30days": 0, "downLast30days": 0, "downLast90days": {}}}, {"maxAge": 1, "period": "0y", "endDate": null, "growth": {}, "earningsEstimate": {"avg": 0.0, "low": 0.0, "high": 0.0, "yearAgoEps": {}, "numberOfAnalysts": 0, "growth": {}}, "revenueEstimate": {"avg": 0, "low": 0, "high": 0, "numberOfAnalysts": 0, "yearAgoRevenue": {}, "growth": {}}, "epsTrend": {"current": 0.0, "7daysAgo": 0.0, "30daysAgo": 0.0, "60daysAgo": 0.0, "90daysAgo": 0.0}, "epsRevisions": {"upLast7days": 0, "upLast30days": 0, "downLast30days": 0, "downLast90days": {}}}, {"maxAge": 1, "period": "+1y", "endDate": null, "growth": {}, "earningsEstimate": {"avg": 0.0, "low": 0.0, "high": 0.0, "yearAgoEps": {}, "numberOfAnalysts": 0, "growth": {}}, "revenueEstimate": {"avg": 0, "low": 0, "high": 0, "numberOfAnalysts": 0, "yearAgoRevenue": {}, "growth": {}}, "epsTrend": {"current": 0.0, "7daysAgo": 0.0, "30daysAgo": 0.0, "60daysAgo": 0.0, "90daysAgo": 0.0}, "epsRevisions": {"upLast7days": 0, "upLast30days": 0, "downLast30days": 0, "downLast90days": {}}}, {"maxAge": 1, "period": "+5y", "endDate": null, "growth": {}, "earningsEstimate": {"avg": {}, "low": {}, "high": {}, "yearAgoEps": {}, "numberOfAnalysts": {}, "growth": {}}, "revenueEstimate": {"avg": {}, "low": {}, "high": {}, "numberOfAnalysts": {}, "yearAgoRevenue": {}, "growth": {}}, "epsTrend": {"current": {}, "7daysAgo": {}, "30daysAgo": {}, "60daysAgo": {}, "90daysAgo": {}}, "epsRevisions": {"upLast7days": {}, "upLast30days": {}, "downLast30days": {}, "downLast90days": {}}}, {"maxAge": 1, "period": "-5y", "endDate": null, "growth": {}, "earningsEstimate": {"avg": {}, "low": {}, "high": {}, "yearAgoEps": {}, "numberOfAnalysts": {}, "growth": {}}, "revenueEstimate": {"avg": {}, "low": {}, "high": {}, "numberOfAnalysts": {}, "yearAgoRevenue": {}, "growth": {}}, "epsTrend": {"current": {}, "7daysAgo": {}, "30daysAgo": {}, "60daysAgo": {}, "90daysAgo": {}}, "epsRevisions": {"upLast7days": {}, "upLast30days": {}, "downLast30days": {}, "downLast90days": {}}}], "maxAge": 1}, "financialData": {"maxAge": 86400, "currentPrice": 179.0, "targetHighPrice": 69.0, "targetLowPrice": 69.0, "targetMeanPrice": 69.0, "targetMedianPrice": 69.0, "recommendationKey": "none", "numberOfAnalystOpinions": 1, "grossProfits": 570968000, "financialCurrency": "INR"}}}