{"BLBLIMITED.NS": {"assetProfile": {"address1": "H. No. 4760-61/23", "address2": "3rd Floor Ansari Road Darya Ganj", "city": "New Delhi", "zip": "110002", "country": "India", "phone": "91 11 4932 5600", "website": "http://www.blblimited.com", "industry": "Capital Markets", "sector": "Financial Services", "longBusinessSummary": "BLB Limited provides securities brokerage services in India. It trades and invests in shares, securities, and commodities. The company was founded in 1965 and is based in New Delhi, India.", "fullTimeEmployees": 31, "companyOfficers": [{"maxAge": 1, "name": "Mr. Deepak  Shrivastava", "age": 47, "title": "Chief Financial Officer", "yearBorn": 1973, "fiscalYear": 2020, "totalPay": 786730, "exercisedValue": 0, "unexercisedValue": 0}, {"maxAge": 1, "name": "Mr. Anshul  Mehra", "age": 54, "title": "Exec. Director", "yearBorn": 1966, "fiscalYear": 2020, "totalPay": 1044000, "exercisedValue": 0, "unexercisedValue": 0}, {"maxAge": 1, "name": "Premananda  Panda", "age": 49, "title": "VP of Investment & Research", "yearBorn": 1971, "fiscalYear": 2018, "exercisedValue": 0, "unexercisedValue": 0}, {"maxAge": 1, "name": "Shashikant  Dholpariyi", "age": 37, "title": "Assistant Mang. of Legal", "yearBorn": 1983, "exercisedValue": 0, "unexercisedValue": 0}, {"maxAge": 1, "name": "Mr. Nishant  Garud", "age": 30, "title": "Company Sec. & Compliance Officer", "yearBorn": 1990, "exercisedValue": 0, "unexercisedValue": 0}, {"maxAge": 1, "name": "Mr. Harish  Singh", "age": 40, "title": "Exec. of Fin. & Accounting", "yearBorn": 1980, "exercisedValue": 0, "unexercisedValue": 0}], "compensationAsOfEpochDate": "2020-12-31 05:30:00", "maxAge": 86400}, "cashflowStatementHistory": {"cashflowStatements": [{"maxAge": 1, "endDate": "2020-03-31", "netIncome": -80401000, "depreciation": 3626000, "changeToNetincome": 75366000, "changeToLiabilities": 2274000, "changeToInventory": -28923000, "changeToOperatingActivities": 59220000, "totalCashFromOperatingActivities": 31223000, "capitalExpenditures": -2379000, "investments": -36290000, "otherCashflowsFromInvestingActivities": 23011000, "totalCashflowsFromInvestingActivities": -910000, "netBorrowings": 30500000, "totalCashFromFinancingActivities": 30500000, "changeInCash": 60813000}, {"maxAge": 1, "endDate": "2019-03-31", "netIncome": -40595000, "depreciation": 3630000, "changeToNetincome": 341000, "changeToAccountReceivables": 59000, "changeToLiabilities": -6823000, "changeToInventory": 168651000, "changeToOperatingActivities": -130923000, "totalCashFromOperatingActivities": -5660000, "capitalExpenditures": -50000, "investments": 55780000, "otherCashflowsFromInvestingActivities": -162019000, "totalCashflowsFromInvestingActivities": -29644000, "netBorrowings": 500000, "totalCashFromFinancingActivities": 500000, "changeInCash": -34804000}, {"maxAge": 1, "endDate": "2018-03-31", "netIncome": -52051000, "depreciation": 4971000, "changeToNetincome": 39531000, "changeToAccountReceivables": 78442000, "changeToLiabilities": -70602000, "changeToInventory": 424834000, "changeToOperatingActivities": 262154000, "totalCashFromOperatingActivities": 687320000, "capitalExpenditures": -2983000, "investments": 33957000, "otherCashflowsFromInvestingActivities": 7300000, "totalCashflowsFromInvestingActivities": 93390000, "netBorrowings": -701434000, "otherCashflowsFromFinancingActivities": -50931000, "totalCashFromFinancingActivities": -752365000, "changeInCash": 28345000}, {"maxAge": 1, "endDate": "2017-03-31", "netIncome": 12664000, "depreciation": 5653000, "changeToNetincome": 45480000, "changeToAccountReceivables": -74227000, "changeToLiabilities": 65910000, "changeToInventory": -483973000, "changeToOperatingActivities": -26439000, "totalCashFromOperatingActivities": -454891000, "capitalExpenditures": -46750000, "investments": 164520000, "otherCashflowsFromInvestingActivities": 18203000, "totalCashflowsFromInvestingActivities": 140585000, "netBorrowings": 329734000, "otherCashflowsFromFinancingActivities": -63982000, "totalCashFromFinancingActivities": 265752000, "changeInCash": -48554000}], "maxAge": 86400}, "institutionOwnership": {"maxAge": 1, "ownershipList": []}, "majorHoldersBreakdown": {"maxAge": 1, "insidersPercentHeld": 0.92489, "institutionsPercentHeld": 0.0, "institutionsFloatPercentHeld": 0.0, "institutionsCount": 0}, "balanceSheetHistoryQuarterly": {"balanceSheetStatements": [{"maxAge": 1, "endDate": "2020-12-31", "totalStockholderEquity": 775300000, "netTangibleAssets": 774900000}, {"maxAge": 1, "endDate": "2020-09-30", "cash": 256600000, "netReceivables": 21600000, "inventory": 22600000, "otherCurrentAssets": 7500000, "totalCurrentAssets": 308300000, "longTermInvestments": 99500000, "propertyPlantEquipment": 118500000, "intangibleAssets": 400000, "otherAssets": 358300000, "deferredLongTermAssetCharges": 58800000, "totalAssets": 885000000, "accountsPayable": 7900000, "otherCurrentLiab": 3100000, "totalCurrentLiabilities": 109700000, "totalLiab": 109700000, "commonStock": 52900000, "treasuryStock": 722400000, "otherStockholderEquity": 722400000, "totalStockholderEquity": 775300000, "netTangibleAssets": 774900000}, {"maxAge": 1, "endDate": "2020-06-30", "totalStockholderEquity": 768000000, "netTangibleAssets": 767600000}, {"maxAge": 1, "endDate": "2020-03-31", "cash": 115457000, "netReceivables": 13352000, "otherCurrentAssets": 350152000, "totalCurrentAssets": 519452000, "longTermInvestments": 14284000, "propertyPlantEquipment": 119885000, "intangibleAssets": 445000, "otherAssets": 369694000, "deferredLongTermAssetCharges": 67004000, "totalAssets": 1023760000, "otherCurrentLiab": 174000, "totalCurrentLiabilities": 255838000, "totalLiab": 255838000, "commonStock": 52865000, "retainedEarnings": 601349000, "treasuryStock": 88661000, "capitalSurplus": 25047000, "otherStockholderEquity": 88661000, "totalStockholderEquity": 767922000, "netTangibleAssets": 767477000}], "maxAge": 86400}, "indexTrend": {"maxAge": 1, "symbol": "SP5", "peRatio": 19.7411, "pegRatio": 1.34172, "estimates": [{"period": "0q", "growth": 0.549}, {"period": "+1q", "growth": 0.431}, {"period": "0y", "growth": 0.305}, {"period": "+1y", "growth": 0.109}, {"period": "+5y", "growth": 0.120865}, {"period": "-5y"}]}, "defaultKeyStatistics": {"maxAge": 1, "priceHint": 2, "enterpriseValue": 153677776, "profitMargins": 0.00097000005, "floatShares": 2144622, "sharesOutstanding": 52865300, "heldPercentInsiders": 0.92489, "heldPercentInstitutions": 0.0, "beta": 0.154865, "category": null, "bookValue": 14.313, "priceToBook": 0.41919935, "fundFamily": null, "legalType": null, "lastFiscalYearEnd": "2020-03-31 05:30:00", "nextFiscalYearEnd": "2022-03-31 05:30:00", "mostRecentQuarter": "2020-12-31 05:30:00", "netIncomeToCommon": 6399000, "trailingEps": 0.131, "lastSplitFactor": "10:1", "lastSplitDate": "2000-05-18 05:30:00", "enterpriseToRevenue": 0.023, "52WeekChange": 0.7647059, "SandP52WeekChange": 0.48148263, "lastDividendValue": 0.1, "lastDividendDate": 1374192000}, "summaryProfile": {"address1": "H. No. 4760-61/23", "address2": "3rd Floor Ansari Road Darya Ganj", "city": "New Delhi", "zip": "110002", "country": "India", "phone": "91 11 4932 5600", "website": "http://www.blblimited.com", "industry": "Capital Markets", "sector": "Financial Services", "longBusinessSummary": "BLB Limited provides securities brokerage services in India. It trades and invests in shares, securities, and commodities. The company was founded in 1965 and is based in New Delhi, India.", "fullTimeEmployees": 31, "companyOfficers": [], "maxAge": 86400}, "netSharePurchaseActivity": {"maxAge": 1, "period": "6m", "buyInfoCount": 0, "buyInfoShares": 0, "sellInfoCount": 0, "netInfoCount": 0, "netInfoShares": 0, "netPercentInsiderShares": 0.0, "totalInsiderShares": 47272156}, "insiderTransactions": {"transactions": [{"maxAge": 1, "shares": 2208, "value": 217, "filerUrl": "", "transactionText": "Acquisition at price 0.10 per share.", "filerName": "Bagri (Brij Rattan)", "filerRelation": "Director", "moneyText": "", "startDate": "2021-03-24", "ownership": "D"}, {"maxAge": 1, "shares": 10080, "value": 978, "filerUrl": "", "transactionText": "Sale at price 0.10 per share.", "filerName": "Bagri (Brij Rattan)", "filerRelation": "Director", "moneyText": "", "startDate": "2021-03-24", "ownership": "D"}, {"maxAge": 1, "shares": 49544, "value": 4766, "filerUrl": "", "transactionText": "Acquisition at price 0.10 per share.", "filerName": "Bagri (Brij Rattan)", "filerRelation": "Director", "moneyText": "", "startDate": "2021-03-23", "ownership": "D"}, {"maxAge": 1, "shares": 73168, "value": 6548, "filerUrl": "", "transactionText": "Acquisition at price 0.09 per share.", "filerName": "Bagri (Brij Rattan)", "filerRelation": "Director", "moneyText": "", "startDate": "2021-03-22", "ownership": "D"}, {"maxAge": 1, "shares": 71373, "value": 6380, "filerUrl": "", "transactionText": "Acquisition at price 0.09 per share.", "filerName": "Bagri (Brij Rattan)", "filerRelation": "Director", "moneyText": "", "startDate": "2021-03-18", "ownership": "D"}, {"maxAge": 1, "shares": 50000, "value": 4375, "filerUrl": "", "transactionText": "Acquisition at price 0.09 per share.", "filerName": "Bagri (Brij Rattan)", "filerRelation": "Promoter", "moneyText": "", "startDate": "2021-03-17", "ownership": "D"}, {"maxAge": 1, "shares": 60000, "value": 5298, "filerUrl": "", "transactionText": "Acquisition at price 0.09 per share.", "filerName": "Bagri (Brij Rattan)", "filerRelation": "Director", "moneyText": "", "startDate": "2021-03-15", "ownership": "D"}, {"maxAge": 1, "shares": 245, "value": 22, "filerUrl": "", "transactionText": "Acquisition at price 0.09 per share.", "filerName": "Bagri (Brij Rattan)", "filerRelation": "Director", "moneyText": "", "startDate": "2021-03-08", "ownership": "D"}, {"maxAge": 1, "shares": 115631, "value": 10973, "filerUrl": "", "transactionText": "Acquisition at price 0.09 per share.", "filerName": "Bagri (Brij Rattan)", "filerRelation": "Director", "moneyText": "", "startDate": "2021-03-05", "ownership": "D"}, {"maxAge": 1, "shares": 89818, "value": 8074, "filerUrl": "", "transactionText": "Acquisition at price 0.09 per share.", "filerName": "Bagri (Brij Rattan)", "filerRelation": "Director", "moneyText": "", "startDate": "2021-03-04", "ownership": "D"}, {"maxAge": 1, "shares": 15009, "value": 1265, "filerUrl": "", "transactionText": "Acquisition at price 0.08 per share.", "filerName": "Bagri (Brij Rattan)", "filerRelation": "Non Executive Chairman", "moneyText": "", "startDate": "2021-03-03", "ownership": "D"}, {"maxAge": 1, "shares": 265000, "value": 18974, "filerUrl": "", "transactionText": "Acquisition at price 0.07 per share.", "filerName": "Bagri (Brij Rattan)", "filerRelation": "Non Executive Chairman", "moneyText": "", "startDate": "2021-03-01", "ownership": "D"}, {"maxAge": 1, "shares": 2636, "value": 210, "filerUrl": "", "transactionText": "Acquisition at price 0.08 per share.", "filerName": "Bagri (Brij Rattan)", "filerRelation": "Non Executive Chairman", "moneyText": "", "startDate": "2020-09-09", "ownership": "D"}, {"maxAge": 1, "shares": 27819, "value": 2336, "filerUrl": "", "transactionText": "Acquisition at price 0.08 per share.", "filerName": "Bagri (Brij Rattan)", "filerRelation": "Promoter", "moneyText": "", "startDate": "2020-09-08", "ownership": "D"}, {"maxAge": 1, "shares": 3610, "value": 29491, "filerUrl": "", "transactionText": "Acquisition at price 8.17 per share.", "filerName": "Bagri (Brij Rattan)", "filerRelation": "Promoter", "moneyText": "", "startDate": "2020-09-07", "ownership": "D"}, {"maxAge": 1, "shares": 161488, "value": 13758, "filerUrl": "", "transactionText": "Other at price 0.09 per share.", "filerName": "Bagri (Brij Rattan)", "filerRelation": "Non Executive Chairman", "moneyText": "", "startDate": "2020-09-04", "ownership": "D"}, {"maxAge": 1, "shares": 24447, "value": 2163, "filerUrl": "", "transactionText": "Other at price 0.09 per share.", "filerName": "Bagri (Brij Rattan)", "filerRelation": "Non Executive Chairman", "moneyText": "", "startDate": "2020-09-03", "ownership": "D"}, {"maxAge": 1, "shares": 28340, "value": 2374, "filerUrl": "", "transactionText": "Other at price 0.08 per share.", "filerName": "Bagri (Brij Rattan)", "filerRelation": "Non Executive Chairman", "moneyText": "", "startDate": "2020-09-02", "ownership": "D"}, {"maxAge": 1, "shares": 48334, "value": 3895, "filerUrl": "", "transactionText": "Acquisition at price 0.08 per share.", "filerName": "Bagri (Brij Rattan)", "filerRelation": "Promoter", "moneyText": "", "startDate": "2020-09-01", "ownership": "D"}, {"maxAge": 1, "shares": 377586, "value": 29678, "filerUrl": "", "transactionText": "Acquisition at price 0.08 per share.", "filerName": "Bagri (Brij Rattan)", "filerRelation": "Promoter", "moneyText": "", "startDate": "2020-08-31", "ownership": "D"}, {"maxAge": 1, "shares": 191053, "value": 15207, "filerUrl": "", "transactionText": "Acquisition at price 0.08 per share.", "filerName": "Bagri (Brij Rattan)", "filerRelation": "Promoter", "moneyText": "", "startDate": "2020-08-28", "ownership": "D"}], "maxAge": 1}, "quoteType": {"exchange": "NSI", "quoteType": "EQUITY", "symbol": "BLBLIMITED.NS", "underlyingSymbol": "BLBLIMITED.NS", "shortName": "BLB", "longName": "BLB Limited", "firstTradeDateEpochUtc": "2002-08-12 09:15:00", "timeZoneFullName": "Asia/Kolkata", "timeZoneShortName": "IST", "uuid": "bd59a4dd-e500-3437-9b8d-d9757fc23148", "messageBoardId": "finmb_20387279", "gmtOffSetMilliseconds": 19800000, "maxAge": 1}, "incomeStatementHistory": {"incomeStatementHistory": [{"maxAge": 1, "endDate": "2020-03-31", "totalRevenue": 2014563000, "costOfRevenue": 1955123000, "grossProfit": 59440000, "researchDevelopment": {}, "sellingGeneralAdministrative": 14285000, "nonRecurring": {}, "otherOperatingExpenses": 33042000, "totalOperatingExpenses": 2005564000, "operatingIncome": 8999000, "totalOtherIncomeExpenseNet": -126504000, "ebit": 0, "interestExpense": {}, "incomeBeforeTax": -117505000, "incomeTaxExpense": -37104000, "minorityInterest": {}, "netIncomeFromContinuingOps": -80401000, "discontinuedOperations": {}, "extraordinaryItems": {}, "effectOfAccountingCharges": {}, "otherItems": {}, "netIncome": -80401000, "netIncomeApplicableToCommonShares": -80401000}, {"maxAge": 1, "endDate": "2019-03-31", "totalRevenue": 1929576000, "costOfRevenue": 1927571000, "grossProfit": 2005000, "researchDevelopment": {}, "sellingGeneralAdministrative": 19228000, "nonRecurring": {}, "otherOperatingExpenses": 15306000, "totalOperatingExpenses": 1964852000, "operatingIncome": -35276000, "totalOtherIncomeExpenseNet": 6593000, "ebit": 0, "interestExpense": {}, "incomeBeforeTax": -28683000, "incomeTaxExpense": 11912000, "minorityInterest": {}, "netIncomeFromContinuingOps": -40595000, "discontinuedOperations": {}, "extraordinaryItems": {}, "effectOfAccountingCharges": {}, "otherItems": {}, "netIncome": -40595000, "netIncomeApplicableToCommonShares": -40595000}, {"maxAge": 1, "endDate": "2018-03-31", "totalRevenue": 5138094000, "costOfRevenue": 5030794000, "grossProfit": 107300000, "researchDevelopment": {}, "sellingGeneralAdministrative": 25484000, "nonRecurring": {}, "otherOperatingExpenses": 123822000, "totalOperatingExpenses": 5185112000, "operatingIncome": -47018000, "totalOtherIncomeExpenseNet": -9508000, "ebit": 0, "interestExpense": {}, "incomeBeforeTax": -56526000, "incomeTaxExpense": -4475000, "minorityInterest": {}, "netIncomeFromContinuingOps": -52051000, "discontinuedOperations": {}, "extraordinaryItems": {}, "effectOfAccountingCharges": {}, "otherItems": {}, "netIncome": -52051000, "netIncomeApplicableToCommonShares": -52051000}, {"maxAge": 1, "endDate": "2017-03-31", "totalRevenue": 4591723000, "costOfRevenue": 4353336000, "grossProfit": 238387000, "researchDevelopment": {}, "sellingGeneralAdministrative": 49257000, "nonRecurring": {}, "otherOperatingExpenses": 171790000, "totalOperatingExpenses": 4578194000, "operatingIncome": 13529000, "totalOtherIncomeExpenseNet": -1458000, "ebit": 0, "interestExpense": {}, "incomeBeforeTax": 12071000, "incomeTaxExpense": -593000, "minorityInterest": {}, "netIncomeFromContinuingOps": 12664000, "discontinuedOperations": {}, "extraordinaryItems": {}, "effectOfAccountingCharges": {}, "otherItems": {}, "netIncome": 12664000, "netIncomeApplicableToCommonShares": 12664000}], "maxAge": 86400}, "fundOwnership": {"maxAge": 1, "ownershipList": []}, "summaryDetail": {"maxAge": 1, "priceHint": 2, "previousClose": 6.1, "open": 6.2, "dayLow": 6.0, "dayHigh": 6.2, "regularMarketPreviousClose": 6.1, "regularMarketOpen": 6.2, "regularMarketDayLow": 6.0, "regularMarketDayHigh": 6.2, "exDividendDate": "2013-07-19 05:30:00", "payoutRatio": 0.0, "beta": 0.154865, "trailingPE": 45.80153, "volume": 3754, "regularMarketVolume": 3754, "averageVolume": 36585, "averageVolume10days": 5696, "averageDailyVolume10Day": 5696, "bid": 0.0, "ask": 0.0, "bidSize": 0, "askSize": 0, "marketCap": 314591392, "fiftyTwoWeekLow": 2.95, "fiftyTwoWeekHigh": 7.4, "priceToSalesTrailing12Months": 0.047822867, "fiftyDayAverage": 6.212121, "twoHundredDayAverage": 5.628014, "currency": "INR", "fromCurrency": null, "toCurrency": null, "lastMarket": null, "algorithm": null, "tradeable": false}, "incomeStatementHistoryQuarterly": {"incomeStatementHistory": [{"maxAge": 1, "endDate": "2020-12-31", "totalRevenue": 1021800000, "costOfRevenue": 1000800000, "grossProfit": 21000000, "researchDevelopment": {}, "sellingGeneralAdministrative": 3100000, "nonRecurring": {}, "otherOperatingExpenses": 5200000, "totalOperatingExpenses": 1009900000, "operatingIncome": 11900000, "totalOtherIncomeExpenseNet": 600000, "ebit": 0, "interestExpense": {}, "incomeBeforeTax": 12500000, "incomeTaxExpense": 17100000, "minorityInterest": {}, "netIncomeFromContinuingOps": -4600000, "discontinuedOperations": {}, "extraordinaryItems": {}, "effectOfAccountingCharges": {}, "otherItems": {}, "netIncome": -4600000, "netIncomeApplicableToCommonShares": -4600000}, {"maxAge": 1, "endDate": "2020-09-30", "totalRevenue": 2261500000, "costOfRevenue": 2244000000, "grossProfit": 17500000, "researchDevelopment": {}, "sellingGeneralAdministrative": 3000000, "nonRecurring": {}, "otherOperatingExpenses": 8100000, "totalOperatingExpenses": 2255800000, "operatingIncome": 5700000, "totalOtherIncomeExpenseNet": 300000, "ebit": 0, "interestExpense": {}, "incomeBeforeTax": 6000000, "incomeTaxExpense": 900000, "minorityInterest": {}, "netIncomeFromContinuingOps": 5100000, "discontinuedOperations": {}, "extraordinaryItems": {}, "effectOfAccountingCharges": {}, "otherItems": {}, "netIncome": 5100000, "netIncomeApplicableToCommonShares": 5100000}, {"maxAge": 1, "endDate": "2020-06-30", "totalRevenue": 1762900000, "costOfRevenue": 1730600000, "grossProfit": 32300000, "researchDevelopment": {}, "sellingGeneralAdministrative": 2700000, "nonRecurring": {}, "otherOperatingExpenses": 17300000, "totalOperatingExpenses": 1751400000, "operatingIncome": 11500000, "totalOtherIncomeExpenseNet": 100000, "ebit": 0, "interestExpense": {}, "incomeBeforeTax": 11600000, "incomeTaxExpense": 10200000, "minorityInterest": {}, "netIncomeFromContinuingOps": 1400000, "discontinuedOperations": {}, "extraordinaryItems": {}, "effectOfAccountingCharges": {}, "otherItems": {}, "netIncome": 1400000, "netIncomeApplicableToCommonShares": 1400000}, {"maxAge": 1, "endDate": "2020-03-31", "totalRevenue": 1532063000, "costOfRevenue": 1490023000, "grossProfit": 42040000, "researchDevelopment": {}, "sellingGeneralAdministrative": 3685000, "nonRecurring": {}, "otherOperatingExpenses": 23142000, "totalOperatingExpenses": 1517264000, "operatingIncome": 14799000, "totalOtherIncomeExpenseNet": -43504000, "ebit": 0, "interestExpense": {}, "incomeBeforeTax": -28705000, "incomeTaxExpense": -33204000, "minorityInterest": {}, "netIncomeFromContinuingOps": 4499000, "discontinuedOperations": {}, "extraordinaryItems": {}, "effectOfAccountingCharges": {}, "otherItems": {}, "netIncome": 4499000, "netIncomeApplicableToCommonShares": 4499000}], "maxAge": 86400}, "cashflowStatementHistoryQuarterly": {"cashflowStatements": [{"maxAge": 1, "endDate": "2020-12-31", "netIncome": -4600000, "changeToLiabilities": 0}, {"maxAge": 1, "endDate": "2020-09-30", "netIncome": 5100000, "changeToLiabilities": 0}, {"maxAge": 1, "endDate": "2020-06-30", "netIncome": 1400000, "changeToLiabilities": 0}, {"maxAge": 1, "endDate": "2020-03-31", "netIncome": 4499000, "changeToLiabilities": 0}], "maxAge": 86400}, "insiderHolders": {"holders": [{"maxAge": 1, "name": "Bagri (Brij Rattan)", "relation": "Director", "url": "", "transactionDescription": "Acquisition", "latestTransDate": "2021-03-24", "positionDirect": 33976879, "positionDirectDate": "2021-03-24"}], "maxAge": 1}, "calendarEvents": {"maxAge": 1, "earnings": {"earningsDate": []}, "exDividendDate": "2013-07-19 05:30:00"}, "price": {"maxAge": 1, "regularMarketChangePercent": -0.016393427, "regularMarketChange": -0.099999905, "regularMarketTime": "2021-04-30 15:29:39", "priceHint": 2, "regularMarketPrice": 6.0, "regularMarketDayHigh": 6.2, "regularMarketDayLow": 6.0, "regularMarketVolume": 3754, "averageDailyVolume10Day": 5696, "averageDailyVolume3Month": 36585, "regularMarketPreviousClose": 6.1, "regularMarketSource": "FREE_REALTIME", "regularMarketOpen": 6.2, "exchange": "NSI", "exchangeName": "NSE", "exchangeDataDelayedBy": 15, "marketState": "CLOSED", "quoteType": "EQUITY", "symbol": "BLBLIMITED.NS", "underlyingSymbol": null, "shortName": "BLB", "longName": "BLB Limited", "currency": "INR", "quoteSourceName": "Delayed Quote", "currencySymbol": "\u20b9", "fromCurrency": null, "toCurrency": null, "lastMarket": null, "marketCap": 314591392}, "balanceSheetHistory": {"balanceSheetStatements": [{"maxAge": 1, "endDate": "2020-03-31", "cash": 115457000, "netReceivables": 13352000, "otherCurrentAssets": 350152000, "totalCurrentAssets": 519452000, "longTermInvestments": 14284000, "propertyPlantEquipment": 119885000, "intangibleAssets": 445000, "otherAssets": 369694000, "deferredLongTermAssetCharges": 67004000, "totalAssets": 1023760000, "otherCurrentLiab": 174000, "totalCurrentLiabilities": 255838000, "totalLiab": 255838000, "commonStock": 52865000, "retainedEarnings": 601349000, "treasuryStock": 88661000, "capitalSurplus": 25047000, "otherStockholderEquity": 88661000, "totalStockholderEquity": 767922000, "netTangibleAssets": 767477000}, {"maxAge": 1, "endDate": "2019-03-31", "cash": 17407000, "netReceivables": 119256000, "otherCurrentAssets": 328993000, "totalCurrentAssets": 477224000, "longTermInvestments": 24061000, "propertyPlantEquipment": 169277000, "intangibleAssets": 312000, "otherAssets": 320167000, "deferredLongTermAssetCharges": 29975000, "totalAssets": 991041000, "otherCurrentLiab": 348000, "totalCurrentLiabilities": 133576000, "totalLiab": 133576000, "commonStock": 52865000, "retainedEarnings": 681750000, "treasuryStock": 97803000, "capitalSurplus": 25047000, "otherStockholderEquity": 97803000, "totalStockholderEquity": 857465000, "netTangibleAssets": 857153000}, {"maxAge": 1, "endDate": "2018-03-31", "cash": 50458000, "netReceivables": 96941000, "otherCurrentAssets": 56565000, "totalCurrentAssets": 443882000, "longTermInvestments": 16848000, "propertyPlantEquipment": 241824000, "intangibleAssets": 313000, "otherAssets": 340570000, "deferredLongTermAssetCharges": 43098000, "totalAssets": 1043437000, "accountsPayable": 5716000, "otherCurrentLiab": 10505000, "totalCurrentLiabilities": 148714000, "totalLiab": 148714000, "commonStock": 52865000, "retainedEarnings": 715873000, "treasuryStock": 100938000, "capitalSurplus": 25047000, "otherStockholderEquity": 100938000, "totalStockholderEquity": 894723000, "netTangibleAssets": 894410000}, {"maxAge": 1, "endDate": "2017-03-31", "cash": 23752000, "netReceivables": 194150000, "inventory": 555423000, "otherCurrentAssets": 459128000, "totalCurrentAssets": 1282917000, "longTermInvestments": 10743000, "propertyPlantEquipment": 306625000, "intangibleAssets": 367000, "otherAssets": 262455000, "deferredLongTermAssetCharges": 37117000, "totalAssets": 1863107000, "accountsPayable": 69256000, "otherCurrentLiab": 7059000, "totalCurrentLiabilities": 914799000, "totalLiab": 914799000, "commonStock": 52865000, "retainedEarnings": 769458000, "treasuryStock": 100938000, "capitalSurplus": 25047000, "otherStockholderEquity": 100938000, "totalStockholderEquity": 948308000, "netTangibleAssets": 947941000}], "maxAge": 86400}, "financialData": {"maxAge": 86400, "currentPrice": 6.0, "recommendationKey": "none", "totalCash": 256600000, "totalCashPerShare": 5.02, "totalDebt": 98500000, "totalRevenue": 6578263040, "debtToEquity": 12.705, "revenuePerShare": 135.096, "grossProfits": 59440000, "revenueGrowth": 1.868, "grossMargins": 0.01715, "ebitdaMargins": 0.0, "operatingMargins": 0.00667, "profitMargins": 0.00097000005, "financialCurrency": "INR"}}}