{"BLBLIMITED.BO": {"cashflowStatementHistory": {"cashflowStatements": [{"maxAge": 1, "endDate": "2020-03-31", "netIncome": -80401000, "depreciation": 3626000, "changeToNetincome": 75366000, "changeToLiabilities": 2274000, "changeToInventory": -28923000, "changeToOperatingActivities": 59220000, "totalCashFromOperatingActivities": 31223000, "capitalExpenditures": -2379000, "investments": -36290000, "otherCashflowsFromInvestingActivities": 23011000, "totalCashflowsFromInvestingActivities": -910000, "netBorrowings": 30500000, "totalCashFromFinancingActivities": 30500000, "changeInCash": 60813000}, {"maxAge": 1, "endDate": "2019-03-31", "netIncome": -40595000, "depreciation": 3630000, "changeToNetincome": 341000, "changeToAccountReceivables": 59000, "changeToLiabilities": -6823000, "changeToInventory": 168651000, "changeToOperatingActivities": -130923000, "totalCashFromOperatingActivities": -5660000, "capitalExpenditures": -50000, "investments": 55780000, "otherCashflowsFromInvestingActivities": -162019000, "totalCashflowsFromInvestingActivities": -29644000, "netBorrowings": 500000, "totalCashFromFinancingActivities": 500000, "changeInCash": -34804000}, {"maxAge": 1, "endDate": "2018-03-31", "netIncome": -52051000, "depreciation": 4971000, "changeToNetincome": 39531000, "changeToAccountReceivables": 78442000, "changeToLiabilities": -70602000, "changeToInventory": 424834000, "changeToOperatingActivities": 262154000, "totalCashFromOperatingActivities": 687320000, "capitalExpenditures": -2983000, "investments": 33957000, "otherCashflowsFromInvestingActivities": 7300000, "totalCashflowsFromInvestingActivities": 93390000, "netBorrowings": -701434000, "otherCashflowsFromFinancingActivities": -50931000, "totalCashFromFinancingActivities": -752365000, "changeInCash": 28345000}, {"maxAge": 1, "endDate": "2017-03-31", "netIncome": 12664000, "depreciation": 5653000, "changeToNetincome": 45480000, "changeToAccountReceivables": -74227000, "changeToLiabilities": 65910000, "changeToInventory": -483973000, "changeToOperatingActivities": -26439000, "totalCashFromOperatingActivities": -454891000, "capitalExpenditures": -46750000, "investments": 164520000, "otherCashflowsFromInvestingActivities": 18203000, "totalCashflowsFromInvestingActivities": 140585000, "netBorrowings": 329734000, "otherCashflowsFromFinancingActivities": -63982000, "totalCashFromFinancingActivities": 265752000, "changeInCash": -48554000}], "maxAge": 86400}, "institutionOwnership": {"maxAge": 1, "ownershipList": []}, "balanceSheetHistoryQuarterly": {"balanceSheetStatements": [{"maxAge": 1, "endDate": "2020-06-30", "totalStockholderEquity": 768000000, "netTangibleAssets": 767600000}, {"maxAge": 1, "endDate": "2020-03-31", "cash": 115457000, "netReceivables": 13352000, "otherCurrentAssets": 350152000, "totalCurrentAssets": 519452000, "longTermInvestments": 14284000, "propertyPlantEquipment": 119885000, "intangibleAssets": 445000, "otherAssets": 369694000, "deferredLongTermAssetCharges": 67004000, "totalAssets": 1023760000, "otherCurrentLiab": 174000, "totalCurrentLiabilities": 255838000, "totalLiab": 255838000, "commonStock": 52865000, "retainedEarnings": 601349000, "treasuryStock": 88661000, "capitalSurplus": 25047000, "otherStockholderEquity": 88661000, "totalStockholderEquity": 767922000, "netTangibleAssets": 767477000}, {"maxAge": 1, "endDate": "2019-12-31", "totalStockholderEquity": 760000000, "netTangibleAssets": 759700000}, {"maxAge": 1, "endDate": "2019-09-30", "cash": 245800000, "netReceivables": 22800000, "inventory": 29800000, "otherCurrentAssets": 9200000, "totalCurrentAssets": 307600000, "longTermInvestments": 92200000, "propertyPlantEquipment": 167000000, "intangibleAssets": 300000, "otherAssets": 340300000, "deferredLongTermAssetCharges": 35700000, "totalAssets": 907400000, "accountsPayable": 2200000, "otherCurrentLiab": 20700000, "totalCurrentLiabilities": 147400000, "totalLiab": 147400000, "commonStock": 52900000, "treasuryStock": 707100000, "otherStockholderEquity": 707100000, "totalStockholderEquity": 760000000, "netTangibleAssets": 759700000}], "maxAge": 86400}, "indexTrend": {"maxAge": 1, "symbol": "SP5", "peRatio": 19.7411, "pegRatio": 1.34172, "estimates": [{"period": "0q", "growth": 0.549}, {"period": "+1q", "growth": 0.431}, {"period": "0y", "growth": 0.305}, {"period": "+1y", "growth": 0.109}, {"period": "+5y", "growth": 0.120865}, {"period": "-5y"}]}, "insiderTransactions": {"transactions": [{"maxAge": 1, "shares": 2636, "value": 210, "filerUrl": "", "transactionText": "Acquisition at price 0.08 per share.", "filerName": "Bagri (Brij Rattan)", "filerRelation": "Non Executive Chairman", "moneyText": "", "startDate": "2020-09-09", "ownership": "D"}, {"maxAge": 1, "shares": 27819, "value": 2336, "filerUrl": "", "transactionText": "Acquisition at price 0.08 per share.", "filerName": "Bagri (Brij Rattan)", "filerRelation": "Promoter", "moneyText": "", "startDate": "2020-09-08", "ownership": "D"}, {"maxAge": 1, "shares": 3610, "value": 29491, "filerUrl": "", "transactionText": "Acquisition at price 8.17 per share.", "filerName": "Bagri (Brij Rattan)", "filerRelation": "Promoter", "moneyText": "", "startDate": "2020-09-07", "ownership": "D"}, {"maxAge": 1, "shares": 161488, "value": 13758, "filerUrl": "", "transactionText": "Other at price 0.09 per share.", "filerName": "Bagri (Brij Rattan)", "filerRelation": "Non Executive Chairman", "moneyText": "", "startDate": "2020-09-04", "ownership": "D"}, {"maxAge": 1, "shares": 24447, "value": 2163, "filerUrl": "", "transactionText": "Other at price 0.09 per share.", "filerName": "Bagri (Brij Rattan)", "filerRelation": "Non Executive Chairman", "moneyText": "", "startDate": "2020-09-03", "ownership": "D"}, {"maxAge": 1, "shares": 28340, "value": 2374, "filerUrl": "", "transactionText": "Other at price 0.08 per share.", "filerName": "Bagri (Brij Rattan)", "filerRelation": "Non Executive Chairman", "moneyText": "", "startDate": "2020-09-02", "ownership": "D"}, {"maxAge": 1, "shares": 48334, "value": 3895, "filerUrl": "", "transactionText": "Acquisition at price 0.08 per share.", "filerName": "Bagri (Brij Rattan)", "filerRelation": "Promoter", "moneyText": "", "startDate": "2020-09-01", "ownership": "D"}, {"maxAge": 1, "shares": 377586, "value": 29678, "filerUrl": "", "transactionText": "Acquisition at price 0.08 per share.", "filerName": "Bagri (Brij Rattan)", "filerRelation": "Promoter", "moneyText": "", "startDate": "2020-08-31", "ownership": "D"}, {"maxAge": 1, "shares": 191053, "value": 15207, "filerUrl": "", "transactionText": "Acquisition at price 0.08 per share.", "filerName": "Bagri (Brij Rattan)", "filerRelation": "Promoter", "moneyText": "", "startDate": "2020-08-28", "ownership": "D"}], "maxAge": 1}, "quoteType": {"exchange": "BSE", "quoteType": "EQUITY", "symbol": "BLBLIMITED.BO", "underlyingSymbol": "BLBLIMITED.BO", "shortName": "BLB LTD.", "longName": "BLB Limited", "firstTradeDateEpochUtc": "2000-06-01 09:15:00", "timeZoneFullName": "Asia/Kolkata", "timeZoneShortName": "IST", "uuid": "e8bd8b1e-e1b5-3038-86f9-0b8ec1fbc7b4", "messageBoardId": null, "gmtOffSetMilliseconds": 19800000, "maxAge": 1}, "incomeStatementHistory": {"incomeStatementHistory": [{"maxAge": 1, "endDate": "2020-03-31", "totalRevenue": 2014563000, "costOfRevenue": 1955123000, "grossProfit": 59440000, "researchDevelopment": {}, "sellingGeneralAdministrative": 14285000, "nonRecurring": {}, "otherOperatingExpenses": 33042000, "totalOperatingExpenses": 2005564000, "operatingIncome": 8999000, "totalOtherIncomeExpenseNet": -126504000, "ebit": 0, "interestExpense": {}, "incomeBeforeTax": -117505000, "incomeTaxExpense": -37104000, "minorityInterest": {}, "netIncomeFromContinuingOps": -80401000, "discontinuedOperations": {}, "extraordinaryItems": {}, "effectOfAccountingCharges": {}, "otherItems": {}, "netIncome": -80401000, "netIncomeApplicableToCommonShares": -80401000}, {"maxAge": 1, "endDate": "2019-03-31", "totalRevenue": 1929576000, "costOfRevenue": 1927571000, "grossProfit": 2005000, "researchDevelopment": {}, "sellingGeneralAdministrative": 19228000, "nonRecurring": {}, "otherOperatingExpenses": 15306000, "totalOperatingExpenses": 1964852000, "operatingIncome": -35276000, "totalOtherIncomeExpenseNet": 6593000, "ebit": 0, "interestExpense": {}, "incomeBeforeTax": -28683000, "incomeTaxExpense": 11912000, "minorityInterest": {}, "netIncomeFromContinuingOps": -40595000, "discontinuedOperations": {}, "extraordinaryItems": {}, "effectOfAccountingCharges": {}, "otherItems": {}, "netIncome": -40595000, "netIncomeApplicableToCommonShares": -40595000}, {"maxAge": 1, "endDate": "2018-03-31", "totalRevenue": 5138094000, "costOfRevenue": 5030794000, "grossProfit": 107300000, "researchDevelopment": {}, "sellingGeneralAdministrative": 25484000, "nonRecurring": {}, "otherOperatingExpenses": 123822000, "totalOperatingExpenses": 5185112000, "operatingIncome": -47018000, "totalOtherIncomeExpenseNet": -9508000, "ebit": 0, "interestExpense": {}, "incomeBeforeTax": -56526000, "incomeTaxExpense": -4475000, "minorityInterest": {}, "netIncomeFromContinuingOps": -52051000, "discontinuedOperations": {}, "extraordinaryItems": {}, "effectOfAccountingCharges": {}, "otherItems": {}, "netIncome": -52051000, "netIncomeApplicableToCommonShares": -52051000}, {"maxAge": 1, "endDate": "2017-03-31", "totalRevenue": 4591723000, "costOfRevenue": 4353336000, "grossProfit": 238387000, "researchDevelopment": {}, "sellingGeneralAdministrative": 49257000, "nonRecurring": {}, "otherOperatingExpenses": 171790000, "totalOperatingExpenses": 4578194000, "operatingIncome": 13529000, "totalOtherIncomeExpenseNet": -1458000, "ebit": 0, "interestExpense": {}, "incomeBeforeTax": 12071000, "incomeTaxExpense": -593000, "minorityInterest": {}, "netIncomeFromContinuingOps": 12664000, "discontinuedOperations": {}, "extraordinaryItems": {}, "effectOfAccountingCharges": {}, "otherItems": {}, "netIncome": 12664000, "netIncomeApplicableToCommonShares": 12664000}], "maxAge": 86400}, "fundOwnership": {"maxAge": 1, "ownershipList": []}, "summaryDetail": {"maxAge": 1, "priceHint": 2, "previousClose": 6.05, "open": 6.27, "dayLow": 5.96, "dayHigh": 6.27, "regularMarketPreviousClose": 6.05, "regularMarketOpen": 6.27, "regularMarketDayLow": 5.96, "regularMarketDayHigh": 6.27, "volume": 27, "regularMarketVolume": 27, "averageVolume": 5015, "averageVolume10days": 10443, "averageDailyVolume10Day": 10443, "bid": 5.95, "ask": 6.22, "bidSize": 0, "askSize": 0, "marketCap": 328822144, "fiftyTwoWeekLow": 2.81, "fiftyTwoWeekHigh": 7.44, "fiftyDayAverage": 5.503143, "twoHundredDayAverage": 5.416642, "currency": "INR", "fromCurrency": null, "toCurrency": null, "lastMarket": null, "algorithm": null, "tradeable": false}, "incomeStatementHistoryQuarterly": {"incomeStatementHistory": [{"maxAge": 1, "endDate": "2020-06-30", "totalRevenue": 1762900000, "costOfRevenue": 1730600000, "grossProfit": 32300000, "researchDevelopment": {}, "sellingGeneralAdministrative": 2700000, "nonRecurring": {}, "otherOperatingExpenses": 17300000, "totalOperatingExpenses": 1751400000, "operatingIncome": 11500000, "totalOtherIncomeExpenseNet": 100000, "ebit": 0, "interestExpense": {}, "incomeBeforeTax": 11600000, "incomeTaxExpense": 10200000, "minorityInterest": {}, "netIncomeFromContinuingOps": 1400000, "discontinuedOperations": {}, "extraordinaryItems": {}, "effectOfAccountingCharges": {}, "otherItems": {}, "netIncome": 1400000, "netIncomeApplicableToCommonShares": 1400000}, {"maxAge": 1, "endDate": "2020-03-31", "totalRevenue": 1532063000, "costOfRevenue": 1490023000, "grossProfit": 42040000, "researchDevelopment": {}, "sellingGeneralAdministrative": 3685000, "nonRecurring": {}, "otherOperatingExpenses": 23142000, "totalOperatingExpenses": 1517264000, "operatingIncome": 14799000, "totalOtherIncomeExpenseNet": -43504000, "ebit": 0, "interestExpense": {}, "incomeBeforeTax": -28705000, "incomeTaxExpense": -33204000, "minorityInterest": {}, "netIncomeFromContinuingOps": 4499000, "discontinuedOperations": {}, "extraordinaryItems": {}, "effectOfAccountingCharges": {}, "otherItems": {}, "netIncome": 4499000, "netIncomeApplicableToCommonShares": 4499000}, {"maxAge": 1, "endDate": "2019-12-31", "totalRevenue": 356300000, "costOfRevenue": 341000000, "grossProfit": 15300000, "researchDevelopment": {}, "sellingGeneralAdministrative": 3500000, "nonRecurring": {}, "otherOperatingExpenses": 3000000, "totalOperatingExpenses": 348600000, "operatingIncome": 7700000, "totalOtherIncomeExpenseNet": 1700000, "ebit": 0, "interestExpense": {}, "incomeBeforeTax": 9400000, "incomeTaxExpense": 1800000, "minorityInterest": {}, "netIncomeFromContinuingOps": 7600000, "discontinuedOperations": {}, "extraordinaryItems": {}, "effectOfAccountingCharges": {}, "otherItems": {}, "netIncome": 7600000, "netIncomeApplicableToCommonShares": 7600000}, {"maxAge": 1, "endDate": "2019-09-30", "totalRevenue": 25200000, "costOfRevenue": 25800000, "grossProfit": -600000, "researchDevelopment": {}, "sellingGeneralAdministrative": 3600000, "nonRecurring": {}, "otherOperatingExpenses": 3400000, "totalOperatingExpenses": 33600000, "operatingIncome": -8400000, "totalOtherIncomeExpenseNet": -85200000, "ebit": 0, "interestExpense": {}, "incomeBeforeTax": -93600000, "incomeTaxExpense": -5200000, "minorityInterest": {}, "netIncomeFromContinuingOps": -88400000, "discontinuedOperations": {}, "extraordinaryItems": {}, "effectOfAccountingCharges": {}, "otherItems": {}, "netIncome": -88400000, "netIncomeApplicableToCommonShares": -88400000}], "maxAge": 86400}, "cashflowStatementHistoryQuarterly": {"cashflowStatements": [{"maxAge": 1, "endDate": "2020-06-30", "netIncome": 1400000, "changeToLiabilities": 0}, {"maxAge": 1, "endDate": "2020-03-31", "netIncome": 4499000, "changeToLiabilities": 0}, {"maxAge": 1, "endDate": "2019-12-31", "netIncome": 7600000, "changeToLiabilities": 0}, {"maxAge": 1, "endDate": "2019-09-30", "netIncome": -88400000, "changeToLiabilities": 0}], "maxAge": 86400}, "insiderHolders": {"holders": [{"maxAge": 1, "name": "Bagri (Brij Rattan)", "relation": "Non Executive Chairman", "url": "", "transactionDescription": "Acquisition", "latestTransDate": "2020-09-09", "positionDirect": 33174803, "positionDirectDate": "2020-09-09"}], "maxAge": 1}, "calendarEvents": {"maxAge": 1, "earnings": {"earningsDate": []}}, "price": {"maxAge": 1, "regularMarketChangePercent": 0.028099108, "regularMarketChange": 0.1699996, "regularMarketTime": "2021-04-30 15:24:04", "priceHint": 2, "regularMarketPrice": 6.22, "regularMarketDayHigh": 6.27, "regularMarketDayLow": 5.96, "regularMarketVolume": 27, "averageDailyVolume10Day": 10443, "averageDailyVolume3Month": 5015, "regularMarketPreviousClose": 6.05, "regularMarketSource": "FREE_REALTIME", "regularMarketOpen": 6.27, "exchange": "BSE", "exchangeName": "BSE", "exchangeDataDelayedBy": 0, "marketState": "CLOSED", "quoteType": "EQUITY", "symbol": "BLBLIMITED.BO", "underlyingSymbol": null, "shortName": "BLB LTD.", "longName": "BLB Limited", "currency": "INR", "quoteSourceName": "Delayed Quote", "currencySymbol": "\u20b9", "fromCurrency": null, "toCurrency": null, "lastMarket": null, "marketCap": 328822144}, "balanceSheetHistory": {"balanceSheetStatements": [{"maxAge": 1, "endDate": "2020-03-31", "cash": 115457000, "netReceivables": 13352000, "otherCurrentAssets": 350152000, "totalCurrentAssets": 519452000, "longTermInvestments": 14284000, "propertyPlantEquipment": 119885000, "intangibleAssets": 445000, "otherAssets": 369694000, "deferredLongTermAssetCharges": 67004000, "totalAssets": 1023760000, "otherCurrentLiab": 174000, "totalCurrentLiabilities": 255838000, "totalLiab": 255838000, "commonStock": 52865000, "retainedEarnings": 601349000, "treasuryStock": 88661000, "capitalSurplus": 25047000, "otherStockholderEquity": 88661000, "totalStockholderEquity": 767922000, "netTangibleAssets": 767477000}, {"maxAge": 1, "endDate": "2019-03-31", "cash": 17407000, "netReceivables": 119256000, "otherCurrentAssets": 328993000, "totalCurrentAssets": 477224000, "longTermInvestments": 24061000, "propertyPlantEquipment": 169277000, "intangibleAssets": 312000, "otherAssets": 320167000, "deferredLongTermAssetCharges": 29975000, "totalAssets": 991041000, "otherCurrentLiab": 348000, "totalCurrentLiabilities": 133576000, "totalLiab": 133576000, "commonStock": 52865000, "retainedEarnings": 681750000, "treasuryStock": 97803000, "capitalSurplus": 25047000, "otherStockholderEquity": 97803000, "totalStockholderEquity": 857465000, "netTangibleAssets": 857153000}, {"maxAge": 1, "endDate": "2018-03-31", "cash": 50458000, "netReceivables": 96941000, "otherCurrentAssets": 56565000, "totalCurrentAssets": 443882000, "longTermInvestments": 16848000, "propertyPlantEquipment": 241824000, "intangibleAssets": 313000, "otherAssets": 340570000, "deferredLongTermAssetCharges": 43098000, "totalAssets": 1043437000, "accountsPayable": 5716000, "otherCurrentLiab": 10505000, "totalCurrentLiabilities": 148714000, "totalLiab": 148714000, "commonStock": 52865000, "retainedEarnings": 715873000, "treasuryStock": 100938000, "capitalSurplus": 25047000, "otherStockholderEquity": 100938000, "totalStockholderEquity": 894723000, "netTangibleAssets": 894410000}, {"maxAge": 1, "endDate": "2017-03-31", "cash": 23752000, "netReceivables": 194150000, "inventory": 555423000, "otherCurrentAssets": 459128000, "totalCurrentAssets": 1282917000, "longTermInvestments": 10743000, "propertyPlantEquipment": 306625000, "intangibleAssets": 367000, "otherAssets": 262455000, "deferredLongTermAssetCharges": 37117000, "totalAssets": 1863107000, "accountsPayable": 69256000, "otherCurrentLiab": 7059000, "totalCurrentLiabilities": 914799000, "totalLiab": 914799000, "commonStock": 52865000, "retainedEarnings": 769458000, "treasuryStock": 100938000, "capitalSurplus": 25047000, "otherStockholderEquity": 100938000, "totalStockholderEquity": 948308000, "netTangibleAssets": 947941000}], "maxAge": 86400}, "financialData": {"maxAge": 86400, "currentPrice": 6.22, "recommendationKey": "none", "grossProfits": 59440000, "financialCurrency": "INR"}}}