{"BLFL.BO": {"cashflowStatementHistory": {"cashflowStatements": [{"maxAge": 1, "endDate": "2020-03-31", "netIncome": 343000, "changeToNetincome": -189080, "changeToLiabilities": 0, "changeToOperatingActivities": -371818, "totalCashFromOperatingActivities": -217898, "netBorrowings": -6892185, "totalCashFromFinancingActivities": -6892185, "changeInCash": -7110083}, {"maxAge": 1, "endDate": "2019-03-31", "netIncome": 161636, "changeToNetincome": 343794, "changeToLiabilities": 0, "changeToOperatingActivities": 2081649, "totalCashFromOperatingActivities": 2587079, "netBorrowings": -6892185, "otherCashflowsFromFinancingActivities": 4652657, "totalCashFromFinancingActivities": 4652657, "changeInCash": 7239736}, {"maxAge": 1, "endDate": "2018-03-31", "netIncome": -277225, "changeToNetincome": 2938742, "changeToLiabilities": 0, "changeToOperatingActivities": 381817, "totalCashFromOperatingActivities": 3043334, "netBorrowings": -3017732, "otherCashflowsFromFinancingActivities": 4652657, "totalCashFromFinancingActivities": -3017732, "changeInCash": 25602}, {"maxAge": 1, "endDate": "2017-03-31", "netIncome": 164897, "changeToNetincome": 2938742, "changeToLiabilities": 0, "changeToOperatingActivities": 194961, "totalCashFromOperatingActivities": 359858, "totalCashflowsFromInvestingActivities": -4947566, "netBorrowings": 4515000, "otherCashflowsFromFinancingActivities": 4652657, "totalCashFromFinancingActivities": 4515000, "changeInCash": -72708}], "maxAge": 86400}, "institutionOwnership": {"ownershipList": [], "maxAge": 1}, "balanceSheetHistoryQuarterly": {"balanceSheetStatements": [{"maxAge": 1, "endDate": "2020-09-30", "cash": 1067000, "netReceivables": 79074800, "otherCurrentAssets": 180000, "totalCurrentAssets": 80321800, "otherAssets": 1200, "totalAssets": 80323000, "accountsPayable": 861000, "otherCurrentLiab": 697000, "longTermDebt": 5435500, "otherLiab": 500, "totalCurrentLiabilities": 1558000, "totalLiab": 6994000, "commonStock": 69000000, "treasuryStock": 4329000, "otherStockholderEquity": 4329000, "totalStockholderEquity": 73329000, "netTangibleAssets": 73329000}, {"maxAge": 1, "endDate": "2020-06-30", "cash": 324000, "netReceivables": 78815000, "otherCurrentAssets": 241000, "totalCurrentAssets": 79380000, "otherAssets": -1000, "totalAssets": 79379000, "accountsPayable": 1304000, "otherCurrentLiab": 1149000, "longTermDebt": 4500000, "totalCurrentLiabilities": 2453000, "totalLiab": 6953000, "commonStock": 69000000, "treasuryStock": 3426000, "otherStockholderEquity": 3426000, "totalStockholderEquity": 72426000, "netTangibleAssets": 72426000}, {"maxAge": 1, "endDate": "2020-03-31", "cash": 175000, "netReceivables": 78476000, "otherCurrentAssets": 60000, "totalCurrentAssets": 78711000, "totalAssets": 78711000, "accountsPayable": 1468000, "otherCurrentLiab": 1303000, "longTermDebt": 4250000, "totalCurrentLiabilities": 2771000, "totalLiab": 7021000, "commonStock": 69000000, "treasuryStock": 2690000, "otherStockholderEquity": 2690000, "totalStockholderEquity": 71690000, "netTangibleAssets": 71690000}, {"maxAge": 1, "endDate": "2019-12-31", "cash": 175000, "netReceivables": 78476000, "otherCurrentAssets": 60000, "totalCurrentAssets": 78711000, "totalAssets": 78711000, "accountsPayable": 1468000, "otherCurrentLiab": 1303000, "longTermDebt": 4250000, "totalCurrentLiabilities": 2771000, "totalLiab": 7021000, "commonStock": 69000000, "treasuryStock": 2690000, "otherStockholderEquity": 2690000, "totalStockholderEquity": 71690000, "netTangibleAssets": 71690000}], "maxAge": 86400}, "indexTrend": {"maxAge": 1, "symbol": "SP5", "peRatio": 19.7411, "pegRatio": 1.34172, "estimates": [{"period": "0q", "growth": 0.549}, {"period": "+1q", "growth": 0.431}, {"period": "0y", "growth": 0.305}, {"period": "+1y", "growth": 0.109}, {"period": "+5y", "growth": 0.120859005}, {"period": "-5y"}]}, "quoteType": {"exchange": "BSE", "quoteType": "EQUITY", "symbol": "BLFL.BO", "underlyingSymbol": "BLFL.BO", "shortName": "Boston Leasing and Finance Ltd", "longName": "Boston Leasing and Finance Limited", "firstTradeDateEpochUtc": "2015-12-29 09:15:00", "timeZoneFullName": "Asia/Kolkata", "timeZoneShortName": "IST", "uuid": "034ebe24-03bb-3fae-8015-bd45b7aa6846", "gmtOffSetMilliseconds": 19800000, "maxAge": 1}, "incomeStatementHistory": {"incomeStatementHistory": [{"maxAge": 1, "endDate": "2020-03-31", "totalRevenue": -2000, "costOfRevenue": 0, "grossProfit": -2000, "researchDevelopment": {}, "sellingGeneralAdministrative": 126000, "nonRecurring": {}, "otherOperatingExpenses": -586000, "totalOperatingExpenses": -460000, "operatingIncome": 458000, "totalOtherIncomeExpenseNet": -1000, "ebit": 0, "interestExpense": {}, "incomeBeforeTax": 457000, "incomeTaxExpense": 114000, "minorityInterest": {}, "netIncomeFromContinuingOps": 343000, "discontinuedOperations": {}, "extraordinaryItems": {}, "effectOfAccountingCharges": {}, "otherItems": {}, "netIncome": 343000, "netIncomeApplicableToCommonShares": 343000}, {"maxAge": 1, "endDate": "2019-03-31", "totalRevenue": 3985128, "costOfRevenue": 0, "grossProfit": 3985128, "researchDevelopment": {}, "sellingGeneralAdministrative": 1536325, "nonRecurring": {}, "otherOperatingExpenses": 2247167, "totalOperatingExpenses": 3783492, "operatingIncome": 201636, "totalOtherIncomeExpenseNet": 0, "ebit": 0, "interestExpense": {}, "incomeBeforeTax": 201636, "incomeTaxExpense": 40000, "minorityInterest": {}, "netIncomeFromContinuingOps": 161636, "discontinuedOperations": {}, "extraordinaryItems": {}, "effectOfAccountingCharges": {}, "otherItems": {}, "netIncome": 161636, "netIncomeApplicableToCommonShares": 161636}, {"maxAge": 1, "endDate": "2018-03-31", "totalRevenue": 4961361, "costOfRevenue": 0, "grossProfit": 4961361, "researchDevelopment": {}, "sellingGeneralAdministrative": 563000, "nonRecurring": {}, "otherOperatingExpenses": 1303914, "totalOperatingExpenses": 1866914, "operatingIncome": 3094447, "totalOtherIncomeExpenseNet": -2938742, "ebit": 0, "interestExpense": {}, "incomeBeforeTax": 155705, "incomeTaxExpense": 432930, "minorityInterest": {}, "netIncomeFromContinuingOps": -277225, "discontinuedOperations": {}, "extraordinaryItems": {}, "effectOfAccountingCharges": {}, "otherItems": {}, "netIncome": -277225, "netIncomeApplicableToCommonShares": -277225}, {"maxAge": 1, "endDate": "2017-03-31", "totalRevenue": 1776440, "costOfRevenue": 0, "grossProfit": 1776440, "researchDevelopment": {}, "sellingGeneralAdministrative": 112000, "nonRecurring": {}, "otherOperatingExpenses": 1499543, "totalOperatingExpenses": 1611543, "operatingIncome": 164897, "totalOtherIncomeExpenseNet": 0, "ebit": 0, "interestExpense": {}, "incomeBeforeTax": 164897, "incomeTaxExpense": 0, "minorityInterest": {}, "netIncomeFromContinuingOps": 164897, "discontinuedOperations": {}, "extraordinaryItems": {}, "effectOfAccountingCharges": {}, "otherItems": {}, "netIncome": 164897, "netIncomeApplicableToCommonShares": 164897}], "maxAge": 86400}, "fundOwnership": {"ownershipList": [], "maxAge": 1}, "summaryDetail": {"maxAge": 1, "priceHint": 4, "previousClose": 3.4, "open": 3.23, "dayLow": 3.23, "dayHigh": 3.4, "regularMarketPreviousClose": 3.4, "regularMarketOpen": 3.23, "regularMarketDayLow": 3.23, "regularMarketDayHigh": 3.4, "trailingPE": 13.934426, "volume": 33679, "regularMarketVolume": 33679, "averageVolume": 124, "averageVolume10days": 6, "averageDailyVolume10Day": 6, "bid": 3.23, "ask": 3.4, "bidSize": 0, "askSize": 0, "marketCap": 23460000, "fiftyTwoWeekLow": 1.49, "fiftyTwoWeekHigh": 6.09, "fiftyDayAverage": 4.9960604, "twoHundredDayAverage": 5.220735, "currency": "INR", "fromCurrency": null, "lastMarket": null, "algorithm": null, "tradeable": false}, "incomeStatementHistoryQuarterly": {"incomeStatementHistory": [{"maxAge": 1, "endDate": "2020-09-30", "totalRevenue": 1571000, "costOfRevenue": 0, "grossProfit": 1571000, "researchDevelopment": {}, "sellingGeneralAdministrative": 229000, "nonRecurring": {}, "otherOperatingExpenses": 139000, "totalOperatingExpenses": 368000, "operatingIncome": 1203000, "totalOtherIncomeExpenseNet": 1000, "ebit": 0, "interestExpense": {}, "incomeBeforeTax": 1204000, "incomeTaxExpense": 301000, "minorityInterest": {}, "netIncomeFromContinuingOps": 903000, "discontinuedOperations": {}, "extraordinaryItems": {}, "effectOfAccountingCharges": {}, "otherItems": {}, "netIncome": 903000, "netIncomeApplicableToCommonShares": 903000}, {"maxAge": 1, "endDate": "2020-06-30", "totalRevenue": 1129000, "costOfRevenue": 0, "grossProfit": 1129000, "researchDevelopment": {}, "sellingGeneralAdministrative": 51000, "nonRecurring": {}, "otherOperatingExpenses": 111000, "totalOperatingExpenses": 162000, "operatingIncome": 967000, "totalOtherIncomeExpenseNet": 1000, "ebit": 0, "interestExpense": {}, "incomeBeforeTax": 968000, "incomeTaxExpense": 241000, "minorityInterest": {}, "netIncomeFromContinuingOps": 727000, "discontinuedOperations": {}, "extraordinaryItems": {}, "effectOfAccountingCharges": {}, "otherItems": {}, "netIncome": 727000, "netIncomeApplicableToCommonShares": 727000}, {"maxAge": 1, "endDate": "2020-03-31", "totalRevenue": -1000, "costOfRevenue": 0, "grossProfit": -1000, "researchDevelopment": {}, "sellingGeneralAdministrative": 51000, "nonRecurring": {}, "otherOperatingExpenses": -340000, "totalOperatingExpenses": -289000, "operatingIncome": 288000, "totalOtherIncomeExpenseNet": 0, "ebit": 0, "interestExpense": {}, "incomeBeforeTax": 288000, "incomeTaxExpense": 114000, "minorityInterest": {}, "netIncomeFromContinuingOps": 174000, "discontinuedOperations": {}, "extraordinaryItems": {}, "effectOfAccountingCharges": {}, "otherItems": {}, "netIncome": 174000, "netIncomeApplicableToCommonShares": 174000}, {"maxAge": 1, "endDate": "2019-12-31", "totalRevenue": -150000, "costOfRevenue": 0, "grossProfit": -150000, "researchDevelopment": {}, "sellingGeneralAdministrative": 33000, "nonRecurring": {}, "otherOperatingExpenses": -359500, "totalOperatingExpenses": -326500, "operatingIncome": 176500, "totalOtherIncomeExpenseNet": 0, "ebit": 0, "interestExpense": {}, "incomeBeforeTax": 176500, "incomeTaxExpense": 57000, "minorityInterest": {}, "netIncomeFromContinuingOps": 119500, "discontinuedOperations": {}, "extraordinaryItems": {}, "effectOfAccountingCharges": {}, "otherItems": {}, "netIncome": 119500, "netIncomeApplicableToCommonShares": 119500}], "maxAge": 86400}, "cashflowStatementHistoryQuarterly": {"cashflowStatements": [{"maxAge": 1, "endDate": "2020-09-30", "netIncome": 903000, "changeToLiabilities": 0}, {"maxAge": 1, "endDate": "2020-06-30", "netIncome": 727000, "changeToLiabilities": 0}, {"maxAge": 1, "endDate": "2020-03-31", "netIncome": 174000, "changeToNetincome": 57460, "changeToLiabilities": 0, "changeToOperatingActivities": 3355091, "totalCashFromOperatingActivities": 3532051, "netBorrowings": -3446092, "totalCashFromFinancingActivities": -3446092, "changeInCash": 85959}, {"maxAge": 1, "endDate": "2019-12-31", "netIncome": 119500, "changeToNetincome": 57460, "changeToLiabilities": 0, "changeToOperatingActivities": 3355091, "totalCashFromOperatingActivities": 3532051, "netBorrowings": -3446093, "totalCashFromFinancingActivities": -3446093, "changeInCash": 85958}], "maxAge": 86400}, "insiderHolders": {"holders": [], "maxAge": 1}, "calendarEvents": {"maxAge": 1, "earnings": {"earningsDate": []}}, "upgradeDowngradeHistory": {"history": [], "maxAge": 86400}, "price": {"maxAge": 1, "regularMarketChangePercent": 0.0, "regularMarketChange": 0.0, "regularMarketTime": "2021-04-30 13:32:06", "priceHint": 4, "regularMarketPrice": 3.4, "regularMarketDayHigh": 3.4, "regularMarketDayLow": 3.23, "regularMarketVolume": 33679, "averageDailyVolume10Day": 6, "averageDailyVolume3Month": 124, "regularMarketPreviousClose": 3.4, "regularMarketSource": "FREE_REALTIME", "regularMarketOpen": 3.23, "exchange": "BSE", "exchangeName": "BSE", "exchangeDataDelayedBy": 0, "marketState": "CLOSED", "quoteType": "EQUITY", "symbol": "BLFL.BO", "underlyingSymbol": null, "shortName": "Boston Leasing and Finance Ltd", "longName": "Boston Leasing and Finance Limited", "currency": "INR", "quoteSourceName": "Delayed Quote", "currencySymbol": "\u20b9", "fromCurrency": null, "lastMarket": null, "marketCap": 23460000}, "balanceSheetHistory": {"balanceSheetStatements": [{"maxAge": 1, "endDate": "2020-03-31", "cash": 175000, "netReceivables": 78476000, "otherCurrentAssets": 60000, "totalCurrentAssets": 78711000, "totalAssets": 78711000, "accountsPayable": 1468000, "otherCurrentLiab": 1303000, "longTermDebt": 4250000, "totalCurrentLiabilities": 2771000, "totalLiab": 7021000, "commonStock": 69000000, "treasuryStock": 2690000, "otherStockholderEquity": 2690000, "totalStockholderEquity": 71690000, "netTangibleAssets": 71690000}, {"maxAge": 1, "endDate": "2019-03-31", "cash": 7285182, "netReceivables": 71503548, "otherCurrentAssets": 19030, "totalCurrentAssets": 78807760, "totalAssets": 78807760, "otherCurrentLiab": 40000, "longTermDebt": 3955000, "totalCurrentLiabilities": 3202562, "totalLiab": 7157562, "commonStock": 69000000, "retainedEarnings": 1681146, "treasuryStock": 969052, "otherStockholderEquity": 969052, "totalStockholderEquity": 71650198, "netTangibleAssets": 71650198}, {"maxAge": 1, "endDate": "2018-03-31", "cash": 45444, "netReceivables": 75537205, "otherCurrentAssets": 19030, "totalCurrentAssets": 75601679, "totalAssets": 75601679, "longTermDebt": 3395000, "totalCurrentLiabilities": 1021912, "totalLiab": 4416912, "commonStock": 69000000, "retainedEarnings": 1215715, "treasuryStock": 969052, "otherStockholderEquity": 969052, "totalStockholderEquity": 71184767, "netTangibleAssets": 71184767}, {"maxAge": 1, "endDate": "2017-03-31", "cash": 19842, "netReceivables": 73490997, "otherCurrentAssets": 19030, "totalCurrentAssets": 73529869, "longTermInvestments": 2938742, "otherAssets": 148476, "totalAssets": 76617087, "otherCurrentLiab": 588095, "longTermDebt": 4515000, "totalCurrentLiabilities": 640095, "totalLiab": 5155095, "commonStock": 69000000, "retainedEarnings": 1492940, "treasuryStock": 969052, "otherStockholderEquity": 969052, "totalStockholderEquity": 71461992, "netTangibleAssets": 71461992}], "maxAge": 86400}, "financialData": {"maxAge": 86400, "currentPrice": 3.4, "recommendationKey": "none", "grossProfits": -2000, "financialCurrency": "INR"}}}