{"BLIL.BO": {"cashflowStatementHistory": {"cashflowStatements": [{"maxAge": 1, "endDate": "2020-03-31", "netIncome": 1057161000, "depreciation": 508766000, "changeToNetincome": 514756000, "changeToAccountReceivables": -67422000, "changeToLiabilities": -712940000, "changeToInventory": -21186000, "changeToOperatingActivities": 579761000, "totalCashFromOperatingActivities": 1867443000, "capitalExpenditures": -481915000, "investments": -382762000, "otherCashflowsFromInvestingActivities": 261129000, "totalCashflowsFromInvestingActivities": -603548000, "dividendsPaid": -1481955000, "netBorrowings": 43912000, "otherCashflowsFromFinancingActivities": -148699000, "totalCashFromFinancingActivities": -1586742000, "changeInCash": -322846000}, {"maxAge": 1, "endDate": "2019-03-31", "netIncome": 1285462000, "depreciation": 291410000, "changeToNetincome": 497948000, "changeToAccountReceivables": -54782000, "changeToLiabilities": -241700000, "changeToInventory": -67579000, "changeToOperatingActivities": 48597000, "totalCashFromOperatingActivities": 1771071000, "capitalExpenditures": -2009327000, "investments": 353746000, "otherCashflowsFromInvestingActivities": 286806000, "totalCashflowsFromInvestingActivities": -1368775000, "dividendsPaid": -1196722000, "netBorrowings": 658618000, "otherCashflowsFromFinancingActivities": -71237000, "totalCashFromFinancingActivities": -609341000, "changeInCash": -207045000}, {"maxAge": 1, "endDate": "2018-03-31", "netIncome": 536391000, "depreciation": 291410000, "changeToNetincome": 3000, "changeToAccountReceivables": -2685000, "changeToLiabilities": 327000, "changeToInventory": -67579000, "changeToOperatingActivities": 48597000, "totalCashFromOperatingActivities": 534036000, "capitalExpenditures": -2009327000, "investments": 353746000, "otherCashflowsFromInvestingActivities": 286806000, "totalCashflowsFromInvestingActivities": -1368775000, "dividendsPaid": -374516000, "netBorrowings": 658618000, "otherCashflowsFromFinancingActivities": -71237000, "totalCashFromFinancingActivities": -374516000, "changeInCash": 159520000}, {"maxAge": 1, "endDate": "2017-03-31", "netIncome": 387978000, "depreciation": 291410000, "changeToNetincome": 3000, "changeToAccountReceivables": -3922000, "changeToLiabilities": 1166000, "changeToInventory": -67579000, "changeToOperatingActivities": 48597000, "totalCashFromOperatingActivities": 385225000, "capitalExpenditures": -2009327000, "investments": 353746000, "otherCashflowsFromInvestingActivities": 286806000, "totalCashflowsFromInvestingActivities": -1368775000, "dividendsPaid": -276251000, "netBorrowings": 658618000, "otherCashflowsFromFinancingActivities": -71237000, "totalCashFromFinancingActivities": -276251000, "changeInCash": 108974000}], "maxAge": 86400}, "institutionOwnership": {"maxAge": 1, "ownershipList": []}, "balanceSheetHistoryQuarterly": {"balanceSheetStatements": [{"maxAge": 1, "endDate": "2020-03-31", "cash": 234688000, "shortTermInvestments": 5672950000, "netReceivables": 4763726000, "inventory": 1450570000, "otherCurrentAssets": 804863000, "totalCurrentAssets": 12982670000, "longTermInvestments": 3747044000, "propertyPlantEquipment": 7900353000, "intangibleAssets": 28237000, "otherAssets": 156941000, "totalAssets": 24815245000, "accountsPayable": 2216115000, "shortLongTermDebt": 41721000, "otherCurrentLiab": 2399149000, "longTermDebt": 940785000, "otherLiab": 1361225000, "minorityInterest": 6381943000, "totalCurrentLiabilities": 4961994000, "totalLiab": 7398974000, "commonStock": 221973000, "retainedEarnings": 10090568000, "treasuryStock": 497653000, "capitalSurplus": 224134000, "otherStockholderEquity": 497653000, "totalStockholderEquity": 11034328000, "netTangibleAssets": 11006091000}, {"maxAge": 1, "endDate": "2019-12-31", "totalStockholderEquity": 9996359000, "netTangibleAssets": 9962755000}, {"maxAge": 1, "endDate": "2019-09-30", "cash": 4086187000, "shortTermInvestments": 2911388000, "netReceivables": 3254256000, "inventory": 1521162000, "otherCurrentAssets": 1068403000, "totalCurrentAssets": 12841396000, "longTermInvestments": 4221678000, "propertyPlantEquipment": 7217513000, "intangibleAssets": 33604000, "otherAssets": 569019000, "totalAssets": 24883210000, "accountsPayable": 2861816000, "shortLongTermDebt": 379724000, "otherCurrentLiab": 2898381000, "longTermDebt": 947073000, "otherLiab": 1607300000, "minorityInterest": 5990081000, "totalCurrentLiabilities": 6234830000, "totalLiab": 8896770000, "commonStock": 221973000, "treasuryStock": 9774386000, "otherStockholderEquity": 9774386000, "totalStockholderEquity": 9996359000, "netTangibleAssets": 9962755000}, {"maxAge": 1, "endDate": "2019-06-30", "totalStockholderEquity": 1682013000, "netTangibleAssets": 1682013000}], "maxAge": 86400}, "indexTrend": {"maxAge": 1, "symbol": "SP5", "peRatio": 19.7411, "pegRatio": 1.34172, "estimates": [{"period": "0q", "growth": 0.549}, {"period": "+1q", "growth": 0.431}, {"period": "0y", "growth": 0.305}, {"period": "+1y", "growth": 0.109}, {"period": "+5y", "growth": 0.120859005}, {"period": "-5y"}]}, "quoteType": {"exchange": "BSE", "quoteType": "EQUITY", "symbol": "BLIL.BO", "underlyingSymbol": "BLIL.BO", "shortName": "BALMER LAWRIE INVESTMENTS LTD.", "longName": "Balmer Lawrie Investments Limited", "firstTradeDateEpochUtc": "2003-01-13 09:15:00", "timeZoneFullName": "Asia/Kolkata", "timeZoneShortName": "IST", "uuid": "63d1a96f-4621-3b1f-ac69-6939124b76ae", "messageBoardId": null, "gmtOffSetMilliseconds": 19800000, "maxAge": 1}, "incomeStatementHistory": {"incomeStatementHistory": [{"maxAge": 1, "endDate": "2020-03-31", "totalRevenue": 15810365000, "costOfRevenue": 9378252000, "grossProfit": 6432113000, "researchDevelopment": {}, "sellingGeneralAdministrative": 2257621000, "nonRecurring": {}, "otherOperatingExpenses": 1553224000, "totalOperatingExpenses": 13706410000, "operatingIncome": 2103955000, "totalOtherIncomeExpenseNet": 79910000, "ebit": 2103955000, "interestExpense": -134281000, "incomeBeforeTax": 2183865000, "incomeTaxExpense": 575003000, "minorityInterest": 6381943000, "netIncomeFromContinuingOps": 1608862000, "discontinuedOperations": {}, "extraordinaryItems": {}, "effectOfAccountingCharges": {}, "otherItems": {}, "netIncome": 1057161000, "netIncomeApplicableToCommonShares": 1057161000}, {"maxAge": 1, "endDate": "2019-03-31", "totalRevenue": 18265912000, "costOfRevenue": 11245663000, "grossProfit": 7020249000, "researchDevelopment": {}, "sellingGeneralAdministrative": 2313094000, "nonRecurring": {}, "otherOperatingExpenses": 1665340000, "totalOperatingExpenses": 15520866000, "operatingIncome": 2745046000, "totalOtherIncomeExpenseNet": 156472000, "ebit": 2745046000, "interestExpense": -55810000, "incomeBeforeTax": 2901518000, "incomeTaxExpense": 877471000, "minorityInterest": 6315103000, "netIncomeFromContinuingOps": 2024047000, "discontinuedOperations": {}, "extraordinaryItems": {}, "effectOfAccountingCharges": {}, "otherItems": {}, "netIncome": 1285462000, "netIncomeApplicableToCommonShares": 1285462000}, {"maxAge": 1, "endDate": "2018-03-31", "totalRevenue": 561448000, "costOfRevenue": 0, "grossProfit": 561448000, "researchDevelopment": {}, "sellingGeneralAdministrative": 983000, "nonRecurring": {}, "otherOperatingExpenses": 5874000, "totalOperatingExpenses": 6857000, "operatingIncome": 554591000, "totalOtherIncomeExpenseNet": 0, "ebit": 554591000, "interestExpense": -55810000, "incomeBeforeTax": 554591000, "incomeTaxExpense": 18200000, "minorityInterest": 6315103000, "netIncomeFromContinuingOps": 536391000, "discontinuedOperations": {}, "extraordinaryItems": {}, "effectOfAccountingCharges": {}, "otherItems": {}, "netIncome": 536391000, "netIncomeApplicableToCommonShares": 536391000}, {"maxAge": 1, "endDate": "2017-03-31", "totalRevenue": 418164000, "costOfRevenue": 0, "grossProfit": 418164000, "researchDevelopment": {}, "sellingGeneralAdministrative": 798000, "nonRecurring": {}, "otherOperatingExpenses": 8588000, "totalOperatingExpenses": 9386000, "operatingIncome": 408778000, "totalOtherIncomeExpenseNet": 0, "ebit": 408778000, "interestExpense": -55810000, "incomeBeforeTax": 408778000, "incomeTaxExpense": 20800000, "minorityInterest": 6315103000, "netIncomeFromContinuingOps": 387978000, "discontinuedOperations": {}, "extraordinaryItems": {}, "effectOfAccountingCharges": {}, "otherItems": {}, "netIncome": 387978000, "netIncomeApplicableToCommonShares": 387978000}], "maxAge": 86400}, "fundOwnership": {"maxAge": 1, "ownershipList": []}, "summaryDetail": {"maxAge": 1, "priceHint": 2, "previousClose": 458.25, "open": 451.0, "dayLow": 451.0, "dayHigh": 465.0, "regularMarketPreviousClose": 458.25, "regularMarketOpen": 451.0, "regularMarketDayLow": 451.0, "regularMarketDayHigh": 465.0, "trailingPE": 9.612396, "volume": 4787, "regularMarketVolume": 4787, "averageVolume": 16662, "averageVolume10days": 9757, "averageDailyVolume10Day": 9757, "bid": 457.55, "ask": 458.1, "bidSize": 0, "askSize": 0, "marketCap": 10161924096, "fiftyTwoWeekLow": 270.0, "fiftyTwoWeekHigh": 465.0, "fiftyDayAverage": 400.4057, "twoHundredDayAverage": 375.07007, "trailingAnnualDividendRate": 37.5, "trailingAnnualDividendYield": 0.08183306, "currency": "INR", "fromCurrency": null, "toCurrency": null, "lastMarket": null, "algorithm": null, "tradeable": false}, "incomeStatementHistoryQuarterly": {"incomeStatementHistory": [{"maxAge": 1, "endDate": "2020-03-31", "totalRevenue": 3529488000, "costOfRevenue": 2036614000, "grossProfit": 1492874000, "researchDevelopment": {}, "sellingGeneralAdministrative": 484473000, "nonRecurring": {}, "otherOperatingExpenses": 24079000, "totalOperatingExpenses": 2739761000, "operatingIncome": 789727000, "totalOtherIncomeExpenseNet": -91472000, "ebit": 789727000, "interestExpense": -31454000, "incomeBeforeTax": 698255000, "incomeTaxExpense": 223843000, "minorityInterest": 6381943000, "netIncomeFromContinuingOps": 474412000, "discontinuedOperations": {}, "extraordinaryItems": {}, "effectOfAccountingCharges": {}, "otherItems": {}, "netIncome": 309921000, "netIncomeApplicableToCommonShares": 309921000}, {"maxAge": 1, "endDate": "2019-12-31", "totalRevenue": 3855139000, "costOfRevenue": 2234921000, "grossProfit": 1620218000, "researchDevelopment": {}, "sellingGeneralAdministrative": 575113000, "nonRecurring": {}, "otherOperatingExpenses": 491998000, "totalOperatingExpenses": 3413451000, "operatingIncome": 441688000, "totalOtherIncomeExpenseNet": 266333000, "ebit": 441688000, "interestExpense": -37976000, "incomeBeforeTax": 708021000, "incomeTaxExpense": 101399000, "minorityInterest": 6381943000, "netIncomeFromContinuingOps": 606622000, "discontinuedOperations": {}, "extraordinaryItems": {}, "effectOfAccountingCharges": {}, "otherItems": {}, "netIncome": 387942000, "netIncomeApplicableToCommonShares": 387942000}, {"maxAge": 1, "endDate": "2019-09-30", "totalRevenue": 3987702000, "costOfRevenue": 2378944000, "grossProfit": 1608758000, "researchDevelopment": {}, "sellingGeneralAdministrative": 611186000, "nonRecurring": {}, "otherOperatingExpenses": 465559000, "totalOperatingExpenses": 3558795000, "operatingIncome": 428907000, "totalOtherIncomeExpenseNet": -133825000, "ebit": 428907000, "interestExpense": -31201000, "incomeBeforeTax": 295082000, "incomeTaxExpense": 73148000, "minorityInterest": 5990081000, "netIncomeFromContinuingOps": 221934000, "discontinuedOperations": {}, "extraordinaryItems": {}, "effectOfAccountingCharges": {}, "otherItems": {}, "netIncome": 144159000, "netIncomeApplicableToCommonShares": 144159000}, {"maxAge": 1, "endDate": "2019-06-30", "totalRevenue": 4438036000, "costOfRevenue": 2727773000, "grossProfit": 1710263000, "researchDevelopment": {}, "sellingGeneralAdministrative": 595973000, "nonRecurring": {}, "otherOperatingExpenses": 562464000, "totalOperatingExpenses": 3994403000, "operatingIncome": 443633000, "totalOtherIncomeExpenseNet": 38874000, "ebit": 443633000, "interestExpense": -33650000, "incomeBeforeTax": 482507000, "incomeTaxExpense": 176613000, "minorityInterest": 5990081000, "netIncomeFromContinuingOps": 305894000, "discontinuedOperations": {}, "extraordinaryItems": {}, "effectOfAccountingCharges": {}, "otherItems": {}, "netIncome": 215139000, "netIncomeApplicableToCommonShares": 215139000}], "maxAge": 86400}, "cashflowStatementHistoryQuarterly": {"cashflowStatements": [{"maxAge": 1, "endDate": "2020-03-31", "netIncome": 309921000, "changeToLiabilities": 0}, {"maxAge": 1, "endDate": "2019-12-31", "netIncome": 387942000, "changeToLiabilities": 0}, {"maxAge": 1, "endDate": "2019-09-30", "netIncome": 144159000, "changeToLiabilities": 0}, {"maxAge": 1, "endDate": "2019-06-30", "netIncome": 215139000, "changeToLiabilities": 0}], "maxAge": 86400}, "insiderHolders": {"holders": [], "maxAge": 1}, "calendarEvents": {"maxAge": 1, "earnings": {"earningsDate": ["2020-02-10 05:30:S"]}}, "price": {"maxAge": 1, "regularMarketChangePercent": -0.0009820233, "regularMarketChange": -0.4500122, "regularMarketTime": "2021-04-30 15:29:33", "priceHint": 2, "regularMarketPrice": 457.8, "regularMarketDayHigh": 465.0, "regularMarketDayLow": 451.0, "regularMarketVolume": 4787, "averageDailyVolume10Day": 9757, "averageDailyVolume3Month": 16662, "regularMarketPreviousClose": 458.25, "regularMarketSource": "FREE_REALTIME", "regularMarketOpen": 451.0, "exchange": "BSE", "exchangeName": "BSE", "exchangeDataDelayedBy": 0, "marketState": "CLOSED", "quoteType": "EQUITY", "symbol": "BLIL.BO", "underlyingSymbol": null, "shortName": "BALMER LAWRIE INVESTMENTS LTD.", "longName": "Balmer Lawrie Investments Limited", "currency": "INR", "quoteSourceName": "Delayed Quote", "currencySymbol": "\u20b9", "fromCurrency": null, "toCurrency": null, "lastMarket": null, "marketCap": 10161924096}, "balanceSheetHistory": {"balanceSheetStatements": [{"maxAge": 1, "endDate": "2020-03-31", "cash": 234688000, "shortTermInvestments": 5672950000, "netReceivables": 4763726000, "inventory": 1450570000, "otherCurrentAssets": 804863000, "totalCurrentAssets": 12982670000, "longTermInvestments": 3747044000, "propertyPlantEquipment": 7900353000, "intangibleAssets": 28237000, "otherAssets": 156941000, "totalAssets": 24815245000, "accountsPayable": 2216115000, "shortLongTermDebt": 41721000, "otherCurrentLiab": 2399149000, "longTermDebt": 940785000, "otherLiab": 1361225000, "minorityInterest": 6381943000, "totalCurrentLiabilities": 4961994000, "totalLiab": 7398974000, "commonStock": 221973000, "retainedEarnings": 10090568000, "treasuryStock": 497653000, "capitalSurplus": 224134000, "otherStockholderEquity": 497653000, "totalStockholderEquity": 11034328000, "netTangibleAssets": 11006091000}, {"maxAge": 1, "endDate": "2019-03-31", "cash": 557534000, "shortTermInvestments": 5216564000, "netReceivables": 5264451000, "inventory": 1429331000, "otherCurrentAssets": 593758000, "totalCurrentAssets": 13146449000, "longTermInvestments": 3250653000, "propertyPlantEquipment": 6803668000, "intangibleAssets": 39108000, "otherAssets": 964844000, "totalAssets": 24204722000, "accountsPayable": 2929908000, "shortLongTermDebt": 46825000, "otherCurrentLiab": 2136559000, "longTermDebt": 760824000, "otherLiab": 1179467000, "minorityInterest": 6315103000, "totalCurrentLiabilities": 5208030000, "totalLiab": 7148321000, "commonStock": 221973000, "retainedEarnings": 9742520000, "treasuryStock": 552671000, "capitalSurplus": 224134000, "otherStockholderEquity": 552671000, "totalStockholderEquity": 10741298000, "netTangibleAssets": 10702190000}, {"maxAge": 1, "endDate": "2018-03-31", "cash": 1116371000, "netReceivables": 36037000, "totalCurrentAssets": 1152408000, "longTermInvestments": 326777000, "totalAssets": 1479185000, "otherCurrentLiab": 22229000, "totalCurrentLiabilities": 23530000, "totalLiab": 23530000, "commonStock": 221973000, "retainedEarnings": 1128379000, "treasuryStock": 105303000, "otherStockholderEquity": 105303000, "totalStockholderEquity": 1455655000, "netTangibleAssets": 1455655000}, {"maxAge": 1, "endDate": "2017-03-31", "cash": 956857000, "netReceivables": 33352000, "totalCurrentAssets": 990209000, "longTermInvestments": 326777000, "totalAssets": 1316986000, "otherCurrentLiab": 19397000, "totalCurrentLiabilities": 20366000, "totalLiab": 20366000, "commonStock": 221973000, "retainedEarnings": 969344000, "treasuryStock": 105303000, "otherStockholderEquity": 105303000, "totalStockholderEquity": 1296620000, "netTangibleAssets": 1296620000}], "maxAge": 86400}, "financialData": {"maxAge": 86400, "currentPrice": 457.8, "recommendationKey": "none", "grossProfits": 6432113000, "financialCurrency": "INR"}}}