{"BLISSGVS.BO": {"recommendationTrend": {"trend": [{"period": "0m", "strongBuy": 0, "buy": 0, "hold": 0, "sell": 0, "strongSell": 0}, {"period": "-1m", "strongBuy": 0, "buy": 0, "hold": 0, "sell": 0, "strongSell": 0}, {"period": "-2m", "strongBuy": 0, "buy": 0, "hold": 0, "sell": 0, "strongSell": 0}, {"period": "-3m", "strongBuy": 0, "buy": 0, "hold": 0, "sell": 0, "strongSell": 0}], "maxAge": 86400}, "cashflowStatementHistory": {"cashflowStatements": [{"maxAge": 1, "endDate": "2020-03-31", "netIncome": 972650000, "depreciation": 123632000, "changeToNetincome": 46471000, "changeToAccountReceivables": -742946000, "changeToLiabilities": 128413000, "changeToInventory": 8055000, "changeToOperatingActivities": -85738000, "totalCashFromOperatingActivities": 452796000, "capitalExpenditures": -603149000, "investments": 23663000, "otherCashflowsFromInvestingActivities": 80982000, "totalCashflowsFromInvestingActivities": -489489000, "dividendsPaid": -125000000, "netBorrowings": 135553000, "otherCashflowsFromFinancingActivities": -48822000, "totalCashFromFinancingActivities": -38269000, "effectOfExchangeRate": 77466000, "changeInCash": 3032000}, {"maxAge": 1, "endDate": "2019-03-31", "netIncome": 1237216000, "depreciation": 87040000, "changeToNetincome": 903576000, "changeToAccountReceivables": -1821681000, "changeToLiabilities": 205156000, "changeToInventory": -183339000, "changeToOperatingActivities": -30863000, "totalCashFromOperatingActivities": 399500000, "capitalExpenditures": -437685000, "investments": -396820000, "otherCashflowsFromInvestingActivities": 37272000, "totalCashflowsFromInvestingActivities": -735186000, "dividendsPaid": -82374000, "netBorrowings": 226824000, "otherCashflowsFromFinancingActivities": 23862000, "totalCashFromFinancingActivities": 168312000, "effectOfExchangeRate": -51729000, "changeInCash": -219103000}, {"maxAge": 1, "endDate": "2018-03-31", "netIncome": 587853000, "depreciation": 213829000, "changeToNetincome": 782689000, "changeToAccountReceivables": -370653000, "changeToLiabilities": -398128000, "changeToInventory": -93383000, "changeToOperatingActivities": -545814000, "totalCashFromOperatingActivities": 176393000, "capitalExpenditures": -282172000, "investments": 542020000, "otherCashflowsFromInvestingActivities": 114009000, "totalCashflowsFromInvestingActivities": 502357000, "dividendsPaid": -74494000, "netBorrowings": -196649000, "otherCashflowsFromFinancingActivities": -488610000, "totalCashFromFinancingActivities": -759753000, "effectOfExchangeRate": -23620000, "changeInCash": -104623000}, {"maxAge": 1, "endDate": "2017-03-31", "netIncome": 820470000, "depreciation": 197183000, "changeToNetincome": 733599000, "changeToAccountReceivables": 975162000, "changeToLiabilities": -896000, "changeToInventory": -109289000, "changeToOperatingActivities": 269866000, "totalCashFromOperatingActivities": 2894675000, "capitalExpenditures": -1036636000, "investments": -547718000, "otherCashflowsFromInvestingActivities": 55312000, "totalCashflowsFromInvestingActivities": -2312464000, "dividendsPaid": -74494000, "netBorrowings": -65314000, "otherCashflowsFromFinancingActivities": -35947000, "totalCashFromFinancingActivities": -101261000, "effectOfExchangeRate": -179873000, "changeInCash": 301077000}], "maxAge": 86400}, "institutionOwnership": {"maxAge": 1, "ownershipList": []}, "balanceSheetHistoryQuarterly": {"balanceSheetStatements": [{"maxAge": 1, "endDate": "2020-06-30", "totalStockholderEquity": 7356130000, "netTangibleAssets": 7272596000}, {"maxAge": 1, "endDate": "2020-03-31", "cash": 150923000, "shortTermInvestments": 246295000, "netReceivables": 5732712000, "inventory": 741380000, "otherCurrentAssets": 834516000, "totalCurrentAssets": 7729493000, "longTermInvestments": 10246000, "propertyPlantEquipment": 2326162000, "goodWill": 77111000, "intangibleAssets": 6423000, "otherAssets": 140801000, "totalAssets": 10290236000, "accountsPayable": 941536000, "shortLongTermDebt": 173395000, "otherCurrentLiab": 491724000, "longTermDebt": 372385000, "otherLiab": 61085000, "minorityInterest": 147591000, "totalCurrentLiabilities": 2321844000, "totalLiab": 2786515000, "commonStock": 103147000, "retainedEarnings": 7187863000, "treasuryStock": -82453000, "capitalSurplus": 147573000, "otherStockholderEquity": -82453000, "totalStockholderEquity": 7356130000, "netTangibleAssets": 7272596000}, {"maxAge": 1, "endDate": "2019-12-31", "totalStockholderEquity": 7022072000, "netTangibleAssets": 6920943000}, {"maxAge": 1, "endDate": "2019-09-30", "cash": 1083874000, "netReceivables": 4939006000, "inventory": 769717000, "otherCurrentAssets": 398235000, "totalCurrentAssets": 7190832000, "longTermInvestments": 928000, "propertyPlantEquipment": 2333254000, "goodWill": 96477000, "intangibleAssets": 4652000, "otherAssets": 148880000, "totalAssets": 9775023000, "accountsPayable": 722266000, "otherCurrentLiab": 865028000, "longTermDebt": 419295000, "otherLiab": 48582000, "minorityInterest": 132175000, "totalCurrentLiabilities": 2114207000, "totalLiab": 2620776000, "commonStock": 103147000, "treasuryStock": 6918925000, "otherStockholderEquity": 6918925000, "totalStockholderEquity": 7022072000, "netTangibleAssets": 6920943000}], "maxAge": 86400}, "earningsHistory": {"history": [{"maxAge": 1, "epsActual": {}, "epsEstimate": {}, "epsDifference": {}, "surprisePercent": {}, "quarter": {}, "period": "-4q"}, {"maxAge": 1, "epsActual": {}, "epsEstimate": {}, "epsDifference": {}, "surprisePercent": {}, "quarter": {}, "period": "-3q"}, {"maxAge": 1, "epsActual": {}, "epsEstimate": {}, "epsDifference": {}, "surprisePercent": {}, "quarter": {}, "period": "-2q"}, {"maxAge": 1, "epsActual": {}, "epsEstimate": {}, "epsDifference": {}, "surprisePercent": {}, "quarter": {}, "period": "-1q"}], "maxAge": 86400}, "indexTrend": {"maxAge": 1, "symbol": "SP5", "peRatio": 19.7411, "pegRatio": 1.34172, "estimates": [{"period": "0q", "growth": 0.549}, {"period": "+1q", "growth": 0.431}, {"period": "0y", "growth": 0.305}, {"period": "+1y", "growth": 0.109}, {"period": "+5y", "growth": 0.120865}, {"period": "-5y"}]}, "industryTrend": {"maxAge": 1, "symbol": null, "estimates": []}, "insiderTransactions": {"transactions": [{"maxAge": 1, "shares": 65200, "value": 128170, "filerUrl": "", "transactionText": "Acquisition at price 1.97 per share.", "filerName": "Wagle (Mangesh Ghanashyam)", "filerRelation": "Promoter", "moneyText": "", "startDate": "2019-12-06", "ownership": "D"}, {"maxAge": 1, "shares": 65200, "value": 158964, "filerUrl": "", "transactionText": "Sale at price 2.44 per share.", "filerName": "Wagle (Mangesh Ghanashyam)", "filerRelation": "Promoter", "moneyText": "", "startDate": "2019-05-17", "ownership": "D"}, {"maxAge": 1, "shares": 49000, "filerUrl": "", "transactionText": "", "filerName": "Ashra (Arjun Gautam)", "filerRelation": "Promoter", "moneyText": "", "startDate": "2019-03-08", "ownership": "D"}, {"maxAge": 1, "shares": 549000, "filerUrl": "", "transactionText": "", "filerName": "Ashra (Gautam Rasiklal)", "filerRelation": "Director (Non-Executive)", "moneyText": "", "startDate": "2019-03-08", "ownership": "D"}, {"maxAge": 1, "shares": 1647924, "filerUrl": "", "transactionText": "", "filerName": "Ashra (Antara Gautam)", "filerRelation": "Promoter", "moneyText": "", "startDate": "2019-02-01", "ownership": "D"}, {"maxAge": 1, "shares": 7243743, "filerUrl": "", "transactionText": "", "filerName": "Ashra (Gautam Rasiklal)", "filerRelation": "Director (Non-Executive)", "moneyText": "", "startDate": "2019-02-01", "ownership": "D"}, {"maxAge": 1, "shares": 0, "filerUrl": "", "transactionText": "", "filerName": "Ashra (Gautam Rasiklal)", "filerRelation": "Director (Non-Executive)", "moneyText": "", "startDate": "2019-02-01", "ownership": "I"}, {"maxAge": 1, "shares": 1980333, "filerUrl": "", "transactionText": "", "filerName": "Ashra (Mamta Gautam)", "filerRelation": "Promoter", "moneyText": "", "startDate": "2019-02-01", "ownership": "D"}, {"maxAge": 1, "shares": 1980333, "filerUrl": "", "transactionText": "", "filerName": "Ashra (Mamta Gautam)", "filerRelation": "Promoter", "moneyText": "", "startDate": "2019-02-01", "ownership": "D"}, {"maxAge": 1, "shares": 3660000, "filerUrl": "", "transactionText": "", "filerName": "Kamath (Shibroor Narasimha)", "filerRelation": "Managing Director", "moneyText": "", "startDate": "2019-02-01", "ownership": "D"}, {"maxAge": 1, "shares": 12500000, "filerUrl": "", "transactionText": "", "filerName": "Kamath (Shibroor Narasimha)", "filerRelation": "Managing Director", "moneyText": "", "startDate": "2018-12-27", "ownership": "D"}, {"maxAge": 1, "shares": 2500000, "filerUrl": "", "transactionText": "", "filerName": "Rao (Shruti Vishal)", "filerRelation": "Promoter", "moneyText": "", "startDate": "2018-12-27", "ownership": "D"}, {"maxAge": 1, "shares": 3500000, "filerUrl": "", "transactionText": "", "filerName": "Sharma (Vibha Gagan)", "filerRelation": "Promoter", "moneyText": "", "startDate": "2018-12-27", "ownership": "D"}], "maxAge": 1}, "quoteType": {"exchange": "BSE", "quoteType": "EQUITY", "symbol": "BLISSGVS.BO", "underlyingSymbol": "BLISSGVS.BO", "shortName": "BLISS GVS PHARMA LTD.", "longName": "Bliss GVS Pharma Limited", "firstTradeDateEpochUtc": "2002-07-01 09:15:00", "timeZoneFullName": "Asia/Kolkata", "timeZoneShortName": "IST", "uuid": "68ab2404-5b59-3275-b0e3-390fc03de8bd", "messageBoardId": null, "gmtOffSetMilliseconds": 19800000, "maxAge": 1}, "incomeStatementHistory": {"incomeStatementHistory": [{"maxAge": 1, "endDate": "2020-03-31", "totalRevenue": 6893090000, "costOfRevenue": 4462685000, "grossProfit": 2430405000, "researchDevelopment": {}, "sellingGeneralAdministrative": 670748000, "nonRecurring": {}, "otherOperatingExpenses": 523227000, "totalOperatingExpenses": 5782551000, "operatingIncome": 1110539000, "totalOtherIncomeExpenseNet": 179112000, "ebit": 1110539000, "interestExpense": -48307000, "incomeBeforeTax": 1289651000, "incomeTaxExpense": 337123000, "minorityInterest": 147591000, "netIncomeFromContinuingOps": 952528000, "discontinuedOperations": {}, "extraordinaryItems": {}, "effectOfAccountingCharges": {}, "otherItems": {}, "netIncome": 972650000, "netIncomeApplicableToCommonShares": 972686000}, {"maxAge": 1, "endDate": "2019-03-31", "totalRevenue": 8985712000, "costOfRevenue": 6172059000, "grossProfit": 2813653000, "researchDevelopment": {}, "sellingGeneralAdministrative": 660153000, "nonRecurring": {}, "otherOperatingExpenses": 465774000, "totalOperatingExpenses": 7475023000, "operatingIncome": 1510689000, "totalOtherIncomeExpenseNet": 308463000, "ebit": 1510689000, "interestExpense": -41398000, "incomeBeforeTax": 1819152000, "incomeTaxExpense": 552525000, "minorityInterest": 138643000, "netIncomeFromContinuingOps": 1266627000, "discontinuedOperations": {}, "extraordinaryItems": {}, "effectOfAccountingCharges": {}, "otherItems": {}, "netIncome": 1237216000, "netIncomeApplicableToCommonShares": 1237216000}, {"maxAge": 1, "endDate": "2018-03-31", "totalRevenue": 3720196000, "costOfRevenue": 1984469000, "grossProfit": 1735727000, "researchDevelopment": {}, "sellingGeneralAdministrative": 432158000, "nonRecurring": {}, "otherOperatingExpenses": 341529000, "totalOperatingExpenses": 2848864000, "operatingIncome": 871332000, "totalOtherIncomeExpenseNet": -231390000, "ebit": 871332000, "interestExpense": -81945000, "incomeBeforeTax": 639942000, "incomeTaxExpense": 322693000, "minorityInterest": 114781000, "netIncomeFromContinuingOps": 317249000, "discontinuedOperations": 290394000, "extraordinaryItems": {}, "effectOfAccountingCharges": {}, "otherItems": {}, "netIncome": 587853000, "netIncomeApplicableToCommonShares": 587853000}, {"maxAge": 1, "endDate": "2017-03-31", "totalRevenue": 4033481000, "costOfRevenue": 1953285000, "grossProfit": 2080196000, "researchDevelopment": {}, "sellingGeneralAdministrative": 603422000, "nonRecurring": {}, "otherOperatingExpenses": 396939000, "totalOperatingExpenses": 3110860000, "operatingIncome": 922621000, "totalOtherIncomeExpenseNet": -43573000, "ebit": 922621000, "interestExpense": -86264000, "incomeBeforeTax": 879048000, "incomeTaxExpense": 363801000, "minorityInterest": 663803000, "netIncomeFromContinuingOps": 515247000, "discontinuedOperations": 311914000, "extraordinaryItems": {}, "effectOfAccountingCharges": {}, "otherItems": {}, "netIncome": 820470000, "netIncomeApplicableToCommonShares": 820470000}], "maxAge": 86400}, "fundOwnership": {"maxAge": 1, "ownershipList": [{"maxAge": 1, "reportDate": "2020-07-31", "organization": "Fidelity Low-Priced Stock Fund", "pctHeld": 0.0359, "position": 3700000, "value": 397195000}, {"maxAge": 1, "reportDate": "2020-07-31", "organization": "DFA Emerging Markets Core Equity Portfolio", "pctHeld": 0.0064999997, "position": 667531, "value": 71659452}, {"maxAge": 1, "reportDate": "2020-07-31", "organization": "DFA Emerging Markets Small Cap Series", "pctHeld": 0.0034, "position": 354023, "value": 38004369}, {"maxAge": 1, "reportDate": "2020-07-31", "organization": "Fidelity Low Priced Stock K6 Fund", "pctHeld": 0.0028, "position": 287698, "value": 30884380}, {"maxAge": 1, "reportDate": "2020-07-31", "organization": "DFA T.A. World Ex U.S. Core Equity Portfolio", "pctHeld": 0.0002, "position": 17529, "value": 1881738}, {"maxAge": 1, "reportDate": "2020-07-31", "organization": "DFA Investment Dimensions-World Ex U.S. Core Equity Port", "pctHeld": 0.0002, "position": 16236, "value": 1742934}, {"maxAge": 1, "reportDate": "2020-07-31", "organization": "DFA Investment Dimensions-DFA World Ex U.S. Targeted Value Port", "pctHeld": 0.0001, "position": 9745, "value": 1046125}, {"maxAge": 1, "reportDate": "2020-07-31", "organization": "John Hancock Fds II-Emerging Markets Fund", "pctHeld": 0.0001, "position": 6312, "value": 677593}]}, "summaryDetail": {"maxAge": 1, "priceHint": 2, "previousClose": 101.45, "open": 101.0, "dayLow": 100.2, "dayHigh": 104.9, "regularMarketPreviousClose": 101.45, "regularMarketOpen": 101.0, "regularMarketDayLow": 100.2, "regularMarketDayHigh": 104.9, "trailingPE": 13.209266, "forwardPE": 10.15, "volume": 79563, "regularMarketVolume": 79563, "averageVolume": 265654, "averageVolume10days": 241800, "averageDailyVolume10Day": 241800, "bid": 101.3, "ask": 101.75, "bidSize": 0, "askSize": 0, "marketCap": 10469420032, "fiftyTwoWeekLow": 82.5, "fiftyTwoWeekHigh": 224.0, "fiftyDayAverage": 191.47429, "twoHundredDayAverage": 170.7259, "trailingAnnualDividendRate": 0.5, "trailingAnnualDividendYield": 0.0049285362, "currency": "INR", "fromCurrency": null, "toCurrency": null, "lastMarket": null, "algorithm": null, "tradeable": false}, "sectorTrend": {"maxAge": 1, "symbol": null, "estimates": []}, "incomeStatementHistoryQuarterly": {"incomeStatementHistory": [{"maxAge": 1, "endDate": "2020-06-30", "totalRevenue": 1295500000, "costOfRevenue": 794369000, "grossProfit": 501131000, "researchDevelopment": {}, "sellingGeneralAdministrative": 160323000, "nonRecurring": {}, "otherOperatingExpenses": 146036000, "totalOperatingExpenses": 1143593000, "operatingIncome": 151907000, "totalOtherIncomeExpenseNet": 52138000, "ebit": 151907000, "interestExpense": -18277000, "incomeBeforeTax": 204045000, "incomeTaxExpense": 37539000, "minorityInterest": {}, "netIncomeFromContinuingOps": 166506000, "discontinuedOperations": {}, "extraordinaryItems": {}, "effectOfAccountingCharges": {}, "otherItems": {}, "netIncome": 161920000, "netIncomeApplicableToCommonShares": 161920000}, {"maxAge": 1, "endDate": "2020-03-31", "totalRevenue": 1198039000, "costOfRevenue": 768554000, "grossProfit": 429485000, "researchDevelopment": {}, "sellingGeneralAdministrative": 271637000, "nonRecurring": {}, "otherOperatingExpenses": -4834000, "totalOperatingExpenses": 1068777000, "operatingIncome": 129262000, "totalOtherIncomeExpenseNet": 4068999, "ebit": 129262000, "interestExpense": -18118000, "incomeBeforeTax": 133331000, "incomeTaxExpense": 77617000, "minorityInterest": 147591000, "netIncomeFromContinuingOps": 55714000, "discontinuedOperations": {}, "extraordinaryItems": {}, "effectOfAccountingCharges": {}, "otherItems": {}, "netIncome": 87472000, "netIncomeApplicableToCommonShares": 87508000}, {"maxAge": 1, "endDate": "2019-12-31", "totalRevenue": 1478489000, "costOfRevenue": 815384000, "grossProfit": 663105000, "researchDevelopment": {}, "sellingGeneralAdministrative": 140954000, "nonRecurring": {}, "otherOperatingExpenses": 192693000, "totalOperatingExpenses": 1178775000, "operatingIncome": 299714000, "totalOtherIncomeExpenseNet": 44407000, "ebit": 299714000, "interestExpense": -10758000, "incomeBeforeTax": 344121000, "incomeTaxExpense": 89607000, "minorityInterest": 147591000, "netIncomeFromContinuingOps": 254514000, "discontinuedOperations": {}, "extraordinaryItems": {}, "effectOfAccountingCharges": {}, "otherItems": {}, "netIncome": 237458000, "netIncomeApplicableToCommonShares": 237458000}, {"maxAge": 1, "endDate": "2019-09-30", "totalRevenue": 2101242000, "costOfRevenue": 1558302000, "grossProfit": 542940000, "researchDevelopment": {}, "sellingGeneralAdministrative": 143232000, "nonRecurring": {}, "otherOperatingExpenses": 145047000, "totalOperatingExpenses": 1881553000, "operatingIncome": 219689000, "totalOtherIncomeExpenseNet": 118451000, "ebit": 219689000, "interestExpense": -10512000, "incomeBeforeTax": 338140000, "incomeTaxExpense": 29512000, "minorityInterest": 132175000, "netIncomeFromContinuingOps": 308628000, "discontinuedOperations": {}, "extraordinaryItems": {}, "effectOfAccountingCharges": {}, "otherItems": {}, "netIncome": 309813000, "netIncomeApplicableToCommonShares": 309813000}], "maxAge": 86400}, "cashflowStatementHistoryQuarterly": {"cashflowStatements": [{"maxAge": 1, "endDate": "2020-06-30", "netIncome": 161920000, "changeToLiabilities": 0}, {"maxAge": 1, "endDate": "2020-03-31", "netIncome": 87472000, "changeToLiabilities": 0}, {"maxAge": 1, "endDate": "2019-12-31", "netIncome": 237458000, "changeToLiabilities": 0}, {"maxAge": 1, "endDate": "2019-09-30", "netIncome": 309813000, "changeToLiabilities": 0}], "maxAge": 86400}, "insiderHolders": {"holders": [{"maxAge": 1, "name": "Ashra (Antara Gautam)", "relation": "Promoter", "url": "", "transactionDescription": "Sale", "latestTransDate": "2019-02-01", "positionDirect": 0, "positionDirectDate": "2019-02-01"}, {"maxAge": 1, "name": "Ashra (Arjun Gautam)", "relation": "Promoter", "url": "", "transactionDescription": "Other", "latestTransDate": "2019-03-08", "positionDirect": 5049000, "positionDirectDate": "2019-03-08"}, {"maxAge": 1, "name": "Ashra (Gautam Rasiklal)", "relation": "Director (Non-Executive)", "url": "", "transactionDescription": "Other", "latestTransDate": "2019-03-08", "positionDirect": 2918302, "positionDirectDate": "2019-03-08"}, {"maxAge": 1, "name": "Ashra (Mamta Gautam)", "relation": "Promoter", "url": "", "transactionDescription": "Sale", "latestTransDate": "2019-02-01", "positionDirect": 0, "positionDirectDate": "2019-02-01"}, {"maxAge": 1, "name": "Kamath (Shibroor Narasimha)", "relation": "Managing Director", "url": "", "transactionDescription": "Sale", "latestTransDate": "2019-02-01", "positionDirect": 34357024, "positionDirectDate": "2019-02-01"}, {"maxAge": 1, "name": "Rao (Shruti Vishal)", "relation": "Promoter", "url": "", "transactionDescription": "Sale", "latestTransDate": "2018-12-27", "positionDirect": 0, "positionDirectDate": "2018-12-27"}, {"maxAge": 1, "name": "Sharma (Vibha Gagan)", "relation": "Promoter", "url": "", "transactionDescription": "Sale", "latestTransDate": "2018-12-27", "positionDirect": 0, "positionDirectDate": "2018-12-27"}, {"maxAge": 1, "name": "Wagle (Mangesh Ghanashyam)", "relation": "Promoter", "url": "", "transactionDescription": "Acquisition", "latestTransDate": "2019-12-06", "positionDirect": 75000, "positionDirectDate": "2019-12-06"}], "maxAge": 1}, "earnings": {"maxAge": 86400, "earningsChart": {"quarterly": [], "earningsDate": []}, "financialsChart": {"yearly": [{"date": 2017, "revenue": 4033481000, "earnings": 820470000}, {"date": 2018, "revenue": 3720196000, "earnings": 587853000}, {"date": 2019, "revenue": 8985712000, "earnings": 1237216000}, {"date": 2020, "revenue": 6893090000, "earnings": 972650000}], "quarterly": [{"date": "3Q2019", "revenue": 2101242000, "earnings": 309813000}, {"date": "4Q2019", "revenue": 1478489000, "earnings": 237458000}, {"date": "1Q2020", "revenue": 1198039000, "earnings": 87472000}, {"date": "2Q2020", "revenue": 1295500000, "earnings": 161920000}]}, "financialCurrency": "INR"}, "calendarEvents": {"maxAge": 1, "earnings": {"earningsDate": []}}, "price": {"maxAge": 1, "regularMarketChangePercent": 0.00049288373, "regularMarketChange": 0.05000305, "regularMarketTime": "2021-04-30 15:29:27", "priceHint": 2, "regularMarketPrice": 101.5, "regularMarketDayHigh": 104.9, "regularMarketDayLow": 100.2, "regularMarketVolume": 79563, "averageDailyVolume10Day": 241800, "averageDailyVolume3Month": 265654, "regularMarketPreviousClose": 101.45, "regularMarketSource": "FREE_REALTIME", "regularMarketOpen": 101.0, "exchange": "BSE", "exchangeName": "BSE", "exchangeDataDelayedBy": 0, "marketState": "CLOSED", "quoteType": "EQUITY", "symbol": "BLISSGVS.BO", "underlyingSymbol": null, "shortName": "BLISS GVS PHARMA LTD.", "longName": "Bliss GVS Pharma Limited", "currency": "INR", "quoteSourceName": "Delayed Quote", "currencySymbol": "\u20b9", "fromCurrency": null, "toCurrency": null, "lastMarket": null, "marketCap": 10469420032}, "balanceSheetHistory": {"balanceSheetStatements": [{"maxAge": 1, "endDate": "2020-03-31", "cash": 150923000, "shortTermInvestments": 246295000, "netReceivables": 5732712000, "inventory": 741380000, "otherCurrentAssets": 834516000, "totalCurrentAssets": 7729493000, "longTermInvestments": 10246000, "propertyPlantEquipment": 2326162000, "goodWill": 77111000, "intangibleAssets": 6423000, "otherAssets": 140801000, "totalAssets": 10290236000, "accountsPayable": 941536000, "shortLongTermDebt": 173395000, "otherCurrentLiab": 491724000, "longTermDebt": 372385000, "otherLiab": 61085000, "minorityInterest": 147591000, "totalCurrentLiabilities": 2321844000, "totalLiab": 2786515000, "commonStock": 103147000, "retainedEarnings": 7187863000, "treasuryStock": -82453000, "capitalSurplus": 147573000, "otherStockholderEquity": -82453000, "totalStockholderEquity": 7356130000, "netTangibleAssets": 7272596000}, {"maxAge": 1, "endDate": "2019-03-31", "cash": 150393000, "shortTermInvestments": 718241000, "netReceivables": 4953029000, "inventory": 773674000, "otherCurrentAssets": 331142000, "totalCurrentAssets": 6934912000, "longTermInvestments": 294000, "propertyPlantEquipment": 1815375000, "goodWill": 96477000, "intangibleAssets": 5268000, "otherAssets": 196445000, "totalAssets": 9048771000, "accountsPayable": 788842000, "shortLongTermDebt": 51065000, "otherCurrentLiab": 557007000, "longTermDebt": 325375000, "otherLiab": 54513000, "minorityInterest": 138643000, "totalCurrentLiabilities": 2070254000, "totalLiab": 2450142000, "commonStock": 103147000, "retainedEarnings": 6331810000, "treasuryStock": -122544000, "capitalSurplus": 147573000, "otherStockholderEquity": -122544000, "totalStockholderEquity": 6459986000, "netTangibleAssets": 6358241000}, {"maxAge": 1, "endDate": "2018-03-31", "cash": 369496000, "shortTermInvestments": 174604000, "netReceivables": 4142440000, "inventory": 590335000, "otherCurrentAssets": 1617758000, "totalCurrentAssets": 6897876000, "longTermInvestments": 246000, "propertyPlantEquipment": 1267794000, "goodWill": 96477000, "intangibleAssets": 5178000, "otherAssets": 332770000, "totalAssets": 8600341000, "accountsPayable": 584334000, "shortLongTermDebt": 63825000, "otherCurrentLiab": 1269199000, "longTermDebt": 59155000, "otherLiab": 70052000, "minorityInterest": 114781000, "totalCurrentLiabilities": 2993960000, "totalLiab": 3123167000, "commonStock": 103147000, "retainedEarnings": 5220557000, "treasuryStock": -108884000, "capitalSurplus": 147573000, "otherStockholderEquity": -108884000, "totalStockholderEquity": 5362393000, "netTangibleAssets": 5260738000}, {"maxAge": 1, "endDate": "2017-03-31", "cash": 474119000, "shortTermInvestments": 214946000, "netReceivables": 2935095000, "inventory": 492987000, "otherCurrentAssets": 1526152000, "totalCurrentAssets": 5659321000, "longTermInvestments": 1939000, "propertyPlantEquipment": 2588340000, "goodWill": 424308000, "intangibleAssets": 66263000, "otherAssets": 1488879000, "totalAssets": 10229050000, "accountsPayable": 982462000, "shortLongTermDebt": 123389000, "otherCurrentLiab": 1326011000, "longTermDebt": 255804000, "otherLiab": 72302000, "minorityInterest": 663803000, "totalCurrentLiabilities": 4370936000, "totalLiab": 4699042000, "commonStock": 103147000, "retainedEarnings": 4707453000, "treasuryStock": -91968000, "capitalSurplus": 147573000, "otherStockholderEquity": -91968000, "totalStockholderEquity": 4866205000, "netTangibleAssets": 4375634000}], "maxAge": 86400}, "earningsTrend": {"trend": [{"maxAge": 1, "period": "0q", "endDate": null, "growth": {}, "earningsEstimate": {"avg": 0.0, "low": 0.0, "high": 0.0, "yearAgoEps": {}, "numberOfAnalysts": 0, "growth": {}}, "revenueEstimate": {"avg": 0, "low": 0, "high": 0, "numberOfAnalysts": 0, "yearAgoRevenue": {}, "growth": {}}, "epsTrend": {"current": 0.0, "7daysAgo": 0.0, "30daysAgo": 0.0, "60daysAgo": 0.0, "90daysAgo": 0.0}, "epsRevisions": {"upLast7days": 0, "upLast30days": 0, "downLast30days": 0, "downLast90days": {}}}, {"maxAge": 1, "period": "+1q", "endDate": null, "growth": {}, "earningsEstimate": {"avg": 0.0, "low": 0.0, "high": 0.0, "yearAgoEps": {}, "numberOfAnalysts": 0, "growth": {}}, "revenueEstimate": {"avg": 0, "low": 0, "high": 0, "numberOfAnalysts": 0, "yearAgoRevenue": {}, "growth": {}}, "epsTrend": {"current": 0.0, "7daysAgo": 0.0, "30daysAgo": 0.0, "60daysAgo": 0.0, "90daysAgo": 0.0}, "epsRevisions": {"upLast7days": 0, "upLast30days": 0, "downLast30days": 0, "downLast90days": {}}}, {"maxAge": 1, "period": "0y", "endDate": null, "growth": {}, "earningsEstimate": {"avg": 0.0, "low": 0.0, "high": 0.0, "yearAgoEps": {}, "numberOfAnalysts": 0, "growth": {}}, "revenueEstimate": {"avg": 0, "low": 0, "high": 0, "numberOfAnalysts": 0, "yearAgoRevenue": {}, "growth": {}}, "epsTrend": {"current": 0.0, "7daysAgo": 0.0, "30daysAgo": 0.0, "60daysAgo": 0.0, "90daysAgo": 0.0}, "epsRevisions": {"upLast7days": 0, "upLast30days": 0, "downLast30days": 0, "downLast90days": {}}}, {"maxAge": 1, "period": "+1y", "endDate": null, "growth": {}, "earningsEstimate": {"avg": 0.0, "low": 0.0, "high": 0.0, "yearAgoEps": {}, "numberOfAnalysts": 0, "growth": {}}, "revenueEstimate": {"avg": 0, "low": 0, "high": 0, "numberOfAnalysts": 0, "yearAgoRevenue": {}, "growth": {}}, "epsTrend": {"current": 0.0, "7daysAgo": 0.0, "30daysAgo": 0.0, "60daysAgo": 0.0, "90daysAgo": 0.0}, "epsRevisions": {"upLast7days": 0, "upLast30days": 0, "downLast30days": 0, "downLast90days": {}}}, {"maxAge": 1, "period": "+5y", "endDate": null, "growth": {}, "earningsEstimate": {"avg": {}, "low": {}, "high": {}, "yearAgoEps": {}, "numberOfAnalysts": {}, "growth": {}}, "revenueEstimate": {"avg": {}, "low": {}, "high": {}, "numberOfAnalysts": {}, "yearAgoRevenue": {}, "growth": {}}, "epsTrend": {"current": {}, "7daysAgo": {}, "30daysAgo": {}, "60daysAgo": {}, "90daysAgo": {}}, "epsRevisions": {"upLast7days": {}, "upLast30days": {}, "downLast30days": {}, "downLast90days": {}}}, {"maxAge": 1, "period": "-5y", "endDate": null, "growth": {}, "earningsEstimate": {"avg": {}, "low": {}, "high": {}, "yearAgoEps": {}, "numberOfAnalysts": {}, "growth": {}}, "revenueEstimate": {"avg": {}, "low": {}, "high": {}, "numberOfAnalysts": {}, "yearAgoRevenue": {}, "growth": {}}, "epsTrend": {"current": {}, "7daysAgo": {}, "30daysAgo": {}, "60daysAgo": {}, "90daysAgo": {}}, "epsRevisions": {"upLast7days": {}, "upLast30days": {}, "downLast30days": {}, "downLast90days": {}}}], "maxAge": 1}, "financialData": {"maxAge": 86400, "currentPrice": 101.5, "targetHighPrice": 170.0, "targetLowPrice": 170.0, "targetMeanPrice": 170.0, "targetMedianPrice": 170.0, "recommendationKey": "none", "numberOfAnalystOpinions": 1, "grossProfits": 2430405000, "financialCurrency": "INR"}}}