{"BLKASHYAP.NS": {"assetProfile": {"address1": "409, DLF Tower-A", "address2": "4th Floor Jasola", "city": "New Delhi", "zip": "110025", "country": "India", "phone": "91 11 4050 0300", "fax": "91 11 4050 0333", "website": "http://www.blkashyap.com", "industry": "Engineering & Construction", "sector": "Industrials", "longBusinessSummary": "B.L. Kashyap and Sons Limited, together with its subsidiaries, engages in the construction and infrastructure development activities in India. The company constructs IT campuses, commercial spaces, malls, hotels, residential complexes, institutions, factories and manufacturing facilities, and healthcare and transportation facilities. It also undertakes turnkey projects, such as power generation plants, power transmission and distribution systems, integrated rail and metro systems, residential buildings, townships, commercial buildings, airports, industrial units, chemical process plants, and water and waste water management solutions. B.L. Kashyap and Sons Limited was founded in 1978 and is based in New Delhi, India.", "fullTimeEmployees": 1281, "companyOfficers": [{"maxAge": 1, "name": "Mr. Vinod  Kashyap", "age": 69, "title": "Exec. Chairman", "yearBorn": 1951, "fiscalYear": 2020, "totalPay": 4833000, "exercisedValue": 0, "unexercisedValue": 0}, {"maxAge": 1, "name": "Mr. Vineet  Kashyap", "age": 66, "title": "MD & Exec. Director", "yearBorn": 1954, "fiscalYear": 2020, "totalPay": 4583000, "exercisedValue": 0, "unexercisedValue": 0}, {"maxAge": 1, "name": "Mr. Vikram  Kashyap", "age": 59, "title": "Joint MD & Exec. Director", "yearBorn": 1961, "fiscalYear": 2020, "totalPay": 4556000, "exercisedValue": 0, "unexercisedValue": 0}, {"maxAge": 1, "name": "Mr. Manoj Kumar Agrawal", "title": "Chief Financial Officer", "fiscalYear": 2020, "totalPay": 3473400, "exercisedValue": 0, "unexercisedValue": 0}, {"maxAge": 1, "name": "Mr. Pushpak  Kumar", "title": "Compliance Officer, GM of Corp. Affairs & Company Sec.", "fiscalYear": 2020, "totalPay": 2160000, "exercisedValue": 0, "unexercisedValue": 0}, {"maxAge": 1, "name": "Mr. Ashok  Kumar", "age": 49, "title": "VP", "yearBorn": 1971, "exercisedValue": 0, "unexercisedValue": 0}, {"maxAge": 1, "name": "Mr. Rajiv  Tyagi", "age": 47, "title": "VP", "yearBorn": 1973, "exercisedValue": 0, "unexercisedValue": 0}, {"maxAge": 1, "name": "Mr. Prashant  Tyagi", "age": 56, "title": "Chief Operating Officer", "yearBorn": 1964, "fiscalYear": 2017, "exercisedValue": 0, "unexercisedValue": 0}, {"maxAge": 1, "name": "Mr. Naveel  Singla", "age": 51, "title": "Execution Head of South", "yearBorn": 1969, "fiscalYear": 2018, "exercisedValue": 0, "unexercisedValue": 0}, {"maxAge": 1, "name": "Mr. Pradeep  Sharma", "age": 66, "title": "Head of Purchases", "yearBorn": 1954, "fiscalYear": 2010, "exercisedValue": 0, "unexercisedValue": 0}], "compensationAsOfEpochDate": "2020-12-31 05:30:00", "maxAge": 86400}, "recommendationTrend": {"trend": [{"period": "0m", "strongBuy": 0, "buy": 0, "hold": 0, "sell": 0, "strongSell": 0}, {"period": "-1m", "strongBuy": 0, "buy": 0, "hold": 0, "sell": 0, "strongSell": 0}, {"period": "-2m", "strongBuy": 0, "buy": 0, "hold": 0, "sell": 0, "strongSell": 0}, {"period": "-3m", "strongBuy": 0, "buy": 0, "hold": 0, "sell": 0, "strongSell": 0}], "maxAge": 86400}, "cashflowStatementHistory": {"cashflowStatements": [{"maxAge": 1, "endDate": "2020-03-31", "netIncome": -627882987, "depreciation": 118098417, "changeToNetincome": 790038140, "changeToAccountReceivables": -450888848, "changeToLiabilities": 459195058, "changeToInventory": -330950504, "changeToOperatingActivities": -184747251, "totalCashFromOperatingActivities": -226158437, "capitalExpenditures": -71012721, "otherCashflowsFromInvestingActivities": 154628869, "totalCashflowsFromInvestingActivities": 844170997, "netBorrowings": 151029341, "otherCashflowsFromFinancingActivities": -692782071, "totalCashFromFinancingActivities": -541752730, "changeInCash": 76259830}, {"maxAge": 1, "endDate": "2019-03-31", "netIncome": -62562218, "depreciation": 117328797, "changeToNetincome": 686269335, "changeToAccountReceivables": -211754898, "changeToLiabilities": -840346499, "changeToInventory": 185318131, "changeToOperatingActivities": 1769416688, "totalCashFromOperatingActivities": 1644644067, "capitalExpenditures": -110936368, "otherCashflowsFromInvestingActivities": 50708235, "totalCashflowsFromInvestingActivities": -23516634, "netBorrowings": -1259139907, "otherCashflowsFromFinancingActivities": -597052338, "totalCashFromFinancingActivities": -1603717245, "changeInCash": 17410188, "issuanceOfStock": 252475000}, {"maxAge": 1, "endDate": "2018-03-31", "netIncome": 210913482, "depreciation": 119073600, "changeToNetincome": 1132820064, "changeToAccountReceivables": -972672480, "changeToLiabilities": 475206518, "changeToInventory": 947097117, "changeToOperatingActivities": -737979709, "totalCashFromOperatingActivities": 1174458592, "capitalExpenditures": -87598302, "otherCashflowsFromInvestingActivities": -161319313, "totalCashflowsFromInvestingActivities": -224941058, "netBorrowings": -93690227, "otherCashflowsFromFinancingActivities": -769134880, "totalCashFromFinancingActivities": -448700107, "changeInCash": 500817428, "issuanceOfStock": 414125000}, {"maxAge": 1, "endDate": "2017-03-31", "netIncome": 49696292, "depreciation": 128503885, "changeToNetincome": 745126667, "changeToAccountReceivables": 440326385, "changeToLiabilities": -330243152, "changeToInventory": 844064427, "changeToOperatingActivities": 572376446, "totalCashFromOperatingActivities": 2451195947, "capitalExpenditures": -31701387, "otherCashflowsFromInvestingActivities": -12125566, "totalCashflowsFromInvestingActivities": -26664296, "dividendsPaid": -253, "netBorrowings": -1605082685, "otherCashflowsFromFinancingActivities": -827216126, "totalCashFromFinancingActivities": -2432299064, "changeInCash": -7767413, "issuanceOfStock": 414125000}], "maxAge": 86400}, "indexTrend": {"maxAge": 1, "symbol": "SP5", "peRatio": 19.7411, "pegRatio": 1.34172, "estimates": [{"period": "0q", "growth": 0.549}, {"period": "+1q", "growth": 0.431}, {"period": "0y", "growth": 0.305}, {"period": "+1y", "growth": 0.109}, {"period": "+5y", "growth": 0.120865}, {"period": "-5y"}]}, "defaultKeyStatistics": {"maxAge": 1, "priceHint": 2, "enterpriseValue": 7804332544, "profitMargins": -0.06826, "floatShares": 70400801, "sharesOutstanding": 225440000, "heldPercentInsiders": 0.73213, "heldPercentInstitutions": 0.03418, "beta": 0.906349, "category": null, "bookValue": 19.195, "priceToBook": 0.8205262, "fundFamily": null, "legalType": null, "lastFiscalYearEnd": "2020-03-31 05:30:00", "nextFiscalYearEnd": "2022-03-31 05:30:00", "mostRecentQuarter": "2020-12-31 05:30:00", "netIncomeToCommon": -477725984, "trailingEps": -2.131, "forwardEps": 1.05, "lastSplitFactor": "2:1", "lastSplitDate": "2010-09-29 05:30:00", "enterpriseToRevenue": 1.115, "enterpriseToEbitda": 23.359, "52WeekChange": 2.28125, "SandP52WeekChange": 0.48148263, "lastDividendValue": 0.05, "lastDividendDate": 1378944000}, "industryTrend": {"maxAge": 1, "symbol": null, "estimates": []}, "quoteType": {"exchange": "NSI", "quoteType": "EQUITY", "symbol": "BLKASHYAP.NS", "underlyingSymbol": "BLKASHYAP.NS", "shortName": "B.L. KASHYAP & SON", "longName": "B.L. Kashyap and Sons Limited", "firstTradeDateEpochUtc": "2006-03-17 09:15:00", "timeZoneFullName": "Asia/Kolkata", "timeZoneShortName": "IST", "uuid": "2007a375-8ac6-3d38-9519-20b6ab9cc7ea", "messageBoardId": "finmb_25984523", "gmtOffSetMilliseconds": 19800000, "maxAge": 1}, "incomeStatementHistory": {"incomeStatementHistory": [{"maxAge": 1, "endDate": "2020-03-31", "totalRevenue": 8196820468, "costOfRevenue": 5462241453, "grossProfit": 2734579015, "researchDevelopment": {}, "sellingGeneralAdministrative": 1838018961, "nonRecurring": {}, "otherOperatingExpenses": 458052843, "totalOperatingExpenses": 8104841638, "operatingIncome": 91978830, "totalOtherIncomeExpenseNet": -911286747, "ebit": 91978830, "interestExpense": -636665245, "incomeBeforeTax": -819307917, "incomeTaxExpense": -191424930, "minorityInterest": {}, "netIncomeFromContinuingOps": -627882987, "discontinuedOperations": {}, "extraordinaryItems": {}, "effectOfAccountingCharges": {}, "otherItems": {}, "netIncome": -627882987, "netIncomeApplicableToCommonShares": -627882987}, {"maxAge": 1, "endDate": "2019-03-31", "totalRevenue": 7692503815, "costOfRevenue": 4730011188, "grossProfit": 2962492627, "researchDevelopment": {}, "sellingGeneralAdministrative": 1617029146, "nonRecurring": {}, "otherOperatingExpenses": 540524747, "totalOperatingExpenses": 7213352118, "operatingIncome": 479151697, "totalOtherIncomeExpenseNet": -574860048, "ebit": 479151697, "interestExpense": -564808270, "incomeBeforeTax": -95708351, "incomeTaxExpense": -32880714, "minorityInterest": {}, "netIncomeFromContinuingOps": -62827637, "discontinuedOperations": {}, "extraordinaryItems": {}, "effectOfAccountingCharges": {}, "otherItems": {}, "netIncome": -62562218, "netIncomeApplicableToCommonShares": -62562218}, {"maxAge": 1, "endDate": "2018-03-31", "totalRevenue": 10122014235, "costOfRevenue": 6873964961, "grossProfit": 3248049274, "researchDevelopment": {}, "sellingGeneralAdministrative": 1580126046, "nonRecurring": {}, "otherOperatingExpenses": 561258026, "totalOperatingExpenses": 9341170561, "operatingIncome": 780843674, "totalOtherIncomeExpenseNet": -466395483, "ebit": 780843674, "interestExpense": -701668205, "incomeBeforeTax": 314448191, "incomeTaxExpense": 61186043, "minorityInterest": 265419, "netIncomeFromContinuingOps": 253262148, "discontinuedOperations": -47176144, "extraordinaryItems": {}, "effectOfAccountingCharges": {}, "otherItems": {}, "netIncome": 210913482, "netIncomeApplicableToCommonShares": 210913482}, {"maxAge": 1, "endDate": "2017-03-31", "totalRevenue": 9236347428, "costOfRevenue": 6217684142, "grossProfit": 3018663286, "researchDevelopment": {}, "sellingGeneralAdministrative": 1495250226, "nonRecurring": {}, "otherOperatingExpenses": 631045551, "totalOperatingExpenses": 8473828710, "operatingIncome": 762518718, "totalOtherIncomeExpenseNet": -824217534, "ebit": 762518718, "interestExpense": -743313751, "incomeBeforeTax": -61698816, "incomeTaxExpense": -111395108, "minorityInterest": 5092536, "netIncomeFromContinuingOps": 49696292, "discontinuedOperations": -47176144, "extraordinaryItems": {}, "effectOfAccountingCharges": {}, "otherItems": {}, "netIncome": 49696292, "netIncomeApplicableToCommonShares": 49696292}], "maxAge": 86400}, "fundOwnership": {"maxAge": 1, "ownershipList": []}, "summaryDetail": {"maxAge": 1, "priceHint": 2, "previousClose": 16.1, "open": 16.0, "dayLow": 15.5, "dayHigh": 16.5, "regularMarketPreviousClose": 16.1, "regularMarketOpen": 16.0, "regularMarketDayLow": 15.5, "regularMarketDayHigh": 16.5, "exDividendDate": "2013-09-12 05:30:00", "payoutRatio": 0.0, "beta": 0.906349, "forwardPE": 15.000001, "volume": 146690, "regularMarketVolume": 146690, "averageVolume": 501245, "averageVolume10days": 328854, "averageDailyVolume10Day": 328854, "bid": 0.0, "ask": 0.0, "bidSize": 0, "askSize": 0, "marketCap": 3594779904, "fiftyTwoWeekLow": 3.8, "fiftyTwoWeekHigh": 21.6, "priceToSalesTrailing12Months": 0.5136721, "fiftyDayAverage": 18.095455, "twoHundredDayAverage": 11.512411, "currency": "INR", "fromCurrency": null, "toCurrency": null, "lastMarket": null, "algorithm": null, "tradeable": false}, "insiderHolders": {"holders": [{"maxAge": 1, "name": "Citigroup Global Markets Mauritius Pvt Ltd", "relation": "Investment Advisor", "url": "", "transactionDescription": "Sale", "latestTransDate": "2010-07-13", "positionDirect": 654034, "positionDirectDate": "2010-07-13"}, {"maxAge": 1, "name": "Ebony Advisors L.L.P.", "relation": "Institution- Corporation", "url": "", "transactionDescription": "Acquisition", "latestTransDate": "2019-03-13", "positionDirect": 302055, "positionDirectDate": "2019-03-13"}, {"maxAge": 1, "name": "Kashyap (Malini)", "relation": "UNREPORTED", "url": "", "transactionDescription": "Acquisition", "latestTransDate": "2011-06-24", "positionDirect": 29940, "positionDirectDate": "2011-06-24"}, {"maxAge": 1, "name": "Kashyap (Saurabh)", "relation": "UNREPORTED", "url": "", "transactionDescription": "Acquisition", "latestTransDate": "2013-03-25", "positionDirect": 93416, "positionDirectDate": "2013-03-25"}, {"maxAge": 1, "name": "Kashyap (Vikram)", "relation": "Joint Managing director", "url": "", "transactionDescription": "Acquisition", "latestTransDate": "2011-11-22", "positionDirect": 48616750, "positionDirectDate": "2011-11-22"}, {"maxAge": 1, "name": "Kashyap (Vineet)", "relation": "Managing Director", "url": "", "transactionDescription": "Acquisition", "latestTransDate": "2013-03-25", "positionDirect": 48932330, "positionDirectDate": "2013-03-25"}, {"maxAge": 1, "name": "Kothari (Naresh Lakshman Singh)", "relation": "UNREPORTED", "url": "", "transactionDescription": "Sale", "latestTransDate": "2019-03-13", "positionDirect": 0, "positionDirectDate": "2019-03-13"}, {"maxAge": 1, "name": "Nanani (Hasa Nand)", "relation": "Director (Non-Executive)", "url": "", "transactionDescription": "Sale", "latestTransDate": "2012-02-17", "positionDirect": 65000, "positionDirectDate": "2012-02-17"}, {"maxAge": 1, "name": "Ncube Ventures L.L.P.", "relation": "Institution- Corporation", "url": "", "transactionDescription": "Sale", "latestTransDate": "2019-03-13", "positionDirect": 0, "positionDirectDate": "2019-03-13"}], "maxAge": 1}, "calendarEvents": {"maxAge": 1, "earnings": {"earningsDate": [], "revenueAverage": 2729460000}, "exDividendDate": "2013-09-12 05:30:00"}, "price": {"maxAge": 1, "regularMarketChangePercent": -0.021739153, "regularMarketChange": -0.35000038, "regularMarketTime": "2021-04-30 15:29:17", "priceHint": 2, "regularMarketPrice": 15.75, "regularMarketDayHigh": 16.5, "regularMarketDayLow": 15.5, "regularMarketVolume": 146690, "averageDailyVolume10Day": 328854, "averageDailyVolume3Month": 501245, "regularMarketPreviousClose": 16.1, "regularMarketSource": "FREE_REALTIME", "regularMarketOpen": 16.0, "exchange": "NSI", "exchangeName": "NSE", "exchangeDataDelayedBy": 15, "marketState": "CLOSED", "quoteType": "EQUITY", "symbol": "BLKASHYAP.NS", "underlyingSymbol": null, "shortName": "B.L. KASHYAP & SON", "longName": "B.L. Kashyap and Sons Limited", "currency": "INR", "quoteSourceName": "Delayed Quote", "currencySymbol": "\u20b9", "fromCurrency": null, "toCurrency": null, "lastMarket": null, "marketCap": 3594779904}, "balanceSheetHistory": {"balanceSheetStatements": [{"maxAge": 1, "endDate": "2020-03-31", "cash": 126670750, "netReceivables": 5760892500, "inventory": 3609747701, "otherCurrentAssets": 1318170000, "totalCurrentAssets": 10815480951, "longTermInvestments": 9265592, "propertyPlantEquipment": 1647495433, "intangibleAssets": 1974814, "otherAssets": 5705407526, "deferredLongTermAssetCharges": 1657203092, "totalAssets": 18179624316, "accountsPayable": 1861921173, "shortLongTermDebt": 919590214, "otherCurrentLiab": 3200362975, "longTermDebt": 1335222216, "otherLiab": 2501853912, "totalCurrentLiabilities": 9759485984, "totalLiab": 13596562112, "commonStock": 225440000, "retainedEarnings": 1742058788, "treasuryStock": 65539166, "capitalSurplus": 2550024250, "otherStockholderEquity": 65539166, "totalStockholderEquity": 4583062204, "netTangibleAssets": 4581087390}, {"maxAge": 1, "endDate": "2019-03-31", "cash": 106137161, "netReceivables": 5483497774, "inventory": 3278797198, "otherCurrentAssets": 1214566177, "totalCurrentAssets": 10082998310, "longTermInvestments": 26525618, "propertyPlantEquipment": 1734221960, "intangibleAssets": 2954352, "otherAssets": 6391820509, "deferredLongTermAssetCharges": 1422805035, "totalAssets": 18238520749, "accountsPayable": 1500702170, "shortLongTermDebt": 1349611327, "otherCurrentLiab": 3521016344, "longTermDebt": 1176636440, "otherLiab": 1778752020, "totalCurrentLiabilities": 10124872268, "totalLiab": 13080260728, "commonStock": 225440000, "retainedEarnings": 2370087771, "treasuryStock": 12708000, "capitalSurplus": 2550024250, "otherStockholderEquity": 12708000, "totalStockholderEquity": 5158260021, "netTangibleAssets": 5155305669}, {"maxAge": 1, "endDate": "2018-03-31", "cash": 117434225, "netReceivables": 4207965966, "inventory": 3464115328, "otherCurrentAssets": 1256429868, "totalCurrentAssets": 9045945387, "longTermInvestments": 78178004, "propertyPlantEquipment": 1807859875, "intangibleAssets": 3744623, "otherAssets": 6539466848, "deferredLongTermAssetCharges": 1371131695, "totalAssets": 17475194737, "accountsPayable": 2012847326, "shortLongTermDebt": 1712068630, "otherCurrentLiab": 1977609512, "longTermDebt": 1330232955, "otherLiab": 1711243312, "minorityInterest": 265419, "totalCurrentLiabilities": 9455156939, "totalLiab": 12496633206, "commonStock": 215440000, "retainedEarnings": 2440098862, "treasuryStock": 15208000, "capitalSurplus": 2307549250, "otherStockholderEquity": 15208000, "totalStockholderEquity": 4978296112, "netTangibleAssets": 4974551489}, {"maxAge": 1, "endDate": "2017-03-31", "cash": 95866827, "netReceivables": 4531422056, "inventory": 4411212446, "otherCurrentAssets": 1385404600, "totalCurrentAssets": 10423905929, "longTermInvestments": 11016309, "propertyPlantEquipment": 1833205648, "intangibleAssets": 5775311, "otherAssets": 5465973230, "deferredLongTermAssetCharges": 1387040894, "totalAssets": 17739876427, "accountsPayable": 1567658318, "shortLongTermDebt": 2453024411, "otherCurrentLiab": 1588278780, "longTermDebt": 1508011375, "otherLiab": 1882442808, "minorityInterest": 5092536, "totalCurrentLiabilities": 10002193684, "totalLiab": 13392647867, "commonStock": 205440000, "retainedEarnings": 2220563774, "treasuryStock": 12708000, "capitalSurplus": 1903424250, "otherStockholderEquity": 12708000, "totalStockholderEquity": 4342136024, "netTangibleAssets": 4336360713}], "maxAge": 86400}, "earningsTrend": {"trend": [{"maxAge": 1, "period": "0q", "endDate": "2018-03-31", "growth": {}, "earningsEstimate": {"avg": 0.0, "low": 0.0, "high": 0.0, "yearAgoEps": {}, "numberOfAnalysts": 0, "growth": {}}, "revenueEstimate": {"avg": 2729460000, "low": 0, "high": 0, "numberOfAnalysts": 0, "yearAgoRevenue": {}, "growth": {}}, "epsTrend": {"current": 0.0, "7daysAgo": 0.0, "30daysAgo": 0.0, "60daysAgo": 0.0, "90daysAgo": 0.0}, "epsRevisions": {"upLast7days": 0, "upLast30days": 0, "downLast30days": 0, "downLast90days": {}}}, {"maxAge": 1, "period": "+1q", "endDate": "2018-06-30", "growth": {}, "earningsEstimate": {"avg": 0.0, "low": 0.0, "high": 0.0, "yearAgoEps": {}, "numberOfAnalysts": 0, "growth": {}}, "revenueEstimate": {"avg": 0, "low": 0, "high": 0, "numberOfAnalysts": 0, "yearAgoRevenue": {}, "growth": {}}, "epsTrend": {"current": 0.0, "7daysAgo": 0.0, "30daysAgo": 0.0, "60daysAgo": 0.0, "90daysAgo": 0.0}, "epsRevisions": {"upLast7days": 0, "upLast30days": 0, "downLast30days": 0, "downLast90days": {}}}, {"maxAge": 1, "period": "0y", "endDate": "2018-03-31", "growth": {}, "earningsEstimate": {"avg": 0.0, "low": 0.0, "high": 0.0, "yearAgoEps": {}, "numberOfAnalysts": 0, "growth": {}}, "revenueEstimate": {"avg": 9366800000, "low": 9250750000, "high": 9250750000, "numberOfAnalysts": 1, "yearAgoRevenue": {}, "growth": {}}, "epsTrend": {"current": 0.0, "7daysAgo": 0.87, "30daysAgo": 0.87, "60daysAgo": 0.87, "90daysAgo": 0.87}, "epsRevisions": {"upLast7days": 0, "upLast30days": 0, "downLast30days": 0, "downLast90days": {}}}, {"maxAge": 1, "period": "+1y", "endDate": "2019-03-31", "growth": {}, "earningsEstimate": {"avg": 0.0, "low": 0.0, "high": 0.0, "yearAgoEps": {}, "numberOfAnalysts": 0, "growth": {}}, "revenueEstimate": {"avg": 9805800000, "low": 9805800000, "high": 9805800000, "numberOfAnalysts": 1, "yearAgoRevenue": 9366800000, "growth": 0.047}, "epsTrend": {"current": 0.0, "7daysAgo": 1.05, "30daysAgo": 1.05, "60daysAgo": 1.05, "90daysAgo": 1.05}, "epsRevisions": {"upLast7days": 0, "upLast30days": 0, "downLast30days": 0, "downLast90days": {}}}, {"maxAge": 1, "period": "+5y", "endDate": null, "growth": {}, "earningsEstimate": {"avg": {}, "low": {}, "high": {}, "yearAgoEps": {}, "numberOfAnalysts": {}, "growth": {}}, "revenueEstimate": {"avg": {}, "low": {}, "high": {}, "numberOfAnalysts": {}, "yearAgoRevenue": {}, "growth": {}}, "epsTrend": {"current": {}, "7daysAgo": {}, "30daysAgo": {}, "60daysAgo": {}, "90daysAgo": {}}, "epsRevisions": {"upLast7days": {}, "upLast30days": {}, "downLast30days": {}, "downLast90days": {}}}, {"maxAge": 1, "period": "-5y", "endDate": null, "growth": 0.07438, "earningsEstimate": {"avg": {}, "low": {}, "high": {}, "yearAgoEps": {}, "numberOfAnalysts": {}, "growth": {}}, "revenueEstimate": {"avg": {}, "low": {}, "high": {}, "numberOfAnalysts": {}, "yearAgoRevenue": {}, "growth": {}}, "epsTrend": {"current": {}, "7daysAgo": {}, "30daysAgo": {}, "60daysAgo": {}, "90daysAgo": {}}, "epsRevisions": {"upLast7days": {}, "upLast30days": {}, "downLast30days": {}, "downLast90days": {}}}], "maxAge": 1}, "institutionOwnership": {"maxAge": 1, "ownershipList": []}, "majorHoldersBreakdown": {"maxAge": 1, "insidersPercentHeld": 0.73213, "institutionsPercentHeld": 0.03418, "institutionsFloatPercentHeld": 0.12761, "institutionsCount": 1}, "balanceSheetHistoryQuarterly": {"balanceSheetStatements": [{"maxAge": 1, "endDate": "2020-12-31", "totalStockholderEquity": 4326463000, "netTangibleAssets": 4325451000}, {"maxAge": 1, "endDate": "2020-09-30", "cash": 272152000, "netReceivables": 6506866000, "inventory": 3554227000, "otherCurrentAssets": 1505391000, "totalCurrentAssets": 11838636000, "longTermInvestments": 21591000, "propertyPlantEquipment": 868997000, "intangibleAssets": 1012000, "otherAssets": 4891759000, "deferredLongTermAssetCharges": 1569566000, "totalAssets": 17621995000, "accountsPayable": 1722802000, "otherCurrentLiab": 4599223000, "longTermDebt": 1376213000, "otherLiab": 2515734000, "totalCurrentLiabilities": 9403585000, "totalLiab": 13295532000, "commonStock": 225440000, "treasuryStock": 4101023000, "otherStockholderEquity": 4101023000, "totalStockholderEquity": 4326463000, "netTangibleAssets": 4325451000}, {"maxAge": 1, "endDate": "2020-06-30", "totalStockholderEquity": 4583062000, "netTangibleAssets": 4581087000}, {"maxAge": 1, "endDate": "2020-03-31", "cash": 126670750, "netReceivables": 5760892500, "inventory": 3609747701, "otherCurrentAssets": 1318170000, "totalCurrentAssets": 10815480951, "longTermInvestments": 9265592, "propertyPlantEquipment": 1647495433, "intangibleAssets": 1974814, "otherAssets": 5705407526, "deferredLongTermAssetCharges": 1657203092, "totalAssets": 18179624316, "accountsPayable": 1861921173, "shortLongTermDebt": 919590214, "otherCurrentLiab": 3200362975, "longTermDebt": 1335222216, "otherLiab": 2501853912, "totalCurrentLiabilities": 9759485984, "totalLiab": 13596562112, "commonStock": 225440000, "retainedEarnings": 1742058788, "treasuryStock": 65539166, "capitalSurplus": 2550024250, "otherStockholderEquity": 65539166, "totalStockholderEquity": 4583062204, "netTangibleAssets": 4581087390}], "maxAge": 86400}, "earningsHistory": {"history": [{"maxAge": 1, "epsActual": {}, "epsEstimate": {}, "epsDifference": {}, "surprisePercent": {}, "quarter": {}, "period": "-4q"}, {"maxAge": 1, "epsActual": {}, "epsEstimate": {}, "epsDifference": {}, "surprisePercent": {}, "quarter": {}, "period": "-3q"}, {"maxAge": 1, "epsActual": {}, "epsEstimate": {}, "epsDifference": {}, "surprisePercent": {}, "quarter": {}, "period": "-2q"}, {"maxAge": 1, "epsActual": 0.42, "epsEstimate": 0.1, "epsDifference": 0.32, "surprisePercent": 3.2, "quarter": "2017-12-31", "period": "-1q"}], "maxAge": 86400}, "summaryProfile": {"address1": "409, DLF Tower-A", "address2": "4th Floor Jasola", "city": "New Delhi", "zip": "110025", "country": "India", "phone": "91 11 4050 0300", "fax": "91 11 4050 0333", "website": "http://www.blkashyap.com", "industry": "Engineering & Construction", "sector": "Industrials", "longBusinessSummary": "B.L. Kashyap and Sons Limited, together with its subsidiaries, engages in the construction and infrastructure development activities in India. The company constructs IT campuses, commercial spaces, malls, hotels, residential complexes, institutions, factories and manufacturing facilities, and healthcare and transportation facilities. It also undertakes turnkey projects, such as power generation plants, power transmission and distribution systems, integrated rail and metro systems, residential buildings, townships, commercial buildings, airports, industrial units, chemical process plants, and water and waste water management solutions. B.L. Kashyap and Sons Limited was founded in 1978 and is based in New Delhi, India.", "fullTimeEmployees": 1281, "companyOfficers": [], "maxAge": 86400}, "netSharePurchaseActivity": {"maxAge": 1, "period": "6m", "buyInfoCount": 0, "buyInfoShares": 0, "sellInfoCount": 0, "netInfoCount": 0, "netInfoShares": 0, "netPercentInsiderShares": 0.0, "totalInsiderShares": 164556976}, "insiderTransactions": {"transactions": [{"maxAge": 1, "shares": 302055, "filerUrl": "", "transactionText": "", "filerName": "Ebony Advisors L.L.P.", "filerRelation": "Institution- Corporation", "moneyText": "", "startDate": "2019-03-13", "ownership": "D"}, {"maxAge": 1, "shares": 190000, "filerUrl": "", "transactionText": "", "filerName": "Kothari (Naresh Lakshman Singh)", "filerRelation": "UNREPORTED", "moneyText": "", "startDate": "2019-03-13", "ownership": "D"}, {"maxAge": 1, "shares": 0, "filerUrl": "", "transactionText": "", "filerName": "Ebony Advisors L.L.P.", "filerRelation": "Institution- Corporation", "moneyText": "", "startDate": "2019-03-13", "ownership": "I"}, {"maxAge": 1, "shares": 112055, "filerUrl": "", "transactionText": "", "filerName": "Ncube Ventures L.L.P.", "filerRelation": "Institution- Corporation", "moneyText": "", "startDate": "2019-03-13", "ownership": "D"}, {"maxAge": 1, "shares": 112055, "filerUrl": "", "transactionText": "", "filerName": "Ncube Ventures L.L.P.", "filerRelation": "Institution- Corporation", "moneyText": "", "startDate": "2019-03-13", "ownership": "D"}, {"maxAge": 1, "shares": 80000, "filerUrl": "", "transactionText": "", "filerName": "Kashyap (Vineet)", "filerRelation": "Managing Director", "moneyText": "", "startDate": "2013-03-25", "ownership": "D"}, {"maxAge": 1, "shares": 93416, "filerUrl": "", "transactionText": "", "filerName": "Kashyap (Saurabh)", "filerRelation": "UNREPORTED", "moneyText": "", "startDate": "2013-03-25", "ownership": "D"}, {"maxAge": 1, "shares": 100000, "filerUrl": "", "transactionText": "", "filerName": "Kashyap (Vineet)", "filerRelation": "Managing Director", "moneyText": "", "startDate": "2013-03-21", "ownership": "D"}, {"maxAge": 1, "shares": 75000, "filerUrl": "", "transactionText": "", "filerName": "Nanani (Hasa Nand)", "filerRelation": "Director (Non-Executive)", "moneyText": "", "startDate": "2012-02-17", "ownership": "D"}, {"maxAge": 1, "shares": 10000, "filerUrl": "", "transactionText": "", "filerName": "Kashyap (Vikram)", "filerRelation": "Joint Managing director", "moneyText": "", "startDate": "2011-11-22", "ownership": "D"}, {"maxAge": 1, "shares": 19940, "filerUrl": "", "transactionText": "", "filerName": "Kashyap (Malini)", "filerRelation": "UNREPORTED", "moneyText": "", "startDate": "2011-06-24", "ownership": "D"}, {"maxAge": 1, "shares": 131006, "filerUrl": "", "transactionText": "", "filerName": "Nanani (Hasa Nand)", "filerRelation": "Director (Non-Executive)", "moneyText": "", "startDate": "2011-03-27", "ownership": "D"}, {"maxAge": 1, "shares": 15000, "filerUrl": "", "transactionText": "", "filerName": "Citigroup Global Markets Mauritius Pvt Ltd", "filerRelation": "Investment Advisor", "moneyText": "", "startDate": "2010-07-13", "ownership": "D"}, {"maxAge": 1, "shares": 7000, "filerUrl": "", "transactionText": "", "filerName": "Citigroup Global Markets Mauritius Pvt Ltd", "filerRelation": "Investment Advisor", "moneyText": "", "startDate": "2010-07-13", "ownership": "D"}, {"maxAge": 1, "shares": 1894, "filerUrl": "", "transactionText": "", "filerName": "Nanani (Hasa Nand)", "filerRelation": "Director", "moneyText": "", "startDate": "2009-09-29", "ownership": "D"}], "maxAge": 1}, "sectorTrend": {"maxAge": 1, "symbol": null, "estimates": []}, "incomeStatementHistoryQuarterly": {"incomeStatementHistory": [{"maxAge": 1, "endDate": "2020-12-31", "totalRevenue": 2403406000, "costOfRevenue": 1637970000, "grossProfit": 765436000, "researchDevelopment": {}, "sellingGeneralAdministrative": 517103000, "nonRecurring": {}, "otherOperatingExpenses": {}, "totalOperatingExpenses": 2182355000, "operatingIncome": 221051000, "totalOtherIncomeExpenseNet": -154202000, "ebit": 221051000, "interestExpense": -151740000, "incomeBeforeTax": 66849000, "incomeTaxExpense": 28639000, "minorityInterest": {}, "netIncomeFromContinuingOps": 38210000, "discontinuedOperations": {}, "extraordinaryItems": {}, "effectOfAccountingCharges": {}, "otherItems": {}, "netIncome": 38210000, "netIncomeApplicableToCommonShares": 38210000}, {"maxAge": 1, "endDate": "2020-09-30", "totalRevenue": 1643582000, "costOfRevenue": 1080097000, "grossProfit": 563485000, "researchDevelopment": {}, "sellingGeneralAdministrative": 410872000, "nonRecurring": {}, "otherOperatingExpenses": {}, "totalOperatingExpenses": 1519160000, "operatingIncome": 124422000, "totalOtherIncomeExpenseNet": -178704000, "ebit": 124422000, "interestExpense": -133094000, "incomeBeforeTax": -54282000, "incomeTaxExpense": 175627000, "minorityInterest": {}, "netIncomeFromContinuingOps": -229909000, "discontinuedOperations": {}, "extraordinaryItems": {}, "effectOfAccountingCharges": {}, "otherItems": {}, "netIncome": -229909000, "netIncomeApplicableToCommonShares": -229909000}, {"maxAge": 1, "endDate": "2020-06-30", "totalRevenue": 652946000, "costOfRevenue": 426795000, "grossProfit": 226151000, "researchDevelopment": {}, "sellingGeneralAdministrative": 210989000, "nonRecurring": {}, "otherOperatingExpenses": {}, "totalOperatingExpenses": 665396000, "operatingIncome": -12450000, "totalOtherIncomeExpenseNet": -83476000, "ebit": -12450000, "interestExpense": -126531000, "incomeBeforeTax": -95926000, "incomeTaxExpense": -69309000, "minorityInterest": {}, "netIncomeFromContinuingOps": -26617000, "discontinuedOperations": {}, "extraordinaryItems": {}, "effectOfAccountingCharges": {}, "otherItems": {}, "netIncome": -26617000, "netIncomeApplicableToCommonShares": -26617000}, {"maxAge": 1, "endDate": "2020-03-31", "totalRevenue": 2298265468, "costOfRevenue": 1629131453, "grossProfit": 669134015, "researchDevelopment": {}, "sellingGeneralAdministrative": 73575961, "nonRecurring": {}, "otherOperatingExpenses": 458052843, "totalOperatingExpenses": 2415855638, "operatingIncome": -117590170, "totalOtherIncomeExpenseNet": -304348747, "ebit": -117590170, "interestExpense": -115527245, "incomeBeforeTax": -421938917, "incomeTaxExpense": -162528930, "minorityInterest": {}, "netIncomeFromContinuingOps": -259409987, "discontinuedOperations": {}, "extraordinaryItems": {}, "effectOfAccountingCharges": {}, "otherItems": {}, "netIncome": -259409987, "netIncomeApplicableToCommonShares": -259409987}], "maxAge": 86400}, "cashflowStatementHistoryQuarterly": {"cashflowStatements": [{"maxAge": 1, "endDate": "2020-12-31", "netIncome": 38210000, "changeToLiabilities": 0}, {"maxAge": 1, "endDate": "2020-09-30", "netIncome": -229909000, "changeToLiabilities": 0}, {"maxAge": 1, "endDate": "2020-06-30", "netIncome": -26617000, "changeToLiabilities": 0}, {"maxAge": 1, "endDate": "2020-03-31", "netIncome": -259409987, "changeToLiabilities": 0}], "maxAge": 86400}, "earnings": {"maxAge": 86400, "earningsChart": {"quarterly": [{"date": "4Q2017", "actual": 0.42, "estimate": 0.1}], "currentQuarterEstimateDate": "1Q", "currentQuarterEstimateYear": 2018, "earningsDate": []}, "financialsChart": {"yearly": [{"date": 2017, "revenue": 9236347428, "earnings": 49696292}, {"date": 2018, "revenue": 10122014235, "earnings": 210913482}, {"date": 2019, "revenue": 7692503815, "earnings": -62562218}, {"date": 2020, "revenue": 8196820468, "earnings": -627882987}], "quarterly": [{"date": "1Q2020", "revenue": 2298265468, "earnings": -259409987}, {"date": "2Q2020", "revenue": 652946000, "earnings": -26617000}, {"date": "3Q2020", "revenue": 1643582000, "earnings": -229909000}, {"date": "4Q2020", "revenue": 2403406000, "earnings": 38210000}]}, "financialCurrency": "INR"}, "financialData": {"maxAge": 86400, "currentPrice": 15.75, "targetHighPrice": 11.0, "targetLowPrice": 11.0, "targetMeanPrice": 11.0, "targetMedianPrice": 11.0, "recommendationMean": 2.0, "recommendationKey": "buy", "numberOfAnalystOpinions": 1, "totalCash": 272152000, "totalCashPerShare": 1.211, "ebitda": 334108448, "totalDebt": 4457773056, "totalRevenue": 6998199296, "debtToEquity": 103.035, "revenuePerShare": 31.145, "grossProfits": 2734579015, "revenueGrowth": 0.254, "grossMargins": 0.3184, "ebitdaMargins": 0.04774, "operatingMargins": 0.03078, "profitMargins": -0.06826, "financialCurrency": "INR"}}}