{"BLKASHYAP.BO": {"recommendationTrend": {"trend": [{"period": "0m", "strongBuy": 0, "buy": 0, "hold": 0, "sell": 0, "strongSell": 0}, {"period": "-1m", "strongBuy": 0, "buy": 0, "hold": 0, "sell": 0, "strongSell": 0}, {"period": "-2m", "strongBuy": 0, "buy": 0, "hold": 0, "sell": 0, "strongSell": 0}, {"period": "-3m", "strongBuy": 0, "buy": 0, "hold": 0, "sell": 0, "strongSell": 0}], "maxAge": 86400}, "cashflowStatementHistory": {"cashflowStatements": [{"maxAge": 1, "endDate": "2020-03-31", "netIncome": -627882987, "depreciation": 118098417, "changeToNetincome": 790038140, "changeToAccountReceivables": -450888848, "changeToLiabilities": 459195058, "changeToInventory": -330950504, "changeToOperatingActivities": -184747251, "totalCashFromOperatingActivities": -226158437, "capitalExpenditures": -71012721, "otherCashflowsFromInvestingActivities": 154628869, "totalCashflowsFromInvestingActivities": 844170997, "netBorrowings": 151029341, "otherCashflowsFromFinancingActivities": -692782071, "totalCashFromFinancingActivities": -541752730, "changeInCash": 76259830}, {"maxAge": 1, "endDate": "2019-03-31", "netIncome": -62562218, "depreciation": 117328797, "changeToNetincome": 686269335, "changeToAccountReceivables": -211754898, "changeToLiabilities": -840346499, "changeToInventory": 185318131, "changeToOperatingActivities": 1769416688, "totalCashFromOperatingActivities": 1644644067, "capitalExpenditures": -110936368, "otherCashflowsFromInvestingActivities": 50708235, "totalCashflowsFromInvestingActivities": -23516634, "netBorrowings": -1259139907, "otherCashflowsFromFinancingActivities": -597052338, "totalCashFromFinancingActivities": -1603717245, "changeInCash": 17410188, "issuanceOfStock": 252475000}, {"maxAge": 1, "endDate": "2018-03-31", "netIncome": 210913482, "depreciation": 119073600, "changeToNetincome": 1132820064, "changeToAccountReceivables": -972672480, "changeToLiabilities": 475206518, "changeToInventory": 947097117, "changeToOperatingActivities": -737979709, "totalCashFromOperatingActivities": 1174458592, "capitalExpenditures": -87598302, "otherCashflowsFromInvestingActivities": -161319313, "totalCashflowsFromInvestingActivities": -224941058, "netBorrowings": -93690227, "otherCashflowsFromFinancingActivities": -769134880, "totalCashFromFinancingActivities": -448700107, "changeInCash": 500817428, "issuanceOfStock": 414125000}, {"maxAge": 1, "endDate": "2017-03-31", "netIncome": 49696292, "depreciation": 128503885, "changeToNetincome": 745126667, "changeToAccountReceivables": 440326385, "changeToLiabilities": -330243152, "changeToInventory": 844064427, "changeToOperatingActivities": 572376446, "totalCashFromOperatingActivities": 2451195947, "capitalExpenditures": -31701387, "otherCashflowsFromInvestingActivities": -12125566, "totalCashflowsFromInvestingActivities": -26664296, "dividendsPaid": -253, "netBorrowings": -1605082685, "otherCashflowsFromFinancingActivities": -827216126, "totalCashFromFinancingActivities": -2432299064, "changeInCash": -7767413, "issuanceOfStock": 414125000}], "maxAge": 86400}, "institutionOwnership": {"maxAge": 1, "ownershipList": []}, "balanceSheetHistoryQuarterly": {"balanceSheetStatements": [{"maxAge": 1, "endDate": "2020-06-30", "totalStockholderEquity": 4583062000, "netTangibleAssets": 4581087000}, {"maxAge": 1, "endDate": "2020-03-31", "cash": 126670750, "netReceivables": 5760892500, "inventory": 3609747701, "otherCurrentAssets": 1318170000, "totalCurrentAssets": 10815480951, "longTermInvestments": 9265592, "propertyPlantEquipment": 1647495433, "intangibleAssets": 1974814, "otherAssets": 5705407526, "deferredLongTermAssetCharges": 1657203092, "totalAssets": 18179624316, "accountsPayable": 1861921173, "shortLongTermDebt": 919590214, "otherCurrentLiab": 3200362975, "longTermDebt": 1335222216, "otherLiab": 2501853912, "totalCurrentLiabilities": 9759485984, "totalLiab": 13596562112, "commonStock": 225440000, "retainedEarnings": 1742058788, "treasuryStock": 65539166, "capitalSurplus": 2550024250, "otherStockholderEquity": 65539166, "totalStockholderEquity": 4583062204, "netTangibleAssets": 4581087390}, {"maxAge": 1, "endDate": "2019-12-31", "totalStockholderEquity": 4828412000, "netTangibleAssets": 4826014000}, {"maxAge": 1, "endDate": "2019-09-30", "cash": 120709000, "netReceivables": 6156776000, "inventory": 3300195000, "otherCurrentAssets": 1530224000, "totalCurrentAssets": 11107904000, "longTermInvestments": 13327000, "propertyPlantEquipment": 1682267000, "intangibleAssets": 2398000, "otherAssets": 5501572000, "deferredLongTermAssetCharges": 1564701000, "totalAssets": 18307468000, "accountsPayable": 1707971000, "otherCurrentLiab": 5005860000, "longTermDebt": 1384072000, "otherLiab": 2379602000, "totalCurrentLiabilities": 9715382000, "totalLiab": 13479056000, "commonStock": 225440000, "treasuryStock": 4602972000, "otherStockholderEquity": 4602972000, "totalStockholderEquity": 4828412000, "netTangibleAssets": 4826014000}], "maxAge": 86400}, "earningsHistory": {"history": [{"maxAge": 1, "epsActual": {}, "epsEstimate": {}, "epsDifference": {}, "surprisePercent": {}, "quarter": {}, "period": "-4q"}, {"maxAge": 1, "epsActual": {}, "epsEstimate": {}, "epsDifference": {}, "surprisePercent": {}, "quarter": {}, "period": "-3q"}, {"maxAge": 1, "epsActual": {}, "epsEstimate": {}, "epsDifference": {}, "surprisePercent": {}, "quarter": {}, "period": "-2q"}, {"maxAge": 1, "epsActual": 0.42, "epsEstimate": 0.1, "epsDifference": 0.32, "surprisePercent": 3.2, "quarter": "2017-12-31", "period": "-1q"}], "maxAge": 86400}, "indexTrend": {"maxAge": 1, "symbol": "SP5", "peRatio": 19.7411, "pegRatio": 1.34172, "estimates": [{"period": "0q", "growth": 0.549}, {"period": "+1q", "growth": 0.431}, {"period": "0y", "growth": 0.305}, {"period": "+1y", "growth": 0.109}, {"period": "+5y", "growth": 0.120865}, {"period": "-5y"}]}, "industryTrend": {"maxAge": 1, "symbol": null, "estimates": []}, "insiderTransactions": {"transactions": [{"maxAge": 1, "shares": 112055, "filerUrl": "", "transactionText": "", "filerName": "Ncube Ventures L.L.P.", "filerRelation": "Institution- Corporation", "moneyText": "", "startDate": "2019-03-13", "ownership": "D"}, {"maxAge": 1, "shares": 112055, "filerUrl": "", "transactionText": "", "filerName": "Ncube Ventures L.L.P.", "filerRelation": "Institution- Corporation", "moneyText": "", "startDate": "2019-03-13", "ownership": "D"}, {"maxAge": 1, "shares": 190000, "filerUrl": "", "transactionText": "", "filerName": "Kothari (Naresh Lakshman Singh)", "filerRelation": "UNREPORTED", "moneyText": "", "startDate": "2019-03-13", "ownership": "D"}, {"maxAge": 1, "shares": 302055, "filerUrl": "", "transactionText": "", "filerName": "Ebony Advisors L.L.P.", "filerRelation": "Institution- Corporation", "moneyText": "", "startDate": "2019-03-13", "ownership": "D"}, {"maxAge": 1, "shares": 0, "filerUrl": "", "transactionText": "", "filerName": "Ebony Advisors L.L.P.", "filerRelation": "Institution- Corporation", "moneyText": "", "startDate": "2019-03-13", "ownership": "I"}], "maxAge": 1}, "quoteType": {"exchange": "BSE", "quoteType": "EQUITY", "symbol": "BLKASHYAP.BO", "underlyingSymbol": "BLKASHYAP.BO", "shortName": "B.L.KASHYAP AND SONS LTD.", "longName": "B.L. Kashyap and Sons Limited", "firstTradeDateEpochUtc": "2006-03-17 09:15:00", "timeZoneFullName": "Asia/Kolkata", "timeZoneShortName": "IST", "uuid": "a0159d58-e4e4-347e-a55f-95c002e0c9cd", "messageBoardId": null, "gmtOffSetMilliseconds": 19800000, "maxAge": 1}, "incomeStatementHistory": {"incomeStatementHistory": [{"maxAge": 1, "endDate": "2020-03-31", "totalRevenue": 8196820468, "costOfRevenue": 5462241453, "grossProfit": 2734579015, "researchDevelopment": {}, "sellingGeneralAdministrative": 1838018961, "nonRecurring": {}, "otherOperatingExpenses": 458052843, "totalOperatingExpenses": 8104841638, "operatingIncome": 91978830, "totalOtherIncomeExpenseNet": -911286747, "ebit": 91978830, "interestExpense": -636665245, "incomeBeforeTax": -819307917, "incomeTaxExpense": -191424930, "minorityInterest": {}, "netIncomeFromContinuingOps": -627882987, "discontinuedOperations": {}, "extraordinaryItems": {}, "effectOfAccountingCharges": {}, "otherItems": {}, "netIncome": -627882987, "netIncomeApplicableToCommonShares": -627882987}, {"maxAge": 1, "endDate": "2019-03-31", "totalRevenue": 7692503815, "costOfRevenue": 4730011188, "grossProfit": 2962492627, "researchDevelopment": {}, "sellingGeneralAdministrative": 1617029146, "nonRecurring": {}, "otherOperatingExpenses": 540524747, "totalOperatingExpenses": 7213352118, "operatingIncome": 479151697, "totalOtherIncomeExpenseNet": -574860048, "ebit": 479151697, "interestExpense": -564808270, "incomeBeforeTax": -95708351, "incomeTaxExpense": -32880714, "minorityInterest": {}, "netIncomeFromContinuingOps": -62827637, "discontinuedOperations": {}, "extraordinaryItems": {}, "effectOfAccountingCharges": {}, "otherItems": {}, "netIncome": -62562218, "netIncomeApplicableToCommonShares": -62562218}, {"maxAge": 1, "endDate": "2018-03-31", "totalRevenue": 10122014235, "costOfRevenue": 6873964961, "grossProfit": 3248049274, "researchDevelopment": {}, "sellingGeneralAdministrative": 1580126046, "nonRecurring": {}, "otherOperatingExpenses": 561258026, "totalOperatingExpenses": 9341170561, "operatingIncome": 780843674, "totalOtherIncomeExpenseNet": -466395483, "ebit": 780843674, "interestExpense": -701668205, "incomeBeforeTax": 314448191, "incomeTaxExpense": 61186043, "minorityInterest": 265419, "netIncomeFromContinuingOps": 253262148, "discontinuedOperations": -47176144, "extraordinaryItems": {}, "effectOfAccountingCharges": {}, "otherItems": {}, "netIncome": 210913482, "netIncomeApplicableToCommonShares": 210913482}, {"maxAge": 1, "endDate": "2017-03-31", "totalRevenue": 9236347428, "costOfRevenue": 6217684142, "grossProfit": 3018663286, "researchDevelopment": {}, "sellingGeneralAdministrative": 1495250226, "nonRecurring": {}, "otherOperatingExpenses": 631045551, "totalOperatingExpenses": 8473828710, "operatingIncome": 762518718, "totalOtherIncomeExpenseNet": -824217534, "ebit": 762518718, "interestExpense": -743313751, "incomeBeforeTax": -61698816, "incomeTaxExpense": -111395108, "minorityInterest": 5092536, "netIncomeFromContinuingOps": 49696292, "discontinuedOperations": -47176144, "extraordinaryItems": {}, "effectOfAccountingCharges": {}, "otherItems": {}, "netIncome": 49696292, "netIncomeApplicableToCommonShares": 49696292}], "maxAge": 86400}, "fundOwnership": {"maxAge": 1, "ownershipList": []}, "summaryDetail": {"maxAge": 1, "priceHint": 2, "previousClose": 16.3, "open": 15.75, "dayLow": 15.55, "dayHigh": 16.2, "regularMarketPreviousClose": 16.3, "regularMarketOpen": 15.75, "regularMarketDayLow": 15.55, "regularMarketDayHigh": 16.2, "forwardPE": 15.000001, "volume": 19226, "regularMarketVolume": 19226, "averageVolume": 44281, "averageVolume10days": 112123, "averageDailyVolume10Day": 112123, "bid": 15.7, "ask": 15.8, "bidSize": 0, "askSize": 0, "marketCap": 3550680064, "fiftyTwoWeekLow": 3.37, "fiftyTwoWeekHigh": 16.2, "fiftyDayAverage": 11.244286, "twoHundredDayAverage": 8.159416, "currency": "INR", "fromCurrency": null, "toCurrency": null, "lastMarket": null, "algorithm": null, "tradeable": false}, "sectorTrend": {"maxAge": 1, "symbol": null, "estimates": []}, "incomeStatementHistoryQuarterly": {"incomeStatementHistory": [{"maxAge": 1, "endDate": "2020-06-30", "totalRevenue": 652946000, "costOfRevenue": 426795000, "grossProfit": 226151000, "researchDevelopment": {}, "sellingGeneralAdministrative": 210989000, "nonRecurring": {}, "otherOperatingExpenses": {}, "totalOperatingExpenses": 665396000, "operatingIncome": -12450000, "totalOtherIncomeExpenseNet": -83476000, "ebit": -12450000, "interestExpense": -126531000, "incomeBeforeTax": -95926000, "incomeTaxExpense": -69309000, "minorityInterest": {}, "netIncomeFromContinuingOps": -26617000, "discontinuedOperations": {}, "extraordinaryItems": {}, "effectOfAccountingCharges": {}, "otherItems": {}, "netIncome": -26617000, "netIncomeApplicableToCommonShares": -26617000}, {"maxAge": 1, "endDate": "2020-03-31", "totalRevenue": 2298265468, "costOfRevenue": 1629131453, "grossProfit": 669134015, "researchDevelopment": {}, "sellingGeneralAdministrative": 73575961, "nonRecurring": {}, "otherOperatingExpenses": 458052843, "totalOperatingExpenses": 2415855638, "operatingIncome": -117590170, "totalOtherIncomeExpenseNet": -304348747, "ebit": -117590170, "interestExpense": -115527245, "incomeBeforeTax": -421938917, "incomeTaxExpense": -162528930, "minorityInterest": {}, "netIncomeFromContinuingOps": -259409987, "discontinuedOperations": {}, "extraordinaryItems": {}, "effectOfAccountingCharges": {}, "otherItems": {}, "netIncome": -259409987, "netIncomeApplicableToCommonShares": -259409987}, {"maxAge": 1, "endDate": "2019-12-31", "totalRevenue": 1916563000, "costOfRevenue": 1215752000, "grossProfit": 700811000, "researchDevelopment": {}, "sellingGeneralAdministrative": 540918000, "nonRecurring": {}, "otherOperatingExpenses": 458052843, "totalOperatingExpenses": 1785391000, "operatingIncome": 131172000, "totalOtherIncomeExpenseNet": -147886000, "ebit": 131172000, "interestExpense": -180859000, "incomeBeforeTax": -16714000, "incomeTaxExpense": 25567000, "minorityInterest": {}, "netIncomeFromContinuingOps": -42281000, "discontinuedOperations": {}, "extraordinaryItems": {}, "effectOfAccountingCharges": {}, "otherItems": {}, "netIncome": -42281000, "netIncomeApplicableToCommonShares": -42281000}, {"maxAge": 1, "endDate": "2019-09-30", "totalRevenue": 2237066000, "costOfRevenue": 1495032000, "grossProfit": 742034000, "researchDevelopment": {}, "sellingGeneralAdministrative": 663888000, "nonRecurring": {}, "otherOperatingExpenses": 458052843, "totalOperatingExpenses": 2188171000, "operatingIncome": 48895000, "totalOtherIncomeExpenseNet": -143702000, "ebit": 48895000, "interestExpense": -174728000, "incomeBeforeTax": -94807000, "incomeTaxExpense": -10926000, "minorityInterest": {}, "netIncomeFromContinuingOps": -83881000, "discontinuedOperations": {}, "extraordinaryItems": {}, "effectOfAccountingCharges": {}, "otherItems": {}, "netIncome": -83881000, "netIncomeApplicableToCommonShares": -83881000}], "maxAge": 86400}, "cashflowStatementHistoryQuarterly": {"cashflowStatements": [{"maxAge": 1, "endDate": "2020-06-30", "netIncome": -26617000, "changeToLiabilities": 0}, {"maxAge": 1, "endDate": "2020-03-31", "netIncome": -259409987, "changeToLiabilities": 0}, {"maxAge": 1, "endDate": "2019-12-31", "netIncome": -42281000, "changeToLiabilities": 0}, {"maxAge": 1, "endDate": "2019-09-30", "netIncome": -83881000, "changeToLiabilities": 0}], "maxAge": 86400}, "insiderHolders": {"holders": [{"maxAge": 1, "name": "Ebony Advisors L.L.P.", "relation": "Institution- Corporation", "url": "", "transactionDescription": "Acquisition", "latestTransDate": "2019-03-13", "positionDirect": 302055, "positionDirectDate": "2019-03-13"}, {"maxAge": 1, "name": "Kothari (Naresh Lakshman Singh)", "relation": "UNREPORTED", "url": "", "transactionDescription": "Sale", "latestTransDate": "2019-03-13", "positionDirect": 0, "positionDirectDate": "2019-03-13"}, {"maxAge": 1, "name": "Ncube Ventures L.L.P.", "relation": "Institution- Corporation", "url": "", "transactionDescription": "Sale", "latestTransDate": "2019-03-13", "positionDirect": 0, "positionDirectDate": "2019-03-13"}], "maxAge": 1}, "earnings": {"maxAge": 86400, "earningsChart": {"quarterly": [{"date": "4Q2017", "actual": 0.42, "estimate": 0.1}], "currentQuarterEstimateDate": "1Q", "currentQuarterEstimateYear": 2018, "earningsDate": []}, "financialsChart": {"yearly": [{"date": 2017, "revenue": 9236347428, "earnings": 49696292}, {"date": 2018, "revenue": 10122014235, "earnings": 210913482}, {"date": 2019, "revenue": 7692503815, "earnings": -62562218}, {"date": 2020, "revenue": 8196820468, "earnings": -627882987}], "quarterly": [{"date": "3Q2019", "revenue": 2237066000, "earnings": -83881000}, {"date": "4Q2019", "revenue": 1916563000, "earnings": -42281000}, {"date": "1Q2020", "revenue": 2298265468, "earnings": -259409987}, {"date": "2Q2020", "revenue": 652946000, "earnings": -26617000}]}, "financialCurrency": "INR"}, "calendarEvents": {"maxAge": 1, "earnings": {"earningsDate": [], "revenueAverage": 2729460000}}, "price": {"maxAge": 1, "regularMarketChangePercent": -0.033742286, "regularMarketChange": -0.54999924, "regularMarketTime": "2021-04-30 15:27:29", "priceHint": 2, "regularMarketPrice": 15.75, "regularMarketDayHigh": 16.2, "regularMarketDayLow": 15.55, "regularMarketVolume": 19226, "averageDailyVolume10Day": 112123, "averageDailyVolume3Month": 44281, "regularMarketPreviousClose": 16.3, "regularMarketSource": "FREE_REALTIME", "regularMarketOpen": 15.75, "exchange": "BSE", "exchangeName": "BSE", "exchangeDataDelayedBy": 0, "marketState": "CLOSED", "quoteType": "EQUITY", "symbol": "BLKASHYAP.BO", "underlyingSymbol": null, "shortName": "B.L.KASHYAP AND SONS LTD.", "longName": "B.L. Kashyap and Sons Limited", "currency": "INR", "quoteSourceName": "Delayed Quote", "currencySymbol": "\u20b9", "fromCurrency": null, "toCurrency": null, "lastMarket": null, "marketCap": 3550680064}, "balanceSheetHistory": {"balanceSheetStatements": [{"maxAge": 1, "endDate": "2020-03-31", "cash": 126670750, "netReceivables": 5760892500, "inventory": 3609747701, "otherCurrentAssets": 1318170000, "totalCurrentAssets": 10815480951, "longTermInvestments": 9265592, "propertyPlantEquipment": 1647495433, "intangibleAssets": 1974814, "otherAssets": 5705407526, "deferredLongTermAssetCharges": 1657203092, "totalAssets": 18179624316, "accountsPayable": 1861921173, "shortLongTermDebt": 919590214, "otherCurrentLiab": 3200362975, "longTermDebt": 1335222216, "otherLiab": 2501853912, "totalCurrentLiabilities": 9759485984, "totalLiab": 13596562112, "commonStock": 225440000, "retainedEarnings": 1742058788, "treasuryStock": 65539166, "capitalSurplus": 2550024250, "otherStockholderEquity": 65539166, "totalStockholderEquity": 4583062204, "netTangibleAssets": 4581087390}, {"maxAge": 1, "endDate": "2019-03-31", "cash": 106137161, "netReceivables": 5483497774, "inventory": 3278797198, "otherCurrentAssets": 1214566177, "totalCurrentAssets": 10082998310, "longTermInvestments": 26525618, "propertyPlantEquipment": 1734221960, "intangibleAssets": 2954352, "otherAssets": 6391820509, "deferredLongTermAssetCharges": 1422805035, "totalAssets": 18238520749, "accountsPayable": 1500702170, "shortLongTermDebt": 1349611327, "otherCurrentLiab": 3521016344, "longTermDebt": 1176636440, "otherLiab": 1778752020, "totalCurrentLiabilities": 10124872268, "totalLiab": 13080260728, "commonStock": 225440000, "retainedEarnings": 2370087771, "treasuryStock": 12708000, "capitalSurplus": 2550024250, "otherStockholderEquity": 12708000, "totalStockholderEquity": 5158260021, "netTangibleAssets": 5155305669}, {"maxAge": 1, "endDate": "2018-03-31", "cash": 117434225, "netReceivables": 4207965966, "inventory": 3464115328, "otherCurrentAssets": 1256429868, "totalCurrentAssets": 9045945387, "longTermInvestments": 78178004, "propertyPlantEquipment": 1807859875, "intangibleAssets": 3744623, "otherAssets": 6539466848, "deferredLongTermAssetCharges": 1371131695, "totalAssets": 17475194737, "accountsPayable": 2012847326, "shortLongTermDebt": 1712068630, "otherCurrentLiab": 1977609512, "longTermDebt": 1330232955, "otherLiab": 1711243312, "minorityInterest": 265419, "totalCurrentLiabilities": 9455156939, "totalLiab": 12496633206, "commonStock": 215440000, "retainedEarnings": 2440098862, "treasuryStock": 15208000, "capitalSurplus": 2307549250, "otherStockholderEquity": 15208000, "totalStockholderEquity": 4978296112, "netTangibleAssets": 4974551489}, {"maxAge": 1, "endDate": "2017-03-31", "cash": 95866827, "netReceivables": 4531422056, "inventory": 4411212446, "otherCurrentAssets": 1385404600, "totalCurrentAssets": 10423905929, "longTermInvestments": 11016309, "propertyPlantEquipment": 1833205648, "intangibleAssets": 5775311, "otherAssets": 5465973230, "deferredLongTermAssetCharges": 1387040894, "totalAssets": 17739876427, "accountsPayable": 1567658318, "shortLongTermDebt": 2453024411, "otherCurrentLiab": 1588278780, "longTermDebt": 1508011375, "otherLiab": 1882442808, "minorityInterest": 5092536, "totalCurrentLiabilities": 10002193684, "totalLiab": 13392647867, "commonStock": 205440000, "retainedEarnings": 2220563774, "treasuryStock": 12708000, "capitalSurplus": 1903424250, "otherStockholderEquity": 12708000, "totalStockholderEquity": 4342136024, "netTangibleAssets": 4336360713}], "maxAge": 86400}, "earningsTrend": {"trend": [{"maxAge": 1, "period": "0q", "endDate": "2018-03-31", "growth": {}, "earningsEstimate": {"avg": 0.0, "low": 0.0, "high": 0.0, "yearAgoEps": {}, "numberOfAnalysts": 0, "growth": {}}, "revenueEstimate": {"avg": 2729460000, "low": 0, "high": 0, "numberOfAnalysts": 0, "yearAgoRevenue": {}, "growth": {}}, "epsTrend": {"current": 0.0, "7daysAgo": 0.0, "30daysAgo": 0.0, "60daysAgo": 0.0, "90daysAgo": 0.0}, "epsRevisions": {"upLast7days": 0, "upLast30days": 0, "downLast30days": 0, "downLast90days": {}}}, {"maxAge": 1, "period": "+1q", "endDate": "2018-06-30", "growth": {}, "earningsEstimate": {"avg": 0.0, "low": 0.0, "high": 0.0, "yearAgoEps": {}, "numberOfAnalysts": 0, "growth": {}}, "revenueEstimate": {"avg": 0, "low": 0, "high": 0, "numberOfAnalysts": 0, "yearAgoRevenue": {}, "growth": {}}, "epsTrend": {"current": 0.0, "7daysAgo": 0.0, "30daysAgo": 0.0, "60daysAgo": 0.0, "90daysAgo": 0.0}, "epsRevisions": {"upLast7days": 0, "upLast30days": 0, "downLast30days": 0, "downLast90days": {}}}, {"maxAge": 1, "period": "0y", "endDate": "2018-03-31", "growth": {}, "earningsEstimate": {"avg": 0.0, "low": 0.0, "high": 0.0, "yearAgoEps": {}, "numberOfAnalysts": 0, "growth": {}}, "revenueEstimate": {"avg": 9366800000, "low": 9250750000, "high": 9250750000, "numberOfAnalysts": 1, "yearAgoRevenue": {}, "growth": {}}, "epsTrend": {"current": 0.0, "7daysAgo": 0.87, "30daysAgo": 0.87, "60daysAgo": 0.87, "90daysAgo": 0.87}, "epsRevisions": {"upLast7days": 0, "upLast30days": 0, "downLast30days": 0, "downLast90days": {}}}, {"maxAge": 1, "period": "+1y", "endDate": "2019-03-31", "growth": {}, "earningsEstimate": {"avg": 0.0, "low": 0.0, "high": 0.0, "yearAgoEps": {}, "numberOfAnalysts": 0, "growth": {}}, "revenueEstimate": {"avg": 9805800000, "low": 9805800000, "high": 9805800000, "numberOfAnalysts": 1, "yearAgoRevenue": 9366800000, "growth": 0.047}, "epsTrend": {"current": 0.0, "7daysAgo": 1.05, "30daysAgo": 1.05, "60daysAgo": 1.05, "90daysAgo": 1.05}, "epsRevisions": {"upLast7days": 0, "upLast30days": 0, "downLast30days": 0, "downLast90days": {}}}, {"maxAge": 1, "period": "+5y", "endDate": null, "growth": {}, "earningsEstimate": {"avg": {}, "low": {}, "high": {}, "yearAgoEps": {}, "numberOfAnalysts": {}, "growth": {}}, "revenueEstimate": {"avg": {}, "low": {}, "high": {}, "numberOfAnalysts": {}, "yearAgoRevenue": {}, "growth": {}}, "epsTrend": {"current": {}, "7daysAgo": {}, "30daysAgo": {}, "60daysAgo": {}, "90daysAgo": {}}, "epsRevisions": {"upLast7days": {}, "upLast30days": {}, "downLast30days": {}, "downLast90days": {}}}, {"maxAge": 1, "period": "-5y", "endDate": null, "growth": {}, "earningsEstimate": {"avg": {}, "low": {}, "high": {}, "yearAgoEps": {}, "numberOfAnalysts": {}, "growth": {}}, "revenueEstimate": {"avg": {}, "low": {}, "high": {}, "numberOfAnalysts": {}, "yearAgoRevenue": {}, "growth": {}}, "epsTrend": {"current": {}, "7daysAgo": {}, "30daysAgo": {}, "60daysAgo": {}, "90daysAgo": {}}, "epsRevisions": {"upLast7days": {}, "upLast30days": {}, "downLast30days": {}, "downLast90days": {}}}], "maxAge": 1}, "financialData": {"maxAge": 86400, "currentPrice": 15.75, "targetHighPrice": 11.0, "targetLowPrice": 11.0, "targetMeanPrice": 11.0, "targetMedianPrice": 11.0, "recommendationKey": "none", "numberOfAnalystOpinions": 1, "grossProfits": 2734579015, "financialCurrency": "INR"}}}