{"BLOOM.BO": {"cashflowStatementHistory": {"cashflowStatements": [{"maxAge": 1, "endDate": "2020-03-31", "netIncome": -16279000, "depreciation": 21020000, "changeToNetincome": 42871000, "changeToAccountReceivables": 10604000, "changeToLiabilities": -45303000, "changeToInventory": 5505000, "changeToOperatingActivities": -941000, "totalCashFromOperatingActivities": 17687000, "capitalExpenditures": -927000, "otherCashflowsFromInvestingActivities": -6437000, "totalCashflowsFromInvestingActivities": -6846000, "netBorrowings": 27008000, "otherCashflowsFromFinancingActivities": -45080000, "totalCashFromFinancingActivities": -18072000, "changeInCash": -7232000}, {"maxAge": 1, "endDate": "2019-03-31", "netIncome": -73319000, "depreciation": 22058000, "changeToNetincome": 31942000, "changeToAccountReceivables": 17300000, "changeToLiabilities": -60202000, "changeToInventory": 27990000, "changeToOperatingActivities": -1078000, "totalCashFromOperatingActivities": -37450000, "capitalExpenditures": -2531000, "otherCashflowsFromInvestingActivities": 4209000, "totalCashflowsFromInvestingActivities": 2267000, "netBorrowings": 81628000, "otherCashflowsFromFinancingActivities": -50690000, "totalCashFromFinancingActivities": 30938000, "changeInCash": -4245000}, {"maxAge": 1, "endDate": "2018-03-31", "netIncome": -15093000, "depreciation": 22549000, "changeToNetincome": 25205000, "changeToAccountReceivables": -7015000, "changeToLiabilities": 21716000, "changeToInventory": 30817000, "changeToOperatingActivities": -8944000, "totalCashFromOperatingActivities": 69818000, "capitalExpenditures": -11487000, "investments": 11000, "otherCashflowsFromInvestingActivities": 416000, "totalCashflowsFromInvestingActivities": -11060000, "netBorrowings": -14282000, "otherCashflowsFromFinancingActivities": -45752000, "totalCashFromFinancingActivities": -60034000, "changeInCash": -1277000}, {"maxAge": 1, "endDate": "2017-03-31", "netIncome": -27763000, "depreciation": 23485000, "changeToNetincome": 33417000, "changeToAccountReceivables": -23165000, "changeToLiabilities": 63116000, "changeToInventory": 4047000, "changeToOperatingActivities": 7274000, "totalCashFromOperatingActivities": 80411000, "capitalExpenditures": -6651000, "investments": 11000, "otherCashflowsFromInvestingActivities": 652000, "totalCashflowsFromInvestingActivities": -5999000, "netBorrowings": -39017000, "otherCashflowsFromFinancingActivities": -37483000, "totalCashFromFinancingActivities": -76500000, "changeInCash": -2087000}], "maxAge": 86400}, "institutionOwnership": {"ownershipList": [], "maxAge": 1}, "balanceSheetHistoryQuarterly": {"balanceSheetStatements": [{"maxAge": 1, "endDate": "2020-06-30", "totalStockholderEquity": 15595000, "netTangibleAssets": 15474000}, {"maxAge": 1, "endDate": "2020-03-31", "cash": 3017000, "netReceivables": 108408000, "inventory": 336858000, "otherCurrentAssets": 16660000, "totalCurrentAssets": 465636000, "longTermInvestments": 411000, "propertyPlantEquipment": 113091000, "intangibleAssets": 121000, "otherAssets": 55433000, "deferredLongTermAssetCharges": 33055000, "totalAssets": 634692000, "accountsPayable": 150542000, "shortLongTermDebt": 3929000, "otherCurrentLiab": 7026000, "longTermDebt": 177795000, "otherLiab": 13557000, "totalCurrentLiabilities": 427745000, "totalLiab": 619097000, "commonStock": 68500000, "retainedEarnings": -89251000, "treasuryStock": 11729000, "capitalSurplus": 24617000, "otherStockholderEquity": 11729000, "totalStockholderEquity": 15595000, "netTangibleAssets": 15474000}, {"maxAge": 1, "endDate": "2019-12-31"}, {"maxAge": 1, "endDate": "2019-09-30"}], "maxAge": 86400}, "indexTrend": {"maxAge": 1, "symbol": "SP5", "peRatio": 19.7411, "pegRatio": 1.34172, "estimates": [{"period": "0q", "growth": 0.549}, {"period": "+1q", "growth": 0.431}, {"period": "0y", "growth": 0.305}, {"period": "+1y", "growth": 0.109}, {"period": "+5y", "growth": 0.120859005}, {"period": "-5y"}]}, "insiderTransactions": {"transactions": [{"maxAge": 1, "shares": 24660, "filerUrl": "", "transactionText": "", "filerName": "Gupta (Rupal)", "filerRelation": "Promoter", "moneyText": "", "startDate": "2018-05-04", "ownership": "D"}, {"maxAge": 1, "shares": 11406, "filerUrl": "", "transactionText": "", "filerName": "Gupta (Sunil Sitaram)", "filerRelation": "Promoter", "moneyText": "", "startDate": "2018-05-04", "ownership": "D"}, {"maxAge": 1, "shares": 4000, "filerUrl": "", "transactionText": "", "filerName": "Gupta (Sunil) HUF", "filerRelation": "UNREPORTED", "moneyText": "", "startDate": "2015-03-13", "ownership": "D"}, {"maxAge": 1, "shares": 5000, "filerUrl": "", "transactionText": "", "filerName": "Gupta (Sunil) HUF", "filerRelation": "UNREPORTED", "moneyText": "", "startDate": "2015-02-24", "ownership": "D"}, {"maxAge": 1, "shares": 11162, "filerUrl": "", "transactionText": "", "filerName": "Gupta (Sunil) HUF", "filerRelation": "UNREPORTED", "moneyText": "", "startDate": "2015-02-13", "ownership": "D"}, {"maxAge": 1, "shares": 20000, "filerUrl": "", "transactionText": "", "filerName": "Gupta (Karan Sunil)", "filerRelation": "Director (Executive)", "moneyText": "", "startDate": "2013-06-18", "ownership": "D"}, {"maxAge": 1, "shares": 19500, "filerUrl": "", "transactionText": "", "filerName": "Gupta (Karan Sunil)", "filerRelation": "Director (Executive)", "moneyText": "", "startDate": "2013-06-14", "ownership": "D"}, {"maxAge": 1, "shares": 9000, "filerUrl": "", "transactionText": "", "filerName": "Gupta (Karan Sunil)", "filerRelation": "Director (Executive)", "moneyText": "", "startDate": "2013-06-12", "ownership": "D"}, {"maxAge": 1, "shares": 18409, "filerUrl": "", "transactionText": "", "filerName": "Gupta (Karan Sunil)", "filerRelation": "Director (Executive)", "moneyText": "", "startDate": "2013-06-10", "ownership": "D"}, {"maxAge": 1, "shares": 226625, "filerUrl": "", "transactionText": "", "filerName": "Gupta (Karan Sunil)", "filerRelation": "Director (Executive)", "moneyText": "", "startDate": "2013-05-11", "ownership": "D"}, {"maxAge": 1, "shares": 7000, "filerUrl": "", "transactionText": "", "filerName": "Gupta (Sunil Sitaram)", "filerRelation": "Managing Director", "moneyText": "", "startDate": "2012-05-08", "ownership": "D"}, {"maxAge": 1, "shares": 15000, "filerUrl": "", "transactionText": "", "filerName": "Gupta (Sunil Sitaram)", "filerRelation": "Managing Director", "moneyText": "", "startDate": "2012-05-07", "ownership": "D"}, {"maxAge": 1, "shares": 39300, "filerUrl": "", "transactionText": "", "filerName": "Gupta (Sunil Sitaram)", "filerRelation": "Managing Director", "moneyText": "", "startDate": "2012-05-04", "ownership": "D"}, {"maxAge": 1, "shares": 333000, "filerUrl": "", "transactionText": "", "filerName": "Gupta (Rupal)", "filerRelation": "Promoter", "moneyText": "", "startDate": "2011-09-26", "ownership": "D"}, {"maxAge": 1, "shares": 1047127, "filerUrl": "", "transactionText": "", "filerName": "Gupta (Sunil Sitaram)", "filerRelation": "Managing Director", "moneyText": "", "startDate": "2011-09-26", "ownership": "D"}], "maxAge": 1}, "quoteType": {"exchange": "BSE", "quoteType": "EQUITY", "symbol": "BLOOM.BO", "underlyingSymbol": "BLOOM.BO", "shortName": "BLOOM DEKOR LTD.", "longName": "Bloom Dekor Limited", "firstTradeDateEpochUtc": "2000-11-15 09:15:00", "timeZoneFullName": "Asia/Kolkata", "timeZoneShortName": "IST", "uuid": "7996a8c6-14e2-3bf5-8823-2af48deabb33", "gmtOffSetMilliseconds": 19800000, "maxAge": 1}, "incomeStatementHistory": {"incomeStatementHistory": [{"maxAge": 1, "endDate": "2020-03-31", "totalRevenue": 400455000, "costOfRevenue": 209914000, "grossProfit": 190541000, "researchDevelopment": {}, "sellingGeneralAdministrative": 67619000, "nonRecurring": {}, "otherOperatingExpenses": 75420000, "totalOperatingExpenses": 374183000, "operatingIncome": 26272000, "totalOtherIncomeExpenseNet": -45981000, "ebit": 26272000, "interestExpense": -51895000, "incomeBeforeTax": -19709000, "incomeTaxExpense": -3430000, "minorityInterest": {}, "netIncomeFromContinuingOps": -16279000, "discontinuedOperations": {}, "extraordinaryItems": {}, "effectOfAccountingCharges": {}, "otherItems": {}, "netIncome": -16279000, "netIncomeApplicableToCommonShares": -16279000}, {"maxAge": 1, "endDate": "2019-03-31", "totalRevenue": 510412000, "costOfRevenue": 338633000, "grossProfit": 171779000, "researchDevelopment": {}, "sellingGeneralAdministrative": 89493000, "nonRecurring": {}, "otherOperatingExpenses": 101724000, "totalOperatingExpenses": 551908000, "operatingIncome": -41496000, "totalOtherIncomeExpenseNet": -50457000, "ebit": -41496000, "interestExpense": -45665000, "incomeBeforeTax": -91953000, "incomeTaxExpense": -18634000, "minorityInterest": {}, "netIncomeFromContinuingOps": -73319000, "discontinuedOperations": {}, "extraordinaryItems": {}, "effectOfAccountingCharges": {}, "otherItems": {}, "netIncome": -73319000, "netIncomeApplicableToCommonShares": -73319000}, {"maxAge": 1, "endDate": "2018-03-31", "totalRevenue": 646265000, "costOfRevenue": 386932000, "grossProfit": 259333000, "researchDevelopment": {}, "sellingGeneralAdministrative": 100171000, "nonRecurring": {}, "otherOperatingExpenses": 137335000, "totalOperatingExpenses": 646987000, "operatingIncome": -722000, "totalOtherIncomeExpenseNet": -36274000, "ebit": -722000, "interestExpense": -37796000, "incomeBeforeTax": -36996000, "incomeTaxExpense": -21903000, "minorityInterest": {}, "netIncomeFromContinuingOps": -15093000, "discontinuedOperations": {}, "extraordinaryItems": {}, "effectOfAccountingCharges": {}, "otherItems": {}, "netIncome": -15093000, "netIncomeApplicableToCommonShares": -15093000}, {"maxAge": 1, "endDate": "2017-03-31", "totalRevenue": 708627000, "costOfRevenue": 424199000, "grossProfit": 284428000, "researchDevelopment": {}, "sellingGeneralAdministrative": 100159000, "nonRecurring": {}, "otherOperatingExpenses": 153286000, "totalOperatingExpenses": 701129000, "operatingIncome": 7498000, "totalOtherIncomeExpenseNet": -39756000, "ebit": 7498000, "interestExpense": -39435000, "incomeBeforeTax": -32258000, "incomeTaxExpense": -4495000, "minorityInterest": {}, "netIncomeFromContinuingOps": -27763000, "discontinuedOperations": {}, "extraordinaryItems": {}, "effectOfAccountingCharges": {}, "otherItems": {}, "netIncome": -27763000, "netIncomeApplicableToCommonShares": -27763000}], "maxAge": 86400}, "fundOwnership": {"ownershipList": [], "maxAge": 1}, "summaryDetail": {"maxAge": 1, "priceHint": 2, "previousClose": 9.27, "open": 8.81, "dayLow": 8.81, "dayHigh": 8.81, "regularMarketPreviousClose": 9.27, "regularMarketOpen": 8.81, "regularMarketDayLow": 8.81, "regularMarketDayHigh": 8.81, "volume": 2325, "regularMarketVolume": 2325, "averageVolume": 4608, "averageVolume10days": 7502, "averageDailyVolume10Day": 7502, "bid": 0.0, "ask": 9.75, "bidSize": 0, "askSize": 0, "marketCap": 60348504, "fiftyTwoWeekLow": 6.79, "fiftyTwoWeekHigh": 19.1, "fiftyDayAverage": 11.81303, "twoHundredDayAverage": 9.212941, "trailingAnnualDividendRate": 0.6, "trailingAnnualDividendYield": 0.06472492, "currency": "INR", "fromCurrency": null, "lastMarket": null, "algorithm": null, "tradeable": false}, "incomeStatementHistoryQuarterly": {"incomeStatementHistory": [{"maxAge": 1, "endDate": "2020-06-30", "totalRevenue": 43767000, "costOfRevenue": 33981000, "grossProfit": 9786000, "researchDevelopment": {}, "sellingGeneralAdministrative": 10141000, "nonRecurring": {}, "otherOperatingExpenses": 224000, "totalOperatingExpenses": 49425000, "operatingIncome": -5658000, "totalOtherIncomeExpenseNet": -10890000, "ebit": -5658000, "interestExpense": -11207000, "incomeBeforeTax": -16548000, "incomeTaxExpense": -3846000, "minorityInterest": {}, "netIncomeFromContinuingOps": -12702000, "discontinuedOperations": {}, "extraordinaryItems": {}, "effectOfAccountingCharges": {}, "otherItems": {}, "netIncome": -12702000, "netIncomeApplicableToCommonShares": -12702000}, {"maxAge": 1, "endDate": "2020-03-31", "totalRevenue": 80526000, "costOfRevenue": -3267000, "grossProfit": 83793000, "researchDevelopment": {}, "sellingGeneralAdministrative": -2214000, "nonRecurring": {}, "otherOperatingExpenses": 73574000, "totalOperatingExpenses": 73161000, "operatingIncome": 7365000, "totalOtherIncomeExpenseNet": -14073000, "ebit": 7365000, "interestExpense": -12269000, "incomeBeforeTax": -6708000, "incomeTaxExpense": -356000, "minorityInterest": {}, "netIncomeFromContinuingOps": -6352000, "discontinuedOperations": {}, "extraordinaryItems": {}, "effectOfAccountingCharges": {}, "otherItems": {}, "netIncome": -6352000, "netIncomeApplicableToCommonShares": -6352000}, {"maxAge": 1, "endDate": "2019-12-31", "totalRevenue": 110692000, "costOfRevenue": 75404000, "grossProfit": 35288000, "researchDevelopment": {}, "sellingGeneralAdministrative": 23784000, "nonRecurring": {}, "otherOperatingExpenses": 984000, "totalOperatingExpenses": 105463000, "operatingIncome": 5229000, "totalOtherIncomeExpenseNet": -9704000, "ebit": 5229000, "interestExpense": -14125000, "incomeBeforeTax": -4475000, "incomeTaxExpense": -1005000, "minorityInterest": {}, "netIncomeFromContinuingOps": -3470000, "discontinuedOperations": {}, "extraordinaryItems": {}, "effectOfAccountingCharges": {}, "otherItems": {}, "netIncome": -3470000, "netIncomeApplicableToCommonShares": -3470000}, {"maxAge": 1, "endDate": "2019-09-30", "totalRevenue": 108380000, "costOfRevenue": 72840000, "grossProfit": 35540000, "researchDevelopment": {}, "sellingGeneralAdministrative": 23180000, "nonRecurring": {}, "otherOperatingExpenses": 410000, "totalOperatingExpenses": 101980000, "operatingIncome": 6400000, "totalOtherIncomeExpenseNet": -10430000, "ebit": 6400000, "interestExpense": -13430000, "incomeBeforeTax": -4030000, "incomeTaxExpense": -1090000, "minorityInterest": {}, "netIncomeFromContinuingOps": -2940000, "discontinuedOperations": {}, "extraordinaryItems": {}, "effectOfAccountingCharges": {}, "otherItems": {}, "netIncome": -2940000, "netIncomeApplicableToCommonShares": -2940000}], "maxAge": 86400}, "cashflowStatementHistoryQuarterly": {"cashflowStatements": [{"maxAge": 1, "endDate": "2020-06-30", "netIncome": -12702000, "changeToLiabilities": 0}, {"maxAge": 1, "endDate": "2020-03-31", "netIncome": -6352000, "changeToLiabilities": 0}, {"maxAge": 1, "endDate": "2019-12-31", "netIncome": -3470000, "changeToLiabilities": 0}, {"maxAge": 1, "endDate": "2019-09-30", "netIncome": -2940000, "changeToLiabilities": 0}], "maxAge": 86400}, "insiderHolders": {"holders": [{"maxAge": 1, "name": "Gupta (Karan Sunil)", "relation": "Director (Executive)", "url": "", "transactionDescription": "Acquisition", "latestTransDate": "2013-06-18", "positionDirect": 324004, "positionDirectDate": "2013-06-18"}, {"maxAge": 1, "name": "Gupta (Rupal)", "relation": "Promoter", "url": "", "transactionDescription": "Acquisition", "latestTransDate": "2018-05-04", "positionDirect": 524634, "positionDirectDate": "2018-05-04"}, {"maxAge": 1, "name": "Gupta (Sunil Sitaram)", "relation": "Promoter", "url": "", "transactionDescription": "Acquisition", "latestTransDate": "2018-05-04", "positionDirect": 2189480, "positionDirectDate": "2018-05-04"}, {"maxAge": 1, "name": "Gupta (Sunil) HUF", "relation": "UNREPORTED", "url": "", "transactionDescription": "Acquisition", "latestTransDate": "2015-03-13", "positionDirect": 154922, "positionDirectDate": "2015-03-13"}], "maxAge": 1}, "calendarEvents": {"maxAge": 1, "earnings": {"earningsDate": ["2020-08-28 05:30:S"]}}, "upgradeDowngradeHistory": {"history": [], "maxAge": 86400}, "price": {"maxAge": 1, "regularMarketChangePercent": -0.04962244, "regularMarketChange": -0.46000004, "regularMarketTime": "2021-04-30 15:20:18", "priceHint": 2, "regularMarketPrice": 8.81, "regularMarketDayHigh": 8.81, "regularMarketDayLow": 8.81, "regularMarketVolume": 2325, "averageDailyVolume10Day": 7502, "averageDailyVolume3Month": 4608, "regularMarketPreviousClose": 9.27, "regularMarketSource": "FREE_REALTIME", "regularMarketOpen": 8.81, "exchange": "BSE", "exchangeName": "BSE", "exchangeDataDelayedBy": 0, "marketState": "CLOSED", "quoteType": "EQUITY", "symbol": "BLOOM.BO", "underlyingSymbol": null, "shortName": "BLOOM DEKOR LTD.", "longName": "Bloom Dekor Limited", "currency": "INR", "quoteSourceName": "Delayed Quote", "currencySymbol": "\u20b9", "fromCurrency": null, "lastMarket": null, "marketCap": 60348504}, "balanceSheetHistory": {"balanceSheetStatements": [{"maxAge": 1, "endDate": "2020-03-31", "cash": 3017000, "netReceivables": 108408000, "inventory": 336858000, "otherCurrentAssets": 16660000, "totalCurrentAssets": 465636000, "longTermInvestments": 411000, "propertyPlantEquipment": 113091000, "intangibleAssets": 121000, "otherAssets": 55433000, "deferredLongTermAssetCharges": 33055000, "totalAssets": 634692000, "accountsPayable": 150542000, "shortLongTermDebt": 3929000, "otherCurrentLiab": 7026000, "longTermDebt": 177795000, "otherLiab": 13557000, "totalCurrentLiabilities": 427745000, "totalLiab": 619097000, "commonStock": 68500000, "retainedEarnings": -89251000, "treasuryStock": 11729000, "capitalSurplus": 24617000, "otherStockholderEquity": 11729000, "totalStockholderEquity": 15595000, "netTangibleAssets": 15474000}, {"maxAge": 1, "endDate": "2019-03-31", "cash": 6286000, "netReceivables": 117143000, "inventory": 342363000, "otherCurrentAssets": 21509000, "totalCurrentAssets": 488072000, "longTermInvestments": 411000, "propertyPlantEquipment": 133769000, "intangibleAssets": 851000, "otherAssets": 45799000, "deferredLongTermAssetCharges": 29648000, "totalAssets": 668902000, "accountsPayable": 197180000, "shortLongTermDebt": 992000, "otherCurrentLiab": 8102000, "longTermDebt": 115353000, "otherLiab": 13414000, "totalCurrentLiabilities": 507992000, "totalLiab": 636759000, "commonStock": 68500000, "retainedEarnings": -72703000, "treasuryStock": 11729000, "capitalSurplus": 24617000, "otherStockholderEquity": 11729000, "totalStockholderEquity": 32143000, "netTangibleAssets": 31292000}, {"maxAge": 1, "endDate": "2018-03-31", "cash": 4198000, "netReceivables": 138973000, "inventory": 370352000, "otherCurrentAssets": 30017000, "totalCurrentAssets": 544194000, "longTermInvestments": 411000, "propertyPlantEquipment": 153177000, "intangibleAssets": 851000, "otherAssets": 27498000, "deferredLongTermAssetCharges": 9012000, "totalAssets": 726131000, "accountsPayable": 241548000, "shortLongTermDebt": 3710000, "otherCurrentLiab": 21047000, "longTermDebt": 78676000, "otherLiab": 12737000, "totalCurrentLiabilities": 528859000, "totalLiab": 620272000, "commonStock": 68500000, "retainedEarnings": 1014000, "treasuryStock": 11729000, "capitalSurplus": 24616000, "otherStockholderEquity": 11729000, "totalStockholderEquity": 105859000, "netTangibleAssets": 105008000}, {"maxAge": 1, "endDate": "2017-03-31", "cash": 6097000, "netReceivables": 130201000, "inventory": 401169000, "otherCurrentAssets": 25646000, "totalCurrentAssets": 564363000, "longTermInvestments": 422000, "propertyPlantEquipment": 163935000, "intangibleAssets": 1153000, "otherAssets": 15268000, "totalAssets": 745141000, "accountsPayable": 156605000, "shortLongTermDebt": 11906000, "otherCurrentLiab": 31273000, "longTermDebt": 79616000, "otherLiab": 30434000, "totalCurrentLiabilities": 515016000, "totalLiab": 625066000, "commonStock": 68500000, "retainedEarnings": 15216000, "treasuryStock": 11742000, "capitalSurplus": 24617000, "otherStockholderEquity": 11742000, "totalStockholderEquity": 120075000, "netTangibleAssets": 118922000}], "maxAge": 86400}, "financialData": {"maxAge": 86400, "currentPrice": 8.81, "recommendationKey": "none", "grossProfits": 190541000, "financialCurrency": "INR"}}}