{"BLS.BO": {"cashflowStatementHistory": {"cashflowStatements": [{"maxAge": 1, "endDate": "2020-03-31", "netIncome": 524251000, "depreciation": 45876000, "changeToNetincome": 53360000, "changeToAccountReceivables": 627567000, "changeToLiabilities": -73076000, "changeToOperatingActivities": -95062000, "totalCashFromOperatingActivities": 1158561000, "capitalExpenditures": -149081000, "investments": -1136303000, "otherCashflowsFromInvestingActivities": 58294000, "totalCashflowsFromInvestingActivities": -1074205000, "dividendsPaid": -153587000, "netBorrowings": -367535000, "otherCashflowsFromFinancingActivities": -16429000, "totalCashFromFinancingActivities": -537551000, "changeInCash": -453196000}, {"maxAge": 1, "endDate": "2019-03-31", "netIncome": 1052227000, "depreciation": 118095000, "changeToNetincome": -146284000, "changeToAccountReceivables": 312090000, "changeToLiabilities": -152130000, "changeToOperatingActivities": 77748000, "totalCashFromOperatingActivities": 1333918000, "capitalExpenditures": -309935000, "investments": -892094000, "otherCashflowsFromInvestingActivities": 27345000, "totalCashflowsFromInvestingActivities": -693308000, "dividendsPaid": -51829000, "netBorrowings": -703568000, "otherCashflowsFromFinancingActivities": -118338000, "totalCashFromFinancingActivities": -873735000, "changeInCash": -197176000}, {"maxAge": 1, "endDate": "2018-03-31", "netIncome": 965357787, "depreciation": 369183568, "changeToNetincome": 266468050, "changeToAccountReceivables": -1551267449, "changeToLiabilities": 257926069, "changeToOperatingActivities": 222557370, "totalCashFromOperatingActivities": 557037002, "capitalExpenditures": -68201929, "investments": -177367180, "otherCashflowsFromInvestingActivities": 5471533, "totalCashflowsFromInvestingActivities": -271399005, "dividendsPaid": -36839622, "netBorrowings": 127746338, "otherCashflowsFromFinancingActivities": -109737601, "totalCashFromFinancingActivities": -18830885, "changeInCash": 266807112}, {"maxAge": 1, "endDate": "2017-03-31", "netIncome": 500793404, "depreciation": 228614960, "changeToNetincome": 25940096, "changeToAccountReceivables": -574939473, "changeToLiabilities": 62509415, "changeToOperatingActivities": 204824192, "totalCashFromOperatingActivities": 478844626, "capitalExpenditures": -813372390, "investments": -334904033, "otherCashflowsFromInvestingActivities": 2843735, "totalCashflowsFromInvestingActivities": -1149119634, "dividendsPaid": -5668658, "netBorrowings": 897113491, "otherCashflowsFromFinancingActivities": -48891746, "totalCashFromFinancingActivities": 842553087, "changeInCash": 172278079}], "maxAge": 86400}, "institutionOwnership": {"maxAge": 1, "ownershipList": []}, "balanceSheetHistoryQuarterly": {"balanceSheetStatements": [{"maxAge": 1, "endDate": "2020-06-30", "totalStockholderEquity": 4284583000, "netTangibleAssets": 4102777000}, {"maxAge": 1, "endDate": "2020-03-31", "cash": 220009000, "shortTermInvestments": 2007417000, "netReceivables": 1278206000, "otherCurrentAssets": 342855000, "totalCurrentAssets": 3869871000, "longTermInvestments": 287775000, "propertyPlantEquipment": 229868000, "goodWill": 80065000, "intangibleAssets": 101741000, "otherAssets": 122994000, "deferredLongTermAssetCharges": 55013000, "totalAssets": 4692314000, "accountsPayable": 164749000, "shortLongTermDebt": 8832000, "otherCurrentLiab": 58462000, "otherLiab": 28431000, "minorityInterest": -677000, "totalCurrentLiabilities": 379977000, "totalLiab": 408408000, "commonStock": 102450000, "retainedEarnings": 3858048000, "treasuryStock": 324085000, "otherStockholderEquity": 324085000, "totalStockholderEquity": 4284583000, "netTangibleAssets": 4102777000}, {"maxAge": 1, "endDate": "2019-12-31", "totalStockholderEquity": 3841860000, "netTangibleAssets": 3636647000}, {"maxAge": 1, "endDate": "2019-09-30", "cash": 2097027000, "shortTermInvestments": 252654000, "netReceivables": 1193963000, "otherCurrentAssets": 130576000, "totalCurrentAssets": 3674220000, "longTermInvestments": 345220000, "propertyPlantEquipment": 237772000, "goodWill": 80065000, "intangibleAssets": 125148000, "otherAssets": 54619000, "deferredLongTermAssetCharges": 52096000, "totalAssets": 4517044000, "accountsPayable": 179860000, "otherCurrentLiab": 415762000, "otherLiab": 23061000, "minorityInterest": 4287000, "totalCurrentLiabilities": 647836000, "totalLiab": 670897000, "commonStock": 102450000, "treasuryStock": 3739410000, "otherStockholderEquity": 3739410000, "totalStockholderEquity": 3841860000, "netTangibleAssets": 3636647000}], "maxAge": 86400}, "indexTrend": {"maxAge": 1, "symbol": "SP5", "peRatio": 19.7411, "pegRatio": 1.34172, "estimates": [{"period": "0q", "growth": 0.549}, {"period": "+1q", "growth": 0.431}, {"period": "0y", "growth": 0.305}, {"period": "+1y", "growth": 0.109}, {"period": "+5y", "growth": 0.120865}, {"period": "-5y"}]}, "insiderTransactions": {"transactions": [{"maxAge": 1, "shares": 12773, "value": 17592, "filerUrl": "", "transactionText": "Acquisition at price 1.38 per share.", "filerName": "BLS International Employees Welfare Trust", "filerRelation": "Institution- Corporation", "moneyText": "", "startDate": "2020-09-28", "ownership": "D"}, {"maxAge": 1, "shares": 150000, "value": 243959, "filerUrl": "", "transactionText": "Acquisition at price 1.63 per share.", "filerName": "BLS International Employees Welfare Trust", "filerRelation": "Institution- Corporation", "moneyText": "", "startDate": "2020-08-20", "ownership": "D"}, {"maxAge": 1, "shares": 80000, "value": 95984, "filerUrl": "", "transactionText": "Acquisition at price 1.20 per share.", "filerName": "Aggarwal (Shikhar)", "filerRelation": "Promoter", "moneyText": "", "startDate": "2020-08-07", "ownership": "D"}, {"maxAge": 1, "shares": 26559, "value": 26946, "filerUrl": "", "transactionText": "Acquisition at price 1.01 per share.", "filerName": "Aggarwal (Shikhar)", "filerRelation": "Promoter", "moneyText": "", "startDate": "2020-08-04", "ownership": "D"}, {"maxAge": 1, "shares": 56625, "value": 48442, "filerUrl": "", "transactionText": "Acquisition at price 0.86 per share.", "filerName": "Aggarwal (Riya)", "filerRelation": "Promoter", "moneyText": "", "startDate": "2020-06-30", "ownership": "D"}], "maxAge": 1}, "quoteType": {"exchange": "BSE", "quoteType": "EQUITY", "symbol": "BLS.BO", "underlyingSymbol": "BLS.BO", "shortName": "BLS International Services Ltd", "longName": "BLS International Services Limited", "firstTradeDateEpochUtc": "2016-09-08 09:15:00", "timeZoneFullName": "Asia/Kolkata", "timeZoneShortName": "IST", "uuid": "c20d1e05-b661-38d8-95fd-fde73fe195ff", "messageBoardId": null, "gmtOffSetMilliseconds": 19800000, "maxAge": 1}, "incomeStatementHistory": {"incomeStatementHistory": [{"maxAge": 1, "endDate": "2020-03-31", "totalRevenue": 7929035000, "costOfRevenue": 6191023000, "grossProfit": 1738012000, "researchDevelopment": {}, "sellingGeneralAdministrative": 237762000, "nonRecurring": {}, "otherOperatingExpenses": 582178000, "totalOperatingExpenses": 7139202000, "operatingIncome": 789833000, "totalOtherIncomeExpenseNet": -241616000, "ebit": 789833000, "interestExpense": -10895000, "incomeBeforeTax": 548217000, "incomeTaxExpense": 24423000, "minorityInterest": -677000, "netIncomeFromContinuingOps": 523794000, "discontinuedOperations": {}, "extraordinaryItems": {}, "effectOfAccountingCharges": {}, "otherItems": {}, "netIncome": 524251000, "netIncomeApplicableToCommonShares": 524251000}, {"maxAge": 1, "endDate": "2019-03-31", "totalRevenue": 8078348000, "costOfRevenue": 6073885000, "grossProfit": 2004463000, "researchDevelopment": {}, "sellingGeneralAdministrative": 139366000, "nonRecurring": {}, "otherOperatingExpenses": 661578000, "totalOperatingExpenses": 7122414000, "operatingIncome": 955934000, "totalOtherIncomeExpenseNet": 261036000, "ebit": 955934000, "interestExpense": -98256000, "incomeBeforeTax": 1216970000, "incomeTaxExpense": 165301000, "minorityInterest": 4552000, "netIncomeFromContinuingOps": 1051669000, "discontinuedOperations": {}, "extraordinaryItems": {}, "effectOfAccountingCharges": {}, "otherItems": {}, "netIncome": 1052227000, "netIncomeApplicableToCommonShares": 1052227000}, {"maxAge": 1, "endDate": "2018-03-31", "totalRevenue": 7890517893, "costOfRevenue": 5510140307, "grossProfit": 2380377586, "researchDevelopment": {}, "sellingGeneralAdministrative": 112259304, "nonRecurring": {}, "otherOperatingExpenses": 652837918, "totalOperatingExpenses": 6696187075, "operatingIncome": 1194330818, "totalOtherIncomeExpenseNet": -86238055, "ebit": 1194330818, "interestExpense": -123757780, "incomeBeforeTax": 1108092763, "incomeTaxExpense": 142701596, "minorityInterest": 872716, "netIncomeFromContinuingOps": 965391167, "discontinuedOperations": {}, "extraordinaryItems": {}, "effectOfAccountingCharges": {}, "otherItems": {}, "netIncome": 965357787, "netIncomeApplicableToCommonShares": 965357787}, {"maxAge": 1, "endDate": "2017-03-31", "totalRevenue": 6368728597, "costOfRevenue": 5129174782, "grossProfit": 1239553815, "researchDevelopment": {}, "sellingGeneralAdministrative": 93268467, "nonRecurring": {}, "otherOperatingExpenses": 303474165, "totalOperatingExpenses": 5785634406, "operatingIncome": 583094191, "totalOtherIncomeExpenseNet": -49728395, "ebit": 583094191, "interestExpense": -55007269, "incomeBeforeTax": 533365796, "incomeTaxExpense": 32229481, "minorityInterest": 1360291, "netIncomeFromContinuingOps": 501136315, "discontinuedOperations": {}, "extraordinaryItems": {}, "effectOfAccountingCharges": {}, "otherItems": {}, "netIncome": 500793404, "netIncomeApplicableToCommonShares": 500793404}], "maxAge": 86400}, "fundOwnership": {"maxAge": 1, "ownershipList": []}, "summaryDetail": {"maxAge": 1, "priceHint": 2, "previousClose": 90.65, "open": 90.3, "dayLow": 81.0, "dayHigh": 92.05, "regularMarketPreviousClose": 90.65, "regularMarketOpen": 90.3, "regularMarketDayLow": 81.0, "regularMarketDayHigh": 92.05, "trailingPE": 31.035667, "volume": 32082, "regularMarketVolume": 32082, "averageVolume": 29421, "averageVolume10days": 13817, "averageDailyVolume10Day": 13817, "bid": 90.0, "ask": 90.9, "bidSize": 0, "askSize": 0, "marketCap": 9134436352, "fiftyTwoWeekLow": 27.25, "fiftyTwoWeekHigh": 133.15, "fiftyDayAverage": 105.25429, "twoHundredDayAverage": 94.80693, "trailingAnnualDividendRate": 1.0, "trailingAnnualDividendYield": 0.0110314395, "currency": "INR", "fromCurrency": null, "toCurrency": null, "lastMarket": null, "algorithm": null, "tradeable": false}, "incomeStatementHistoryQuarterly": {"incomeStatementHistory": [{"maxAge": 1, "endDate": "2020-06-30", "totalRevenue": 552702000, "costOfRevenue": 408217000, "grossProfit": 144485000, "researchDevelopment": {}, "sellingGeneralAdministrative": {}, "nonRecurring": {}, "otherOperatingExpenses": 81580000, "totalOperatingExpenses": 512556000, "operatingIncome": 40146000, "totalOtherIncomeExpenseNet": -1101000, "ebit": 40146000, "interestExpense": -1101000, "incomeBeforeTax": 39045000, "incomeTaxExpense": 47019000, "minorityInterest": {}, "netIncomeFromContinuingOps": -7974000, "discontinuedOperations": {}, "extraordinaryItems": {}, "effectOfAccountingCharges": {}, "otherItems": {}, "netIncome": -7974000, "netIncomeApplicableToCommonShares": -7974000}, {"maxAge": 1, "endDate": "2020-03-31", "totalRevenue": 1580062000, "costOfRevenue": 1130279000, "grossProfit": 449783000, "researchDevelopment": {}, "sellingGeneralAdministrative": 237762000, "nonRecurring": {}, "otherOperatingExpenses": 57048000, "totalOperatingExpenses": 1458626000, "operatingIncome": 121436000, "totalOtherIncomeExpenseNet": -39502000, "ebit": 121436000, "interestExpense": -1101000, "incomeBeforeTax": 81934000, "incomeTaxExpense": -663000, "minorityInterest": -677000, "netIncomeFromContinuingOps": 82597000, "discontinuedOperations": {}, "extraordinaryItems": {}, "effectOfAccountingCharges": {}, "otherItems": {}, "netIncome": 89584000, "netIncomeApplicableToCommonShares": 89584000}, {"maxAge": 1, "endDate": "2019-12-31", "totalRevenue": 2043485000, "costOfRevenue": 1660938000, "grossProfit": 382547000, "researchDevelopment": {}, "sellingGeneralAdministrative": 237762000, "nonRecurring": {}, "otherOperatingExpenses": 180400000, "totalOperatingExpenses": 1867357000, "operatingIncome": 176128000, "totalOtherIncomeExpenseNet": 44562000, "ebit": 176128000, "interestExpense": -2125000, "incomeBeforeTax": 220690000, "incomeTaxExpense": 8201000, "minorityInterest": -677000, "netIncomeFromContinuingOps": 212489000, "discontinuedOperations": {}, "extraordinaryItems": {}, "effectOfAccountingCharges": {}, "otherItems": {}, "netIncome": 210467000, "netIncomeApplicableToCommonShares": 210467000}, {"maxAge": 1, "endDate": "2019-09-30", "totalRevenue": 2035902000, "costOfRevenue": 1565112000, "grossProfit": 470790000, "researchDevelopment": {}, "sellingGeneralAdministrative": 237762000, "nonRecurring": {}, "otherOperatingExpenses": 181848000, "totalOperatingExpenses": 1782054000, "operatingIncome": 253848000, "totalOtherIncomeExpenseNet": -266596000, "ebit": 253848000, "interestExpense": -2754000, "incomeBeforeTax": -12748000, "incomeTaxExpense": -22345000, "minorityInterest": 4287000, "netIncomeFromContinuingOps": 9597000, "discontinuedOperations": {}, "extraordinaryItems": {}, "effectOfAccountingCharges": {}, "otherItems": {}, "netIncome": 6827000, "netIncomeApplicableToCommonShares": 6827000}], "maxAge": 86400}, "cashflowStatementHistoryQuarterly": {"cashflowStatements": [{"maxAge": 1, "endDate": "2020-06-30", "netIncome": -7974000, "changeToLiabilities": 0}, {"maxAge": 1, "endDate": "2020-03-31", "netIncome": 89584000, "changeToLiabilities": 0}, {"maxAge": 1, "endDate": "2019-12-31", "netIncome": 210467000, "changeToLiabilities": 0}, {"maxAge": 1, "endDate": "2019-09-30", "netIncome": 6827000, "changeToLiabilities": 0}], "maxAge": 86400}, "insiderHolders": {"holders": [{"maxAge": 1, "name": "Aggarwal (Riya)", "relation": "Promoter", "url": "", "transactionDescription": "Acquisition", "latestTransDate": "2020-06-30", "positionDirect": 56625, "positionDirectDate": "2020-06-30"}, {"maxAge": 1, "name": "Aggarwal (Shikhar)", "relation": "Promoter", "url": "", "transactionDescription": "Acquisition", "latestTransDate": "2020-08-07", "positionDirect": 2108141, "positionDirectDate": "2020-08-07"}, {"maxAge": 1, "name": "BLS International Employees Welfare Trust", "relation": "Institution- Corporation", "url": "", "transactionDescription": "Acquisition", "latestTransDate": "2020-09-28", "positionDirect": 162773, "positionDirectDate": "2020-09-28"}], "maxAge": 1}, "calendarEvents": {"maxAge": 1, "earnings": {"earningsDate": []}}, "price": {"maxAge": 1, "regularMarketChangePercent": -0.0016547326, "regularMarketChange": -0.15000153, "regularMarketTime": "2021-04-30 15:26:32", "priceHint": 2, "regularMarketPrice": 90.5, "regularMarketDayHigh": 92.05, "regularMarketDayLow": 81.0, "regularMarketVolume": 32082, "averageDailyVolume10Day": 13817, "averageDailyVolume3Month": 29421, "regularMarketPreviousClose": 90.65, "regularMarketSource": "FREE_REALTIME", "regularMarketOpen": 90.3, "exchange": "BSE", "exchangeName": "BSE", "exchangeDataDelayedBy": 0, "marketState": "CLOSED", "quoteType": "EQUITY", "symbol": "BLS.BO", "underlyingSymbol": null, "shortName": "BLS International Services Ltd", "longName": "BLS International Services Limited", "currency": "INR", "quoteSourceName": "Delayed Quote", "currencySymbol": "\u20b9", "fromCurrency": null, "toCurrency": null, "lastMarket": null, "marketCap": 9134436352}, "balanceSheetHistory": {"balanceSheetStatements": [{"maxAge": 1, "endDate": "2020-03-31", "cash": 220009000, "shortTermInvestments": 2007417000, "netReceivables": 1278206000, "otherCurrentAssets": 342855000, "totalCurrentAssets": 3869871000, "longTermInvestments": 287775000, "propertyPlantEquipment": 229868000, "goodWill": 80065000, "intangibleAssets": 101741000, "otherAssets": 122994000, "deferredLongTermAssetCharges": 55013000, "totalAssets": 4692314000, "accountsPayable": 164749000, "shortLongTermDebt": 8832000, "otherCurrentLiab": 58462000, "otherLiab": 28431000, "minorityInterest": -677000, "totalCurrentLiabilities": 379977000, "totalLiab": 408408000, "commonStock": 102450000, "retainedEarnings": 3858048000, "treasuryStock": 324085000, "otherStockholderEquity": 324085000, "totalStockholderEquity": 4284583000, "netTangibleAssets": 4102777000}, {"maxAge": 1, "endDate": "2019-03-31", "cash": 673205000, "shortTermInvestments": 1008412000, "netReceivables": 1884154000, "otherCurrentAssets": 275480000, "totalCurrentAssets": 3864619000, "longTermInvestments": 288606000, "propertyPlantEquipment": 248714000, "goodWill": 80065000, "intangibleAssets": 207695000, "otherAssets": 63951000, "deferredLongTermAssetCharges": 5791000, "totalAssets": 4753650000, "accountsPayable": 237825000, "shortLongTermDebt": 85120000, "otherCurrentLiab": 140118000, "longTermDebt": 8832000, "otherLiab": 22953000, "minorityInterest": 4552000, "totalCurrentLiabilities": 996874000, "totalLiab": 1028659000, "commonStock": 102450000, "retainedEarnings": 3514429000, "treasuryStock": 103560000, "otherStockholderEquity": 103560000, "totalStockholderEquity": 3720439000, "netTangibleAssets": 3432679000}, {"maxAge": 1, "endDate": "2018-03-31", "cash": 870377744, "shortTermInvestments": 272374142, "netReceivables": 2397098647, "otherCurrentAssets": 308931414, "totalCurrentAssets": 3865655066, "longTermInvestments": 278069162, "propertyPlantEquipment": 405075152, "intangibleAssets": 89516399, "otherAssets": 59442308, "deferredLongTermAssetCharges": 32618182, "totalAssets": 4697758087, "accountsPayable": 388232344, "shortLongTermDebt": 148736376, "otherCurrentLiab": 216198283, "longTermDebt": 389703736, "otherLiab": 15475440, "minorityInterest": 872716, "totalCurrentLiabilities": 1686273000, "totalLiab": 2091452176, "commonStock": 102450000, "retainedEarnings": 2513647513, "treasuryStock": -10664318, "otherStockholderEquity": -10664318, "totalStockholderEquity": 2605433195, "netTangibleAssets": 2515916796}, {"maxAge": 1, "endDate": "2017-03-31", "cash": 603570632, "shortTermInvestments": 93328394, "netReceivables": 947555766, "otherCurrentAssets": 197098208, "totalCurrentAssets": 1860621056, "longTermInvestments": 320276254, "propertyPlantEquipment": 718439928, "intangibleAssets": 65833126, "otherAssets": 642108, "deferredLongTermAssetCharges": -5057552, "totalAssets": 2965812472, "accountsPayable": 130306269, "shortLongTermDebt": 115699676, "otherCurrentLiab": 33874452, "longTermDebt": 486985720, "otherLiab": 12826576, "minorityInterest": 1360291, "totalCurrentLiabilities": 807928780, "totalLiab": 1307741076, "commonStock": 102450000, "retainedEarnings": 1585455973, "treasuryStock": -31194868, "otherStockholderEquity": -31194868, "totalStockholderEquity": 1656711105, "netTangibleAssets": 1590877979}], "maxAge": 86400}, "financialData": {"maxAge": 86400, "currentPrice": 90.5, "recommendationKey": "none", "grossProfits": 1738012000, "financialCurrency": "INR"}}}