{"BLUEDART.NS": {"assetProfile": {"address1": "Blue Dart Centre", "address2": "Sahar Airport Road Andheri (East)", "city": "Mumbai", "zip": "400099", "country": "India", "phone": "91 22 2839 6444", "fax": "91 22 2824 4131", "website": "http://www.bluedart.com", "industry": "Integrated Freight & Logistics", "sector": "Industrials", "longBusinessSummary": "Blue Dart Express Limited provides courier and express services. It provides day-definite and time-definite delivery schedules across air and ground network under the Domestic Priority, Dart Apex, Dart Surfaceline, and Dart Plus name; door-to-door ground distribution service to approximately 35,000 locations for shipments weighing 10 kgs and above under the Dart Surfaceline name; and industry-specific services. The company also offers air freight services between the airports of Kolkata, Delhi, Mumbai, Bengaluru, Chennai, Hyderabad, and Ahmedabad; air and ground express packaging services under the Smart Box name; wood-free palletized packaging; transportation for freight of 100kgs, 75kgs, or 50kgs; door-to-door express deliveries for documents and packages; international services; and temperature controlled logistics solutions, as well as operates domestic express airline charter. Its infrastructure includes a fleet of 6 Boeing 757-200 freighters with a capacity of 500 tonnes per night; and a flotilla of approximately 22,336 vehicles. The company was founded in 1983 and is headquartered in Mumbai, India. Blue Dart Express Limited is a subsidiary of DHL Express (Singapore) Pte. Ltd.", "fullTimeEmployees": 12277, "companyOfficers": [{"maxAge": 1, "name": "Mr. Balfour  Manuel", "title": "MD & Exec. Director", "fiscalYear": 2020, "totalPay": 17977000, "exercisedValue": 0, "unexercisedValue": 0}, {"maxAge": 1, "name": "Mr. Aneel J. Gambhir", "title": "Chief Financial Officer", "fiscalYear": 2020, "totalPay": 14372000, "exercisedValue": 0, "unexercisedValue": 0}, {"maxAge": 1, "name": "Mr. Tushar  Gunderia", "title": "Company Sec. and Head of Legal & Compliance", "fiscalYear": 2020, "totalPay": 7827000, "exercisedValue": 0, "unexercisedValue": 0}, {"maxAge": 1, "name": "Mr. Manoj  Madhavan", "title": "Chief Information Officer", "exercisedValue": 0, "unexercisedValue": 0}, {"maxAge": 1, "name": "Mr. Vinay  Srivastava", "title": "Head of Admin, Procurement & Real Estate", "exercisedValue": 0, "unexercisedValue": 0}, {"maxAge": 1, "name": "Ms. Archana  Mohta", "title": "Head of Corp. Communications & CSR", "exercisedValue": 0, "unexercisedValue": 0}, {"maxAge": 1, "name": "Mr. Ketan  Kulkarni", "title": "Head of Bus. Devel. & CMO", "exercisedValue": 0, "unexercisedValue": 0}, {"maxAge": 1, "name": "Mr. Rajendra  Ghag", "title": "Chief Human Resource Officer", "exercisedValue": 0, "unexercisedValue": 0}, {"maxAge": 1, "name": "Mr. K. Gopa Kumar", "title": "Head of South 1 Region", "exercisedValue": 0, "unexercisedValue": 0}, {"maxAge": 1, "name": "Mr. Samir  Shah", "title": "Bus. Head - Apex & SFC", "exercisedValue": 0, "unexercisedValue": 0}], "compensationAsOfEpochDate": "2020-12-31 05:30:00", "maxAge": 86400}, "cashflowStatementHistory": {"cashflowStatements": [{"maxAge": 1, "endDate": "2020-03-31", "netIncome": -418600000, "depreciation": 3384400000, "changeToNetincome": 726500000, "changeToAccountReceivables": -369500000, "changeToLiabilities": -353300000, "changeToInventory": -20500000, "changeToOperatingActivities": 453300000, "totalCashFromOperatingActivities": 3641100000, "capitalExpenditures": -1989500000, "investments": 3500000, "otherCashflowsFromInvestingActivities": 45500000, "totalCashflowsFromInvestingActivities": -1925800000, "dividendsPaid": -296600000, "netBorrowings": -1875000000, "otherCashflowsFromFinancingActivities": -1229300000, "totalCashFromFinancingActivities": -3400900000, "changeInCash": -1685600000}, {"maxAge": 1, "endDate": "2019-03-31", "netIncome": 897600000, "depreciation": 1131200000, "changeToNetincome": -30000000, "changeToAccountReceivables": -366100000, "changeToLiabilities": 342300000, "changeToInventory": -58900000, "changeToOperatingActivities": 369500000, "totalCashFromOperatingActivities": 2433300000, "capitalExpenditures": -2873800000, "investments": 4000000, "otherCashflowsFromInvestingActivities": 64200000, "totalCashflowsFromInvestingActivities": -2800300000, "dividendsPaid": -296600000, "netBorrowings": 1575900000, "otherCashflowsFromFinancingActivities": -487600000, "totalCashFromFinancingActivities": 791700000, "changeInCash": 424700000}, {"maxAge": 1, "endDate": "2018-03-31", "netIncome": 1447100000, "depreciation": 1008800000, "changeToNetincome": 181700000, "changeToAccountReceivables": -610500000, "changeToLiabilities": 949700000, "changeToInventory": 24000000, "changeToOperatingActivities": 30500000, "totalCashFromOperatingActivities": 3167000000, "capitalExpenditures": -1995100000, "investments": 2900000, "otherCashflowsFromInvestingActivities": 72600000, "totalCashflowsFromInvestingActivities": -1898000000, "dividendsPaid": -355900000, "netBorrowings": -686000000, "otherCashflowsFromFinancingActivities": -477500000, "totalCashFromFinancingActivities": -1519400000, "changeInCash": -250400000}, {"maxAge": 1, "endDate": "2017-03-31", "netIncome": 1398400000, "depreciation": 916200000, "changeToNetincome": 256800000, "changeToAccountReceivables": -713500000, "changeToLiabilities": 262400000, "changeToInventory": -44600000, "changeToOperatingActivities": 53200000, "totalCashFromOperatingActivities": 2250200000, "capitalExpenditures": -1692300000, "investments": -1300000, "otherCashflowsFromInvestingActivities": 110000000, "totalCashflowsFromInvestingActivities": -2278000000, "dividendsPaid": -711800000, "netBorrowings": 900000000, "otherCashflowsFromFinancingActivities": -516400000, "totalCashFromFinancingActivities": -328200000, "changeInCash": -356000000}], "maxAge": 86400}, "institutionOwnership": {"maxAge": 1, "ownershipList": []}, "majorHoldersBreakdown": {"maxAge": 1, "insidersPercentHeld": 0.78231, "institutionsPercentHeld": 0.10146, "institutionsFloatPercentHeld": 0.46608, "institutionsCount": 32}, "balanceSheetHistoryQuarterly": {"balanceSheetStatements": [{"maxAge": 1, "endDate": "2020-12-31", "totalStockholderEquity": 4073200000, "netTangibleAssets": 3173400000}, {"maxAge": 1, "endDate": "2020-09-30", "cash": 1224400000, "shortTermInvestments": 1141400000, "netReceivables": 4973200000, "inventory": 302600000, "otherCurrentAssets": 349500000, "totalCurrentAssets": 7991100000, "propertyPlantEquipment": 14782500000, "intangibleAssets": 899800000, "otherAssets": 2715200000, "deferredLongTermAssetCharges": 955300000, "totalAssets": 26388600000, "accountsPayable": 4496100000, "otherCurrentLiab": 5333500000, "longTermDebt": 1800000000, "otherLiab": 159900000, "totalCurrentLiabilities": 12971000000, "totalLiab": 22315400000, "commonStock": 474900000, "treasuryStock": 3598300000, "otherStockholderEquity": 3598300000, "totalStockholderEquity": 4073200000, "netTangibleAssets": 3173400000}, {"maxAge": 1, "endDate": "2020-06-30", "totalStockholderEquity": 4908300000, "netTangibleAssets": 3918700000}, {"maxAge": 1, "endDate": "2020-03-31", "cash": 975100000, "shortTermInvestments": 191700000, "netReceivables": 5291500000, "inventory": 269900000, "otherCurrentAssets": 317500000, "totalCurrentAssets": 7213100000, "propertyPlantEquipment": 15840500000, "intangibleAssets": 989600000, "otherAssets": 2364700000, "deferredLongTermAssetCharges": 645100000, "totalAssets": 26407900000, "accountsPayable": 4010300000, "shortLongTermDebt": 1200000000, "otherCurrentLiab": 964300000, "longTermDebt": 4100000000, "otherLiab": 278900000, "totalCurrentLiabilities": 9435100000, "totalLiab": 21499600000, "commonStock": 237300000, "retainedEarnings": 4323200000, "treasuryStock": 300000, "capitalSurplus": 347500000, "otherStockholderEquity": 300000, "totalStockholderEquity": 4908300000, "netTangibleAssets": 3918700000}], "maxAge": 86400}, "indexTrend": {"maxAge": 1, "symbol": "SP5", "peRatio": 19.7411, "pegRatio": 1.34172, "estimates": [{"period": "0q", "growth": 0.549}, {"period": "+1q", "growth": 0.431}, {"period": "0y", "growth": 0.305}, {"period": "+1y", "growth": 0.109}, {"period": "+5y", "growth": 0.120865}, {"period": "-5y"}]}, "defaultKeyStatistics": {"maxAge": 1, "priceHint": 2, "enterpriseValue": 134751264768, "profitMargins": -0.0061500003, "floatShares": 5299906, "sharesOutstanding": 23727900, "heldPercentInsiders": 0.78231, "heldPercentInstitutions": 0.10146, "beta": 0.528095, "category": null, "bookValue": 171.665, "priceToBook": 30.549618, "fundFamily": null, "legalType": null, "lastFiscalYearEnd": "2020-03-31 05:30:00", "nextFiscalYearEnd": "2022-03-31 05:30:00", "mostRecentQuarter": "2020-12-31 05:30:00", "netIncomeToCommon": -187600000, "trailingEps": -7.907, "lastSplitFactor": "2:1", "lastSplitDate": "2001-08-10 05:30:00", "enterpriseToRevenue": 4.42, "enterpriseToEbitda": 44.952, "52WeekChange": 1.3325624, "SandP52WeekChange": 0.48148263, "lastDividendValue": 12.5, "lastDividendDate": 1563840000}, "summaryProfile": {"address1": "Blue Dart Centre", "address2": "Sahar Airport Road Andheri (East)", "city": "Mumbai", "zip": "400099", "country": "India", "phone": "91 22 2839 6444", "fax": "91 22 2824 4131", "website": "http://www.bluedart.com", "industry": "Integrated Freight & Logistics", "sector": "Industrials", "longBusinessSummary": "Blue Dart Express Limited provides courier and express services. It provides day-definite and time-definite delivery schedules across air and ground network under the Domestic Priority, Dart Apex, Dart Surfaceline, and Dart Plus name; door-to-door ground distribution service to approximately 35,000 locations for shipments weighing 10 kgs and above under the Dart Surfaceline name; and industry-specific services. The company also offers air freight services between the airports of Kolkata, Delhi, Mumbai, Bengaluru, Chennai, Hyderabad, and Ahmedabad; air and ground express packaging services under the Smart Box name; wood-free palletized packaging; transportation for freight of 100kgs, 75kgs, or 50kgs; door-to-door express deliveries for documents and packages; international services; and temperature controlled logistics solutions, as well as operates domestic express airline charter. Its infrastructure includes a fleet of 6 Boeing 757-200 freighters with a capacity of 500 tonnes per night; and a flotilla of approximately 22,336 vehicles. The company was founded in 1983 and is headquartered in Mumbai, India. Blue Dart Express Limited is a subsidiary of DHL Express (Singapore) Pte. Ltd.", "fullTimeEmployees": 12277, "companyOfficers": [], "maxAge": 86400}, "netSharePurchaseActivity": {"maxAge": 1, "period": "6m", "buyInfoCount": 0, "buyInfoShares": 0, "sellInfoCount": 0, "netInfoCount": 0, "netInfoShares": 0, "netPercentInsiderShares": 0.0, "totalInsiderShares": 18563554}, "insiderTransactions": {"transactions": [{"maxAge": 1, "shares": 118, "filerUrl": "", "transactionText": "", "filerName": "Manuel (Balfour)", "filerRelation": "Divisional Officer", "moneyText": "", "startDate": "2018-08-29", "ownership": "D"}, {"maxAge": 1, "shares": 228, "filerUrl": "", "transactionText": "", "filerName": "Manuel (Balfour)", "filerRelation": "Divisional Officer", "moneyText": "", "startDate": "2018-08-28", "ownership": "D"}, {"maxAge": 1, "shares": 452, "filerUrl": "", "transactionText": "", "filerName": "Manuel (Balfour)", "filerRelation": "Divisional Officer", "moneyText": "", "startDate": "2018-08-27", "ownership": "D"}, {"maxAge": 1, "shares": 1431937, "filerUrl": "", "transactionText": "", "filerName": "DHL Express Singapore Pte Ltd", "filerRelation": "Promoter", "moneyText": "", "startDate": "2012-11-23", "ownership": "D"}], "maxAge": 1}, "quoteType": {"exchange": "NSI", "quoteType": "EQUITY", "symbol": "BLUEDART.NS", "underlyingSymbol": "BLUEDART.NS", "shortName": "BLUE DART EXPRESS", "longName": "Blue Dart Express Limited", "firstTradeDateEpochUtc": "2002-07-01 09:15:00", "timeZoneFullName": "Asia/Kolkata", "timeZoneShortName": "IST", "uuid": "43bd0753-d1fb-32e2-bbd9-4bbee5be4134", "messageBoardId": "finmb_882716", "gmtOffSetMilliseconds": 19800000, "maxAge": 1}, "incomeStatementHistory": {"incomeStatementHistory": [{"maxAge": 1, "endDate": "2020-03-31", "totalRevenue": 31778900000, "costOfRevenue": 24326500000, "grossProfit": 7452400000, "researchDevelopment": {}, "sellingGeneralAdministrative": 630100000, "nonRecurring": {}, "otherOperatingExpenses": 1828500000, "totalOperatingExpenses": 30258400000, "operatingIncome": 1520500000, "totalOtherIncomeExpenseNet": -1911700000, "ebit": 1520500000, "interestExpense": -1173800000, "incomeBeforeTax": -391200000, "incomeTaxExpense": 27400000, "minorityInterest": {}, "netIncomeFromContinuingOps": -418600000, "discontinuedOperations": {}, "extraordinaryItems": {}, "effectOfAccountingCharges": {}, "otherItems": {}, "netIncome": -418600000, "netIncomeApplicableToCommonShares": -418600000}, {"maxAge": 1, "endDate": "2019-03-31", "totalRevenue": 31770500000, "costOfRevenue": 25013800000, "grossProfit": 6756700000, "researchDevelopment": {}, "sellingGeneralAdministrative": 2075400000, "nonRecurring": {}, "otherOperatingExpenses": 1772700000, "totalOperatingExpenses": 30140800000, "operatingIncome": 1629700000, "totalOtherIncomeExpenseNet": -288300000, "ebit": 1629700000, "interestExpense": -426600000, "incomeBeforeTax": 1341400000, "incomeTaxExpense": 443800000, "minorityInterest": {}, "netIncomeFromContinuingOps": 897600000, "discontinuedOperations": {}, "extraordinaryItems": {}, "effectOfAccountingCharges": {}, "otherItems": {}, "netIncome": 897600000, "netIncomeApplicableToCommonShares": 897600000}, {"maxAge": 1, "endDate": "2018-03-31", "totalRevenue": 28018500000, "costOfRevenue": 20952900000, "grossProfit": 7065600000, "researchDevelopment": {}, "sellingGeneralAdministrative": 1825900000, "nonRecurring": {}, "otherOperatingExpenses": 1648500000, "totalOperatingExpenses": 25571800000, "operatingIncome": 2446700000, "totalOtherIncomeExpenseNet": -276700000, "ebit": 2446700000, "interestExpense": -405000000, "incomeBeforeTax": 2170000000, "incomeTaxExpense": 722900000, "minorityInterest": {}, "netIncomeFromContinuingOps": 1447100000, "discontinuedOperations": {}, "extraordinaryItems": {}, "effectOfAccountingCharges": {}, "otherItems": {}, "netIncome": 1447100000, "netIncomeApplicableToCommonShares": 1447100000}, {"maxAge": 1, "endDate": "2017-03-31", "totalRevenue": 26906900000, "costOfRevenue": 19863600000, "grossProfit": 7043300000, "researchDevelopment": {}, "sellingGeneralAdministrative": 1737700000, "nonRecurring": {}, "otherOperatingExpenses": 1836400000, "totalOperatingExpenses": 24490800000, "operatingIncome": 2416100000, "totalOtherIncomeExpenseNet": -224800000, "ebit": 2416100000, "interestExpense": -450100000, "incomeBeforeTax": 2191300000, "incomeTaxExpense": 792900000, "minorityInterest": {}, "netIncomeFromContinuingOps": 1398400000, "discontinuedOperations": {}, "extraordinaryItems": {}, "effectOfAccountingCharges": {}, "otherItems": {}, "netIncome": 1398400000, "netIncomeApplicableToCommonShares": 1398400000}], "maxAge": 86400}, "fundOwnership": {"maxAge": 1, "ownershipList": [{"maxAge": 1, "reportDate": "2021-03-31", "organization": "iShares Core MSCI Emerging Markets ETF", "pctHeld": 0.0029, "position": 68131, "value": 379786039}, {"maxAge": 1, "reportDate": "2021-01-31", "organization": "DFA Emerging Markets Core Equity Portfolio", "pctHeld": 0.0014, "position": 33268, "value": 132192061}, {"maxAge": 1, "reportDate": "2021-01-31", "organization": "DFA Emerging Markets Small Cap Series", "pctHeld": 0.0011, "position": 26504, "value": 105314969}, {"maxAge": 1, "reportDate": "2021-03-31", "organization": "iShares MSCI India Small Cap ETF", "pctHeld": 0.0004, "position": 8920, "value": 49723202}, {"maxAge": 1, "reportDate": "2021-03-31", "organization": "SPDR (R) Idx Shares-SPDR (R) Emerging Markets Small Cap ETF", "pctHeld": 0.00029999999, "position": 6438, "value": 35887665}, {"maxAge": 1, "reportDate": "2020-12-31", "organization": "College Retirement Equities Fund-Stock Account", "pctHeld": 0.0002, "position": 3681, "value": 15081977}, {"maxAge": 1, "reportDate": "2021-01-31", "organization": "Blackrock Funds II-Blackrock Multi-Asset Income Portfolio", "pctHeld": 0.0001, "position": 2247, "value": 8928566}, {"maxAge": 1, "reportDate": "2020-12-31", "organization": "State Street Inst Inv Tr-State St All Cap Glb Equity ex-US Index Port", "pctHeld": 0.0001, "position": 2241, "value": 9181937}, {"maxAge": 1, "reportDate": "2021-03-31", "organization": "iShares MSCI Emerging Markets Small Cap ETF", "pctHeld": 0.0001, "position": 1980, "value": 11037213}, {"maxAge": 1, "reportDate": "2021-01-31", "organization": "DFA Investment Dimensions-World Ex U.S. Core Equity Port", "pctHeld": 0.0001, "position": 1564, "value": 6214632}]}, "summaryDetail": {"maxAge": 1, "priceHint": 2, "previousClose": 5321.9, "open": 5279.0, "dayLow": 5221.9, "dayHigh": 5424.95, "regularMarketPreviousClose": 5321.9, "regularMarketOpen": 5279.0, "regularMarketDayLow": 5221.9, "regularMarketDayHigh": 5424.95, "exDividendDate": "2019-07-23 05:30:00", "payoutRatio": 0.0, "beta": 0.528095, "volume": 18355, "regularMarketVolume": 18355, "averageVolume": 40588, "averageVolume10days": 25991, "averageDailyVolume10Day": 25991, "bid": 0.0, "ask": 0.0, "bidSize": 0, "askSize": 0, "marketCap": 124587253760, "fiftyTwoWeekLow": 1873.05, "fiftyTwoWeekHigh": 5845.0, "priceToSalesTrailing12Months": 4.0862885, "fiftyDayAverage": 5265.5312, "twoHundredDayAverage": 4349.8335, "trailingAnnualDividendRate": 12.5, "trailingAnnualDividendYield": 0.0023487853, "currency": "INR", "fromCurrency": null, "toCurrency": null, "lastMarket": null, "algorithm": null, "tradeable": false}, "incomeStatementHistoryQuarterly": {"incomeStatementHistory": [{"maxAge": 1, "endDate": "2020-12-31", "totalRevenue": 10371200000, "costOfRevenue": 6891000000, "grossProfit": 3480200000, "researchDevelopment": {}, "sellingGeneralAdministrative": {}, "nonRecurring": {}, "otherOperatingExpenses": 960600000, "totalOperatingExpenses": 9000900000, "operatingIncome": 1370300000, "totalOtherIncomeExpenseNet": -131100000, "ebit": 1370300000, "interestExpense": -270100000, "incomeBeforeTax": 1239200000, "incomeTaxExpense": 286000000, "minorityInterest": {}, "netIncomeFromContinuingOps": 953200000, "discontinuedOperations": {}, "extraordinaryItems": {}, "effectOfAccountingCharges": {}, "otherItems": {}, "netIncome": 953200000, "netIncomeApplicableToCommonShares": 953200000}, {"maxAge": 1, "endDate": "2020-09-30", "totalRevenue": 8665700000, "costOfRevenue": 5659600000, "grossProfit": 3006100000, "researchDevelopment": {}, "sellingGeneralAdministrative": {}, "nonRecurring": {}, "otherOperatingExpenses": 720600000, "totalOperatingExpenses": 7496600000, "operatingIncome": 1169100000, "totalOtherIncomeExpenseNet": -598400000, "ebit": 1169100000, "interestExpense": -303600000, "incomeBeforeTax": 570700000, "incomeTaxExpense": 147400000, "minorityInterest": {}, "netIncomeFromContinuingOps": 423300000, "discontinuedOperations": {}, "extraordinaryItems": {}, "effectOfAccountingCharges": {}, "otherItems": {}, "netIncome": 423300000, "netIncomeApplicableToCommonShares": 423300000}, {"maxAge": 1, "endDate": "2020-06-30", "totalRevenue": 4161600000, "costOfRevenue": 3943800000, "grossProfit": 217800000, "researchDevelopment": {}, "sellingGeneralAdministrative": {}, "nonRecurring": {}, "otherOperatingExpenses": 643200000, "totalOperatingExpenses": 5542400000, "operatingIncome": -1380800000, "totalOtherIncomeExpenseNet": -251300000, "ebit": -1380800000, "interestExpense": -278000000, "incomeBeforeTax": -1632100000, "incomeTaxExpense": -373700000, "minorityInterest": {}, "netIncomeFromContinuingOps": -1258400000, "discontinuedOperations": {}, "extraordinaryItems": {}, "effectOfAccountingCharges": {}, "otherItems": {}, "netIncome": -1258400000, "netIncomeApplicableToCommonShares": -1258400000}, {"maxAge": 1, "endDate": "2020-03-31", "totalRevenue": 7290600000, "costOfRevenue": 6038000000, "grossProfit": 1252600000, "researchDevelopment": {}, "sellingGeneralAdministrative": 630100000, "nonRecurring": {}, "otherOperatingExpenses": -552900000, "totalOperatingExpenses": 7068700000, "operatingIncome": 221900000, "totalOtherIncomeExpenseNet": -535700000, "ebit": 221900000, "interestExpense": -295600000, "incomeBeforeTax": -313800000, "incomeTaxExpense": -8100000, "minorityInterest": {}, "netIncomeFromContinuingOps": -305700000, "discontinuedOperations": {}, "extraordinaryItems": {}, "effectOfAccountingCharges": {}, "otherItems": {}, "netIncome": -305700000, "netIncomeApplicableToCommonShares": -305700000}], "maxAge": 86400}, "cashflowStatementHistoryQuarterly": {"cashflowStatements": [{"maxAge": 1, "endDate": "2020-12-31", "netIncome": 953200000, "changeToLiabilities": 0}, {"maxAge": 1, "endDate": "2020-09-30", "netIncome": 423300000, "changeToLiabilities": 0}, {"maxAge": 1, "endDate": "2020-06-30", "netIncome": -1258400000, "changeToLiabilities": 0}, {"maxAge": 1, "endDate": "2020-03-31", "netIncome": -305700000, "changeToLiabilities": 0}], "maxAge": 86400}, "insiderHolders": {"holders": [{"maxAge": 1, "name": "DHL Express Singapore Pte Ltd", "relation": "Promoter", "url": "", "transactionDescription": "Sale", "latestTransDate": "2012-11-23", "positionDirect": 17795950, "positionDirectDate": "2012-11-23"}, {"maxAge": 1, "name": "Manuel (Balfour)", "relation": "Divisional Officer", "url": "", "transactionDescription": "Sale", "latestTransDate": "2018-08-29", "positionDirect": 938, "positionDirectDate": "2018-08-29"}], "maxAge": 1}, "calendarEvents": {"maxAge": 1, "earnings": {"earningsDate": []}, "exDividendDate": "2019-07-23 05:30:00"}, "price": {"maxAge": 1, "regularMarketChangePercent": -0.014581277, "regularMarketChange": -77.6001, "regularMarketTime": "2021-04-30 15:29:50", "priceHint": 2, "regularMarketPrice": 5244.3, "regularMarketDayHigh": 5424.95, "regularMarketDayLow": 5221.9, "regularMarketVolume": 18355, "averageDailyVolume10Day": 25991, "averageDailyVolume3Month": 40588, "regularMarketPreviousClose": 5321.9, "regularMarketSource": "FREE_REALTIME", "regularMarketOpen": 5279.0, "exchange": "NSI", "exchangeName": "NSE", "exchangeDataDelayedBy": 15, "marketState": "CLOSED", "quoteType": "EQUITY", "symbol": "BLUEDART.NS", "underlyingSymbol": null, "shortName": "BLUE DART EXPRESS", "longName": "Blue Dart Express Limited", "currency": "INR", "quoteSourceName": "Delayed Quote", "currencySymbol": "\u20b9", "fromCurrency": null, "toCurrency": null, "lastMarket": null, "marketCap": 124587253760}, "balanceSheetHistory": {"balanceSheetStatements": [{"maxAge": 1, "endDate": "2020-03-31", "cash": 975100000, "shortTermInvestments": 191700000, "netReceivables": 5291500000, "inventory": 269900000, "otherCurrentAssets": 317500000, "totalCurrentAssets": 7213100000, "propertyPlantEquipment": 15840500000, "intangibleAssets": 989600000, "otherAssets": 2364700000, "deferredLongTermAssetCharges": 645100000, "totalAssets": 26407900000, "accountsPayable": 4010300000, "shortLongTermDebt": 1200000000, "otherCurrentLiab": 964300000, "longTermDebt": 4100000000, "otherLiab": 278900000, "totalCurrentLiabilities": 9435100000, "totalLiab": 21499600000, "commonStock": 237300000, "retainedEarnings": 4323200000, "treasuryStock": 300000, "capitalSurplus": 347500000, "otherStockholderEquity": 300000, "totalStockholderEquity": 4908300000, "netTangibleAssets": 3918700000}, {"maxAge": 1, "endDate": "2019-03-31", "cash": 2660700000, "shortTermInvestments": 301600000, "netReceivables": 4921200000, "inventory": 260100000, "otherCurrentAssets": 184200000, "totalCurrentAssets": 8631600000, "propertyPlantEquipment": 6411600000, "intangibleAssets": 1038600000, "otherAssets": 2030800000, "deferredLongTermAssetCharges": 513200000, "totalAssets": 18112600000, "accountsPayable": 4342500000, "shortLongTermDebt": 1461800000, "otherCurrentLiab": 867300000, "longTermDebt": 4250000000, "otherLiab": 218900000, "totalCurrentLiabilities": 7866500000, "totalLiab": 12335400000, "commonStock": 237300000, "retainedEarnings": 5034900000, "treasuryStock": 157500000, "capitalSurplus": 347500000, "otherStockholderEquity": 157500000, "totalStockholderEquity": 5777200000, "netTangibleAssets": 4738600000}, {"maxAge": 1, "endDate": "2018-03-31", "cash": 2261200000, "shortTermInvestments": 259000000, "netReceivables": 4244200000, "inventory": 213300000, "otherCurrentAssets": 209800000, "totalCurrentAssets": 7398100000, "longTermInvestments": 1600000, "propertyPlantEquipment": 5241600000, "intangibleAssets": 933600000, "otherAssets": 1450600000, "deferredLongTermAssetCharges": 386500000, "totalAssets": 15025500000, "accountsPayable": 3683500000, "shortLongTermDebt": 1049100000, "otherCurrentLiab": 684700000, "longTermDebt": 3086800000, "otherLiab": 206600000, "totalCurrentLiabilities": 6414000000, "totalLiab": 9707400000, "commonStock": 237300000, "retainedEarnings": 4408700000, "treasuryStock": 324600000, "capitalSurplus": 347500000, "otherStockholderEquity": 324600000, "totalStockholderEquity": 5318100000, "netTangibleAssets": 4384500000}, {"maxAge": 1, "endDate": "2017-03-31", "cash": 2557200000, "shortTermInvestments": 255600000, "netReceivables": 3905600000, "inventory": 246500000, "otherCurrentAssets": 203500000, "totalCurrentAssets": 7373900000, "longTermInvestments": 9800000, "propertyPlantEquipment": 4461400000, "intangibleAssets": 912800000, "otherAssets": 1228400000, "deferredLongTermAssetCharges": 330200000, "totalAssets": 13986300000, "accountsPayable": 2721300000, "shortLongTermDebt": 1723500000, "otherCurrentLiab": 824100000, "longTermDebt": 3098500000, "otherLiab": 426800000, "totalCurrentLiabilities": 6166200000, "totalLiab": 9691500000, "commonStock": 237300000, "retainedEarnings": 3145900000, "treasuryStock": 564100000, "capitalSurplus": 347500000, "otherStockholderEquity": 564100000, "totalStockholderEquity": 4294800000, "netTangibleAssets": 3382000000}], "maxAge": 86400}, "financialData": {"maxAge": 86400, "currentPrice": 5244.3, "recommendationKey": "none", "totalCash": 2365799936, "totalCashPerShare": 99.7, "ebitda": 2997675008, "totalDebt": 10832900096, "totalRevenue": 30489100288, "debtToEquity": 265.955, "revenuePerShare": 1285.093, "grossProfits": 7452400000, "revenueGrowth": 0.209, "grossMargins": 0.26097, "ebitdaMargins": 0.09832, "operatingMargins": 0.04528, "profitMargins": -0.0061500003, "financialCurrency": "INR"}}}