{"BNKCAP.BO": {"cashflowStatementHistory": {"cashflowStatements": [{"maxAge": 1, "endDate": "2020-03-31", "netIncome": 65083000, "depreciation": 3096000, "changeToNetincome": -66935000, "changeToAccountReceivables": 236000, "changeToLiabilities": -38000, "changeToInventory": 708000, "changeToOperatingActivities": -34805000, "totalCashFromOperatingActivities": -32655000, "capitalExpenditures": -9291000, "investments": -28059000, "otherCashflowsFromInvestingActivities": 78930000, "totalCashflowsFromInvestingActivities": 42793000, "dividendsPaid": -45000000, "netBorrowings": -10747000, "totalCashFromFinancingActivities": -55747000, "changeInCash": -45609000}, {"maxAge": 1, "endDate": "2019-03-31", "netIncome": 124195000, "depreciation": 931000, "changeToNetincome": -115538000, "changeToAccountReceivables": 13391000, "changeToLiabilities": -9198000, "changeToInventory": -24576000, "changeToOperatingActivities": -37265000, "totalCashFromOperatingActivities": -48060000, "capitalExpenditures": -260000, "investments": 26208000, "otherCashflowsFromInvestingActivities": 103470000, "totalCashflowsFromInvestingActivities": 129418000, "dividendsPaid": -15000000, "netBorrowings": 449000, "totalCashFromFinancingActivities": -14551000, "changeInCash": 66807000}, {"maxAge": 1, "endDate": "2018-03-31", "netIncome": 33060000, "depreciation": 1320000, "changeToNetincome": -35306000, "changeToAccountReceivables": -12388000, "changeToLiabilities": 8034000, "changeToInventory": -24576000, "changeToOperatingActivities": 19517000, "totalCashFromOperatingActivities": 14237000, "capitalExpenditures": -155000, "investments": 31956000, "otherCashflowsFromInvestingActivities": 6891000, "totalCashflowsFromInvestingActivities": 38892000, "dividendsPaid": -18054000, "netBorrowings": -35624000, "otherCashflowsFromFinancingActivities": 22581000, "totalCashFromFinancingActivities": -31097000, "changeInCash": 22033000}, {"maxAge": 1, "endDate": "2017-03-31", "netIncome": 94200000, "depreciation": 2044000, "changeToNetincome": -108989000, "changeToAccountReceivables": -4190000, "changeToLiabilities": 4140000, "changeToInventory": -24576000, "changeToOperatingActivities": -2246000, "totalCashFromOperatingActivities": -15041000, "capitalExpenditures": -149000, "investments": 53909000, "otherCashflowsFromInvestingActivities": 37776000, "totalCashflowsFromInvestingActivities": 91536000, "dividendsPaid": -11818000, "netBorrowings": 31276000, "otherCashflowsFromFinancingActivities": -75047000, "totalCashFromFinancingActivities": -55589000, "changeInCash": 20906000}], "maxAge": 86400}, "institutionOwnership": {"maxAge": 1, "ownershipList": []}, "balanceSheetHistoryQuarterly": {"balanceSheetStatements": [{"maxAge": 1, "endDate": "2020-06-30", "totalStockholderEquity": 2284435000, "netTangibleAssets": 2284435000}, {"maxAge": 1, "endDate": "2020-03-31", "cash": 64122000, "netReceivables": 344467000, "inventory": 25822000, "otherCurrentAssets": 30612000, "totalCurrentAssets": 2156682000, "longTermInvestments": 48001000, "propertyPlantEquipment": 8287000, "otherAssets": 81785000, "deferredLongTermAssetCharges": 1640000, "totalAssets": 2294755000, "accountsPayable": 1874000, "shortLongTermDebt": 623000, "longTermDebt": 2372000, "otherLiab": 3057000, "minorityInterest": 1903000, "totalCurrentLiabilities": 2988000, "totalLiab": 8417000, "commonStock": 100000000, "retainedEarnings": 665868000, "treasuryStock": 1379637000, "capitalSurplus": 138930000, "otherStockholderEquity": 1379637000, "totalStockholderEquity": 2284435000, "netTangibleAssets": 2284435000}, {"maxAge": 1, "endDate": "2019-12-31", "totalStockholderEquity": 3864720000, "netTangibleAssets": 3864720000}, {"maxAge": 1, "endDate": "2019-09-30", "cash": 29328000, "netReceivables": 400730000, "otherCurrentAssets": 1000, "totalCurrentAssets": 430059000, "longTermInvestments": 3435124000, "propertyPlantEquipment": 10448000, "otherAssets": 20324000, "deferredLongTermAssetCharges": 701000, "totalAssets": 3895955000, "accountsPayable": 6348000, "longTermDebt": 14758000, "otherLiab": 2782000, "minorityInterest": 7347000, "totalCurrentLiabilities": 6348000, "totalLiab": 23888000, "commonStock": 100000000, "treasuryStock": 3764720000, "otherStockholderEquity": 3764720000, "totalStockholderEquity": 3864720000, "netTangibleAssets": 3864720000}], "maxAge": 86400}, "indexTrend": {"maxAge": 1, "symbol": "SP5", "peRatio": 19.7411, "pegRatio": 1.34172, "estimates": [{"period": "0q", "growth": 0.549}, {"period": "+1q", "growth": 0.431}, {"period": "0y", "growth": 0.305}, {"period": "+1y", "growth": 0.109}, {"period": "+5y", "growth": 0.120859005}, {"period": "-5y"}]}, "insiderTransactions": {"transactions": [{"maxAge": 1, "shares": 50, "filerUrl": "", "transactionText": "", "filerName": "Khandelwal (Sanjeev Kumar)", "filerRelation": "Director (Non-Executive)", "moneyText": "", "startDate": "2019-03-29", "ownership": "D"}, {"maxAge": 1, "shares": 50, "filerUrl": "", "transactionText": "", "filerName": "Khandelwal (Ajit Kumar)", "filerRelation": "Managing Director", "moneyText": "", "startDate": "2019-03-29", "ownership": "D"}, {"maxAge": 1, "shares": 986688, "filerUrl": "", "transactionText": "", "filerName": "Khandelwal (Sanjeev Kumar)", "filerRelation": "Director", "moneyText": "", "startDate": "2019-03-15", "ownership": "D"}, {"maxAge": 1, "shares": 2264188, "filerUrl": "", "transactionText": "", "filerName": "Khandelwal (Ajit Kumar)", "filerRelation": "Managing Director", "moneyText": "", "startDate": "2019-03-15", "ownership": "D"}, {"maxAge": 1, "shares": 6250, "filerUrl": "", "transactionText": "", "filerName": "Khandelwal (Kalpana)", "filerRelation": "UNREPORTED", "moneyText": "", "startDate": "2019-03-15", "ownership": "D"}, {"maxAge": 1, "shares": 6250, "filerUrl": "", "transactionText": "", "filerName": "Khandelwal (Sangita)", "filerRelation": "UNREPORTED", "moneyText": "", "startDate": "2019-03-15", "ownership": "D"}, {"maxAge": 1, "shares": 4850, "filerUrl": "", "transactionText": "", "filerName": "Patrex Vyapaar Pvt. Ltd.", "filerRelation": "Promoter", "moneyText": "", "startDate": "2019-03-05", "ownership": "D"}, {"maxAge": 1, "shares": 21300, "filerUrl": "", "transactionText": "", "filerName": "Khandelwal (Kalpana)", "filerRelation": "UNREPORTED", "moneyText": "", "startDate": "2019-02-08", "ownership": "D"}, {"maxAge": 1, "shares": 21300, "filerUrl": "", "transactionText": "", "filerName": "Khandelwal (Sangita)", "filerRelation": "UNREPORTED", "moneyText": "", "startDate": "2019-02-08", "ownership": "D"}], "maxAge": 1}, "quoteType": {"exchange": "BSE", "quoteType": "EQUITY", "symbol": "BNKCAP.BO", "underlyingSymbol": "BNKCAP.BO", "shortName": "BNK CAPITAL MARKETS LTD.", "longName": "BNK Capital Markets Limited", "firstTradeDateEpochUtc": "2002-07-02 09:15:00", "timeZoneFullName": "Asia/Kolkata", "timeZoneShortName": "IST", "uuid": "eb44e966-f4b7-3ae8-b356-6c5886a0ce34", "messageBoardId": null, "gmtOffSetMilliseconds": 19800000, "maxAge": 1}, "incomeStatementHistory": {"incomeStatementHistory": [{"maxAge": 1, "endDate": "2020-03-31", "totalRevenue": 185057000, "costOfRevenue": 53421000, "grossProfit": 131636000, "researchDevelopment": {}, "sellingGeneralAdministrative": 11081000, "nonRecurring": {}, "otherOperatingExpenses": 25067000, "totalOperatingExpenses": 93021000, "operatingIncome": 92036000, "totalOtherIncomeExpenseNet": -21953000, "ebit": 0, "interestExpense": {}, "incomeBeforeTax": 70083000, "incomeTaxExpense": 5000000, "minorityInterest": 1903000, "netIncomeFromContinuingOps": 65083000, "discontinuedOperations": {}, "extraordinaryItems": {}, "effectOfAccountingCharges": {}, "otherItems": {}, "netIncome": 65083000, "netIncomeApplicableToCommonShares": 65083000}, {"maxAge": 1, "endDate": "2019-03-31", "totalRevenue": 169513000, "costOfRevenue": 7151000, "grossProfit": 162362000, "researchDevelopment": {}, "sellingGeneralAdministrative": 10018000, "nonRecurring": {}, "otherOperatingExpenses": 24534000, "totalOperatingExpenses": 42634000, "operatingIncome": 126879000, "totalOtherIncomeExpenseNet": -2333000, "ebit": 0, "interestExpense": {}, "incomeBeforeTax": 124546000, "incomeTaxExpense": 351000, "minorityInterest": 5491000, "netIncomeFromContinuingOps": 124195000, "discontinuedOperations": {}, "extraordinaryItems": {}, "effectOfAccountingCharges": {}, "otherItems": {}, "netIncome": 124195000, "netIncomeApplicableToCommonShares": 124195000}, {"maxAge": 1, "endDate": "2018-03-31", "totalRevenue": 125341000, "costOfRevenue": 44691000, "grossProfit": 80650000, "researchDevelopment": {}, "sellingGeneralAdministrative": 6784000, "nonRecurring": {}, "otherOperatingExpenses": 33976000, "totalOperatingExpenses": 86772000, "operatingIncome": 38569000, "totalOtherIncomeExpenseNet": 565000, "ebit": 0, "interestExpense": {}, "incomeBeforeTax": 39134000, "incomeTaxExpense": 6054000, "minorityInterest": 7218000, "netIncomeFromContinuingOps": 33080000, "discontinuedOperations": {}, "extraordinaryItems": {}, "effectOfAccountingCharges": {}, "otherItems": {}, "netIncome": 33060000, "netIncomeApplicableToCommonShares": 33060000}, {"maxAge": 1, "endDate": "2017-03-31", "totalRevenue": 142704000, "costOfRevenue": 275000, "grossProfit": 142429000, "researchDevelopment": {}, "sellingGeneralAdministrative": 6959000, "nonRecurring": {}, "otherOperatingExpenses": 17216000, "totalOperatingExpenses": 26494000, "operatingIncome": 116210000, "totalOtherIncomeExpenseNet": -7482000, "ebit": 0, "interestExpense": {}, "incomeBeforeTax": 108728000, "incomeTaxExpense": 14507000, "minorityInterest": 7198000, "netIncomeFromContinuingOps": 94221000, "discontinuedOperations": {}, "extraordinaryItems": {}, "effectOfAccountingCharges": {}, "otherItems": {}, "netIncome": 94200000, "netIncomeApplicableToCommonShares": 94200000}], "maxAge": 86400}, "fundOwnership": {"maxAge": 1, "ownershipList": []}, "summaryDetail": {"maxAge": 1, "priceHint": 2, "previousClose": 188.75, "open": 188.1, "dayLow": 187.8, "dayHigh": 189.25, "regularMarketPreviousClose": 188.75, "regularMarketOpen": 188.1, "regularMarketDayLow": 187.8, "regularMarketDayHigh": 189.25, "trailingPE": 20.812155, "volume": 4086, "regularMarketVolume": 4086, "averageVolume": 26278, "averageVolume10days": 3622, "averageDailyVolume10Day": 3622, "bid": 188.35, "ask": 188.9, "bidSize": 0, "askSize": 0, "marketCap": 1883500032, "fiftyTwoWeekLow": 40.0, "fiftyTwoWeekHigh": 189.25, "fiftyDayAverage": 110.41286, "twoHundredDayAverage": 85.20219, "trailingAnnualDividendRate": 2.5, "trailingAnnualDividendYield": 0.013245033, "currency": "INR", "fromCurrency": null, "toCurrency": null, "lastMarket": null, "algorithm": null, "tradeable": false}, "incomeStatementHistoryQuarterly": {"incomeStatementHistory": [{"maxAge": 1, "endDate": "2020-06-30", "totalRevenue": 55454000, "costOfRevenue": 41285000, "grossProfit": 14169000, "researchDevelopment": {}, "sellingGeneralAdministrative": 2096000, "nonRecurring": {}, "otherOperatingExpenses": -75000, "totalOperatingExpenses": 43953000, "operatingIncome": 11501000, "totalOtherIncomeExpenseNet": 3085000, "ebit": 0, "interestExpense": {}, "incomeBeforeTax": 14586000, "incomeTaxExpense": 327000, "minorityInterest": {}, "netIncomeFromContinuingOps": 14259000, "discontinuedOperations": {}, "extraordinaryItems": {}, "effectOfAccountingCharges": {}, "otherItems": {}, "netIncome": 14233000, "netIncomeApplicableToCommonShares": 14233000}, {"maxAge": 1, "endDate": "2020-03-31", "totalRevenue": 98713000, "costOfRevenue": -12331000, "grossProfit": 111044000, "researchDevelopment": {}, "sellingGeneralAdministrative": 5415000, "nonRecurring": {}, "otherOperatingExpenses": 25067000, "totalOperatingExpenses": 19805000, "operatingIncome": 78908000, "totalOtherIncomeExpenseNet": 217000, "ebit": 0, "interestExpense": {}, "incomeBeforeTax": 79125000, "incomeTaxExpense": 1722000, "minorityInterest": 1903000, "netIncomeFromContinuingOps": 77403000, "discontinuedOperations": {}, "extraordinaryItems": {}, "effectOfAccountingCharges": {}, "otherItems": {}, "netIncome": 77403000, "netIncomeApplicableToCommonShares": 77403000}, {"maxAge": 1, "endDate": "2019-12-31", "totalRevenue": 23133000, "costOfRevenue": 9598000, "grossProfit": 13535000, "researchDevelopment": {}, "sellingGeneralAdministrative": 1855000, "nonRecurring": {}, "otherOperatingExpenses": 25067000, "totalOperatingExpenses": 12334000, "operatingIncome": 10799000, "totalOtherIncomeExpenseNet": -346000, "ebit": 0, "interestExpense": {}, "incomeBeforeTax": 10453000, "incomeTaxExpense": 1392000, "minorityInterest": 1903000, "netIncomeFromContinuingOps": 9061000, "discontinuedOperations": {}, "extraordinaryItems": {}, "effectOfAccountingCharges": {}, "otherItems": {}, "netIncome": 9061000, "netIncomeApplicableToCommonShares": 9061000}, {"maxAge": 1, "endDate": "2019-09-30", "totalRevenue": 18251000, "costOfRevenue": 15353000, "grossProfit": 2898000, "researchDevelopment": {}, "sellingGeneralAdministrative": 2063000, "nonRecurring": {}, "otherOperatingExpenses": 25067000, "totalOperatingExpenses": 17995000, "operatingIncome": 256000, "totalOtherIncomeExpenseNet": -9275000, "ebit": 0, "interestExpense": {}, "incomeBeforeTax": -9019000, "incomeTaxExpense": 1441000, "minorityInterest": 7347000, "netIncomeFromContinuingOps": -10460000, "discontinuedOperations": {}, "extraordinaryItems": {}, "effectOfAccountingCharges": {}, "otherItems": {}, "netIncome": -10460000, "netIncomeApplicableToCommonShares": -10460000}], "maxAge": 86400}, "cashflowStatementHistoryQuarterly": {"cashflowStatements": [{"maxAge": 1, "endDate": "2020-06-30", "netIncome": 14233000, "changeToLiabilities": 0}, {"maxAge": 1, "endDate": "2020-03-31", "netIncome": 77403000, "changeToLiabilities": 0}, {"maxAge": 1, "endDate": "2019-12-31", "netIncome": 9061000, "changeToLiabilities": 0}, {"maxAge": 1, "endDate": "2019-09-30", "netIncome": -10460000, "changeToLiabilities": 0}], "maxAge": 86400}, "insiderHolders": {"holders": [{"maxAge": 1, "name": "Khandelwal (Ajit Kumar)", "relation": "Managing Director", "url": "", "transactionDescription": "Other", "latestTransDate": "2019-03-29", "positionDirect": 80050, "positionDirectDate": "2019-03-29"}, {"maxAge": 1, "name": "Khandelwal (Kalpana)", "relation": "UNREPORTED", "url": "", "transactionDescription": "Acquisition", "latestTransDate": "2019-03-15", "positionDirect": 27550, "positionDirectDate": "2019-03-15"}, {"maxAge": 1, "name": "Khandelwal (Sangita)", "relation": "UNREPORTED", "url": "", "transactionDescription": "Acquisition", "latestTransDate": "2019-03-15", "positionDirect": 27550, "positionDirectDate": "2019-03-15"}, {"maxAge": 1, "name": "Khandelwal (Sanjeev Kumar)", "relation": "Director (Non-Executive)", "url": "", "transactionDescription": "Other", "latestTransDate": "2019-03-29", "positionDirect": 214175, "positionDirectDate": "2019-03-29"}, {"maxAge": 1, "name": "Patrex Vyapaar Pvt. Ltd.", "relation": "Promoter", "url": "", "transactionDescription": "Sale", "latestTransDate": "2019-03-05", "positionDirect": 90000, "positionDirectDate": "2019-03-05"}], "maxAge": 1}, "calendarEvents": {"maxAge": 1, "earnings": {"earningsDate": ["2020-06-30 05:30:S"]}}, "price": {"maxAge": 1, "regularMarketChangePercent": -0.002119173, "regularMarketChange": -0.3999939, "regularMarketTime": "2021-04-30 15:40:34", "priceHint": 2, "regularMarketPrice": 188.35, "regularMarketDayHigh": 189.25, "regularMarketDayLow": 187.8, "regularMarketVolume": 4086, "averageDailyVolume10Day": 3622, "averageDailyVolume3Month": 26278, "regularMarketPreviousClose": 188.75, "regularMarketSource": "FREE_REALTIME", "regularMarketOpen": 188.1, "exchange": "BSE", "exchangeName": "BSE", "exchangeDataDelayedBy": 0, "marketState": "CLOSED", "quoteType": "EQUITY", "symbol": "BNKCAP.BO", "underlyingSymbol": null, "shortName": "BNK CAPITAL MARKETS LTD.", "longName": "BNK Capital Markets Limited", "currency": "INR", "quoteSourceName": "Delayed Quote", "currencySymbol": "\u20b9", "fromCurrency": null, "toCurrency": null, "lastMarket": null, "marketCap": 1883500032}, "balanceSheetHistory": {"balanceSheetStatements": [{"maxAge": 1, "endDate": "2020-03-31", "cash": 64122000, "netReceivables": 344467000, "inventory": 25822000, "otherCurrentAssets": 30612000, "totalCurrentAssets": 2156682000, "longTermInvestments": 48001000, "propertyPlantEquipment": 8287000, "otherAssets": 81785000, "deferredLongTermAssetCharges": 1640000, "totalAssets": 2294755000, "accountsPayable": 1874000, "shortLongTermDebt": 623000, "longTermDebt": 2372000, "otherLiab": 3057000, "minorityInterest": 1903000, "totalCurrentLiabilities": 2988000, "totalLiab": 8417000, "commonStock": 100000000, "retainedEarnings": 665868000, "treasuryStock": 1379637000, "capitalSurplus": 138930000, "otherStockholderEquity": 1379637000, "totalStockholderEquity": 2284435000, "netTangibleAssets": 2284435000}, {"maxAge": 1, "endDate": "2019-03-31", "cash": 111081000, "netReceivables": 306256000, "inventory": 26530000, "otherCurrentAssets": 26688000, "totalCurrentAssets": 4386165000, "longTermInvestments": 98687000, "propertyPlantEquipment": 2092000, "otherAssets": 80621000, "totalAssets": 4567565000, "accountsPayable": 1912000, "otherLiab": 33911000, "minorityInterest": 5491000, "totalCurrentLiabilities": 15810000, "totalLiab": 49721000, "commonStock": 100000000, "retainedEarnings": 651275000, "treasuryStock": 3622148000, "capitalSurplus": 138930000, "otherStockholderEquity": 3622148000, "totalStockholderEquity": 4512353000, "netTangibleAssets": 4512353000}, {"maxAge": 1, "endDate": "2018-03-31", "cash": 62904000, "netReceivables": 275559000, "inventory": 2616000, "otherCurrentAssets": 18097000, "totalCurrentAssets": 359176000, "longTermInvestments": 334810000, "propertyPlantEquipment": 2764000, "otherAssets": 87292000, "deferredLongTermAssetCharges": 682000, "totalAssets": 784042000, "accountsPayable": 11110000, "otherCurrentLiab": 18718000, "otherLiab": 2096000, "minorityInterest": 7218000, "totalCurrentLiabilities": 180859000, "totalLiab": 182955000, "commonStock": 100000000, "retainedEarnings": 370869000, "capitalSurplus": 123000000, "totalStockholderEquity": 593869000, "netTangibleAssets": 593869000}, {"maxAge": 1, "endDate": "2017-03-31", "cash": 40871000, "netReceivables": 281936000, "inventory": 1255000, "otherCurrentAssets": 24496000, "totalCurrentAssets": 348558000, "longTermInvestments": 362500000, "propertyPlantEquipment": 3986000, "otherAssets": 81511000, "deferredLongTermAssetCharges": 594000, "totalAssets": 796555000, "accountsPayable": 3077000, "otherCurrentLiab": 19339000, "otherLiab": 2003000, "minorityInterest": 7198000, "totalCurrentLiabilities": 209257000, "totalLiab": 211260000, "commonStock": 100000000, "retainedEarnings": 355097000, "capitalSurplus": 123000000, "totalStockholderEquity": 578097000, "netTangibleAssets": 578097000}], "maxAge": 86400}, "financialData": {"maxAge": 86400, "currentPrice": 188.35, "recommendationKey": "none", "grossProfits": 131636000, "financialCurrency": "INR"}}}