{"BNRSEC.BO": {"cashflowStatementHistory": {"cashflowStatements": [{"maxAge": 1, "endDate": "2020-03-31", "netIncome": 17015401, "depreciation": 1904067, "changeToNetincome": -26746307, "changeToAccountReceivables": 70921547, "changeToLiabilities": -7959943, "changeToOperatingActivities": 79247362, "totalCashFromOperatingActivities": 134610824, "capitalExpenditures": -1188478, "investments": -57926363, "otherCashflowsFromInvestingActivities": 27472768, "totalCashflowsFromInvestingActivities": -31638573, "dividendsPaid": -10080000, "netBorrowings": -2000000, "otherCashflowsFromFinancingActivities": -6088281, "totalCashFromFinancingActivities": -18168281, "changeInCash": 84803970}, {"maxAge": 1, "endDate": "2019-03-31", "netIncome": 12355556, "depreciation": 1293828, "changeToNetincome": -16547461, "changeToAccountReceivables": -1931875, "changeToLiabilities": -6991146, "changeToOperatingActivities": -29765047, "totalCashFromOperatingActivities": -41413018, "capitalExpenditures": -651516, "investments": -92560227, "otherCashflowsFromInvestingActivities": 22336458, "totalCashflowsFromInvestingActivities": -70875285, "dividendsPaid": -6048000, "netBorrowings": -396200, "otherCashflowsFromFinancingActivities": -3606134, "totalCashFromFinancingActivities": -10050334, "changeInCash": -122338637}, {"maxAge": 1, "endDate": "2018-03-31", "netIncome": 27168534, "depreciation": 2212159, "changeToNetincome": -19844281, "changeToAccountReceivables": 20155372, "changeToLiabilities": 61176296, "changeToOperatingActivities": -24365831, "totalCashFromOperatingActivities": 66687694, "capitalExpenditures": -2571485, "investments": 17469492, "otherCashflowsFromInvestingActivities": 17198979, "totalCashflowsFromInvestingActivities": 32196986, "dividendsPaid": -5040000, "netBorrowings": -1248200, "otherCashflowsFromFinancingActivities": -4306834, "totalCashFromFinancingActivities": -10595034, "changeInCash": 88289646}, {"maxAge": 1, "endDate": "2017-03-31", "netIncome": 25330031, "depreciation": 3224103, "changeToNetincome": -19423286, "changeToAccountReceivables": -43443402, "changeToLiabilities": 27885806, "changeToOperatingActivities": -13873957, "totalCashFromOperatingActivities": -20089654, "capitalExpenditures": -1332432, "investments": -19787002, "otherCashflowsFromInvestingActivities": 23588461, "totalCashflowsFromInvestingActivities": 2506027, "dividendsPaid": -4852873, "netBorrowings": -1137044, "otherCashflowsFromFinancingActivities": -3288201, "totalCashFromFinancingActivities": -9278118, "changeInCash": -26861745}], "maxAge": 86400}, "institutionOwnership": {"maxAge": 1, "ownershipList": []}, "balanceSheetHistoryQuarterly": {"balanceSheetStatements": [{"maxAge": 1, "endDate": "2020-06-30", "totalStockholderEquity": 211385961, "netTangibleAssets": 211232723}, {"maxAge": 1, "endDate": "2020-03-31", "cash": 122965509, "netReceivables": 155170189, "otherCurrentAssets": 293426952, "totalCurrentAssets": 585030636, "longTermInvestments": 3545548, "propertyPlantEquipment": 2766874, "intangibleAssets": 153238, "otherAssets": 23221300, "deferredLongTermAssetCharges": 3060980, "totalAssets": 614717596, "accountsPayable": 382233625, "otherCurrentLiab": 14168710, "otherLiab": 5226816, "totalCurrentLiabilities": 397836989, "totalLiab": 403331635, "commonStock": 50400000, "retainedEarnings": 136879410, "treasuryStock": 1490400, "capitalSurplus": 22616151, "otherStockholderEquity": 1490400, "totalStockholderEquity": 211385961, "netTangibleAssets": 211232723}, {"maxAge": 1, "endDate": "2019-12-31", "totalStockholderEquity": 211688000, "netTangibleAssets": 211420000}, {"maxAge": 1, "endDate": "2019-09-30", "cash": 239958000, "netReceivables": 430254000, "otherCurrentAssets": 8242000, "totalCurrentAssets": 678454000, "longTermInvestments": 7553000, "propertyPlantEquipment": 2714000, "intangibleAssets": 268000, "otherAssets": 24849000, "deferredLongTermAssetCharges": 2782000, "totalAssets": 713838000, "accountsPayable": 201472000, "otherCurrentLiab": 293060000, "otherLiab": 3104000, "totalCurrentLiabilities": 499046000, "totalLiab": 502150000, "commonStock": 50400000, "treasuryStock": 161288000, "otherStockholderEquity": 161288000, "totalStockholderEquity": 211688000, "netTangibleAssets": 211420000}], "maxAge": 86400}, "indexTrend": {"maxAge": 1, "symbol": "SP5", "peRatio": 19.7411, "pegRatio": 1.34172, "estimates": [{"period": "0q", "growth": 0.549}, {"period": "+1q", "growth": 0.431}, {"period": "0y", "growth": 0.305}, {"period": "+1y", "growth": 0.109}, {"period": "+5y", "growth": 0.120859005}, {"period": "-5y"}]}, "insiderTransactions": {"transactions": [{"maxAge": 1, "shares": 24400, "filerUrl": "", "transactionText": "", "filerName": "Rathi (Hari Narayan)", "filerRelation": "Promoter", "moneyText": "", "startDate": "2018-08-27", "ownership": "D"}, {"maxAge": 1, "shares": 4000, "filerUrl": "", "transactionText": "", "filerName": "Rathi (Hari Narayan)", "filerRelation": "Promoter", "moneyText": "", "startDate": "2018-07-04", "ownership": "D"}, {"maxAge": 1, "shares": 10000, "filerUrl": "", "transactionText": "", "filerName": "Rathi (Hari Narayan)", "filerRelation": "Promoter", "moneyText": "", "startDate": "2018-06-21", "ownership": "D"}, {"maxAge": 1, "shares": 50000, "filerUrl": "", "transactionText": "", "filerName": "Rathi (Chetan)", "filerRelation": "Promoter", "moneyText": "", "startDate": "2018-06-20", "ownership": "D"}, {"maxAge": 1, "shares": 800810, "filerUrl": "", "transactionText": "", "filerName": "Rathi (Hari Narayan)", "filerRelation": "Promoter", "moneyText": "", "startDate": "2018-06-19", "ownership": "D"}, {"maxAge": 1, "shares": 3417, "filerUrl": "", "transactionText": "", "filerName": "Rathi (Nisha)", "filerRelation": "UNREPORTED", "moneyText": "", "startDate": "2018-04-12", "ownership": "D"}, {"maxAge": 1, "shares": 31583, "filerUrl": "", "transactionText": "", "filerName": "Rathi (Nisha)", "filerRelation": "UNREPORTED", "moneyText": "", "startDate": "2018-04-05", "ownership": "D"}, {"maxAge": 1, "shares": 35000, "filerUrl": "", "transactionText": "", "filerName": "Rathi (Chanda Devi)", "filerRelation": "UNREPORTED", "moneyText": "", "startDate": "2018-04-03", "ownership": "D"}, {"maxAge": 1, "shares": 15000, "filerUrl": "", "transactionText": "", "filerName": "Rathi (Chanda Devi)", "filerRelation": "UNREPORTED", "moneyText": "", "startDate": "2018-03-26", "ownership": "D"}, {"maxAge": 1, "shares": 100000, "filerUrl": "", "transactionText": "", "filerName": "Rathi (Chetan)", "filerRelation": "Promoter", "moneyText": "", "startDate": "2018-03-26", "ownership": "D"}, {"maxAge": 1, "shares": 40000, "filerUrl": "", "transactionText": "", "filerName": "Rathi (Nisha)", "filerRelation": "UNREPORTED", "moneyText": "", "startDate": "2018-03-26", "ownership": "D"}, {"maxAge": 1, "shares": 85894, "filerUrl": "", "transactionText": "", "filerName": "Rathi (Hari Narayan)", "filerRelation": "Managing Director", "moneyText": "", "startDate": "2014-08-01", "ownership": "D"}], "maxAge": 1}, "quoteType": {"exchange": "BSE", "quoteType": "EQUITY", "symbol": "BNRSEC.BO", "underlyingSymbol": "BNRSEC.BO", "shortName": "B.N.RATHI SECURITIES LTD.", "longName": "B.N.Rathi Securities Limited", "firstTradeDateEpochUtc": "2002-03-15 09:15:00", "timeZoneFullName": "Asia/Kolkata", "timeZoneShortName": "IST", "uuid": "9628069c-6203-39d0-9393-dc94993ae701", "messageBoardId": null, "gmtOffSetMilliseconds": 19800000, "maxAge": 1}, "incomeStatementHistory": {"incomeStatementHistory": [{"maxAge": 1, "endDate": "2020-03-31", "totalRevenue": 260121271, "costOfRevenue": 107561750, "grossProfit": 152559521, "researchDevelopment": {}, "sellingGeneralAdministrative": 65134675, "nonRecurring": {}, "otherOperatingExpenses": 62426984, "totalOperatingExpenses": 237256173, "operatingIncome": 22865098, "totalOtherIncomeExpenseNet": 3500, "ebit": 0, "interestExpense": {}, "incomeBeforeTax": 22868598, "incomeTaxExpense": 5853197, "minorityInterest": {}, "netIncomeFromContinuingOps": 17015401, "discontinuedOperations": {}, "extraordinaryItems": {}, "effectOfAccountingCharges": {}, "otherItems": {}, "netIncome": 17015401, "netIncomeApplicableToCommonShares": 17015401}, {"maxAge": 1, "endDate": "2019-03-31", "totalRevenue": 278503818, "costOfRevenue": 125279586, "grossProfit": 153224232, "researchDevelopment": {}, "sellingGeneralAdministrative": 58744619, "nonRecurring": {}, "otherOperatingExpenses": 67373436, "totalOperatingExpenses": 252864596, "operatingIncome": 25639222, "totalOtherIncomeExpenseNet": -6280174, "ebit": 0, "interestExpense": {}, "incomeBeforeTax": 19359048, "incomeTaxExpense": 7003492, "minorityInterest": {}, "netIncomeFromContinuingOps": 12355556, "discontinuedOperations": {}, "extraordinaryItems": {}, "effectOfAccountingCharges": {}, "otherItems": {}, "netIncome": 12355556, "netIncomeApplicableToCommonShares": 12355556}, {"maxAge": 1, "endDate": "2018-03-31", "totalRevenue": 294555645, "costOfRevenue": 130756148, "grossProfit": 163799497, "researchDevelopment": {}, "sellingGeneralAdministrative": 57408499, "nonRecurring": {}, "otherOperatingExpenses": 64303675, "totalOperatingExpenses": 254865926, "operatingIncome": 39689719, "totalOtherIncomeExpenseNet": -1613386, "ebit": 0, "interestExpense": {}, "incomeBeforeTax": 38076333, "incomeTaxExpense": 10907799, "minorityInterest": {}, "netIncomeFromContinuingOps": 27168534, "discontinuedOperations": {}, "extraordinaryItems": {}, "effectOfAccountingCharges": {}, "otherItems": {}, "netIncome": 27168534, "netIncomeApplicableToCommonShares": 27168534}, {"maxAge": 1, "endDate": "2017-03-31", "totalRevenue": 284710854, "costOfRevenue": 135138651, "grossProfit": 149572203, "researchDevelopment": {}, "sellingGeneralAdministrative": 50141966, "nonRecurring": {}, "otherOperatingExpenses": 57297716, "totalOperatingExpenses": 246013487, "operatingIncome": 38697367, "totalOtherIncomeExpenseNet": 6770, "ebit": 0, "interestExpense": {}, "incomeBeforeTax": 38704137, "incomeTaxExpense": 13374106, "minorityInterest": {}, "netIncomeFromContinuingOps": 25330031, "discontinuedOperations": {}, "extraordinaryItems": {}, "effectOfAccountingCharges": {}, "otherItems": {}, "netIncome": 25330031, "netIncomeApplicableToCommonShares": 25330031}], "maxAge": 86400}, "fundOwnership": {"maxAge": 1, "ownershipList": []}, "summaryDetail": {"maxAge": 1, "priceHint": 2, "previousClose": 22.45, "open": 22.5, "dayLow": 21.15, "dayHigh": 23.35, "regularMarketPreviousClose": 22.45, "regularMarketOpen": 22.5, "regularMarketDayLow": 21.15, "regularMarketDayHigh": 23.35, "trailingPE": 5.58058, "volume": 7609, "regularMarketVolume": 7609, "averageVolume": 9316, "averageVolume10days": 969, "averageDailyVolume10Day": 969, "bid": 22.0, "ask": 22.5, "bidSize": 0, "askSize": 0, "marketCap": 112392000, "fiftyTwoWeekLow": 10.4, "fiftyTwoWeekHigh": 31.0, "fiftyDayAverage": 26.85147, "twoHundredDayAverage": 22.74044, "trailingAnnualDividendRate": 1.0, "trailingAnnualDividendYield": 0.044543426, "currency": "INR", "fromCurrency": null, "toCurrency": null, "lastMarket": null, "algorithm": null, "tradeable": false}, "incomeStatementHistoryQuarterly": {"incomeStatementHistory": [{"maxAge": 1, "endDate": "2020-06-30", "totalRevenue": 68406000, "costOfRevenue": 28303000, "grossProfit": 40103000, "researchDevelopment": {}, "sellingGeneralAdministrative": 13975000, "nonRecurring": {}, "otherOperatingExpenses": 15013000, "totalOperatingExpenses": 57771000, "operatingIncome": 10635000, "totalOtherIncomeExpenseNet": 0, "ebit": 0, "interestExpense": {}, "incomeBeforeTax": 10635000, "incomeTaxExpense": 2571000, "minorityInterest": {}, "netIncomeFromContinuingOps": 8064000, "discontinuedOperations": {}, "extraordinaryItems": {}, "effectOfAccountingCharges": {}, "otherItems": {}, "netIncome": 8064000, "netIncomeApplicableToCommonShares": 8064000}, {"maxAge": 1, "endDate": "2020-03-31", "totalRevenue": 67249271, "costOfRevenue": 27253750, "grossProfit": 39995521, "researchDevelopment": {}, "sellingGeneralAdministrative": 17196675, "nonRecurring": {}, "otherOperatingExpenses": 15244984, "totalOperatingExpenses": 60244173, "operatingIncome": 7005098, "totalOtherIncomeExpenseNet": 3500, "ebit": 0, "interestExpense": {}, "incomeBeforeTax": 7008598, "incomeTaxExpense": 1506197, "minorityInterest": {}, "netIncomeFromContinuingOps": 5502401, "discontinuedOperations": {}, "extraordinaryItems": {}, "effectOfAccountingCharges": {}, "otherItems": {}, "netIncome": 5502401, "netIncomeApplicableToCommonShares": 5502401}, {"maxAge": 1, "endDate": "2019-12-31", "totalRevenue": 60417000, "costOfRevenue": 24960000, "grossProfit": 35457000, "researchDevelopment": {}, "sellingGeneralAdministrative": 15347000, "nonRecurring": {}, "otherOperatingExpenses": 15556000, "totalOperatingExpenses": 56428000, "operatingIncome": 3989000, "totalOtherIncomeExpenseNet": 0, "ebit": 0, "interestExpense": {}, "incomeBeforeTax": 3989000, "incomeTaxExpense": 1105000, "minorityInterest": {}, "netIncomeFromContinuingOps": 2884000, "discontinuedOperations": {}, "extraordinaryItems": {}, "effectOfAccountingCharges": {}, "otherItems": {}, "netIncome": 2884000, "netIncomeApplicableToCommonShares": 2884000}, {"maxAge": 1, "endDate": "2019-09-30", "totalRevenue": 68435000, "costOfRevenue": 29112000, "grossProfit": 39323000, "researchDevelopment": {}, "sellingGeneralAdministrative": 17501000, "nonRecurring": {}, "otherOperatingExpenses": 16185000, "totalOperatingExpenses": 63339000, "operatingIncome": 5096000, "totalOtherIncomeExpenseNet": 0, "ebit": 0, "interestExpense": {}, "incomeBeforeTax": 5096000, "incomeTaxExpense": 1420000, "minorityInterest": {}, "netIncomeFromContinuingOps": 3676000, "discontinuedOperations": {}, "extraordinaryItems": {}, "effectOfAccountingCharges": {}, "otherItems": {}, "netIncome": 3676000, "netIncomeApplicableToCommonShares": 3676000}], "maxAge": 86400}, "cashflowStatementHistoryQuarterly": {"cashflowStatements": [{"maxAge": 1, "endDate": "2020-06-30", "netIncome": 8064000, "changeToLiabilities": 0}, {"maxAge": 1, "endDate": "2020-03-31", "netIncome": 5502401, "changeToLiabilities": 0}, {"maxAge": 1, "endDate": "2019-12-31", "netIncome": 2884000, "changeToLiabilities": 0}, {"maxAge": 1, "endDate": "2019-09-30", "netIncome": 3676000, "changeToLiabilities": 0}], "maxAge": 86400}, "insiderHolders": {"holders": [{"maxAge": 1, "name": "Rathi (Chanda Devi)", "relation": "UNREPORTED", "url": "", "transactionDescription": "Acquisition", "latestTransDate": "2018-04-03", "positionDirect": 312406, "positionDirectDate": "2018-04-03"}, {"maxAge": 1, "name": "Rathi (Chetan)", "relation": "Promoter", "url": "", "transactionDescription": "Acquisition", "latestTransDate": "2018-06-20", "positionDirect": 498534, "positionDirectDate": "2018-06-20"}, {"maxAge": 1, "name": "Rathi (Hari Narayan)", "relation": "Promoter", "url": "", "transactionDescription": "Acquisition", "latestTransDate": "2018-08-27", "positionDirect": 1624955, "positionDirectDate": "2018-08-27"}, {"maxAge": 1, "name": "Rathi (Nisha)", "relation": "UNREPORTED", "url": "", "transactionDescription": "Acquisition", "latestTransDate": "2018-04-12", "positionDirect": 201524, "positionDirectDate": "2018-04-12"}], "maxAge": 1}, "calendarEvents": {"maxAge": 1, "earnings": {"earningsDate": []}}, "price": {"maxAge": 1, "regularMarketChangePercent": -0.0066815824, "regularMarketChange": -0.15000153, "regularMarketTime": "2021-04-30 15:29:18", "priceHint": 2, "regularMarketPrice": 22.3, "regularMarketDayHigh": 23.35, "regularMarketDayLow": 21.15, "regularMarketVolume": 7609, "averageDailyVolume10Day": 969, "averageDailyVolume3Month": 9316, "regularMarketPreviousClose": 22.45, "regularMarketSource": "FREE_REALTIME", "regularMarketOpen": 22.5, "exchange": "BSE", "exchangeName": "BSE", "exchangeDataDelayedBy": 0, "marketState": "CLOSED", "quoteType": "EQUITY", "symbol": "BNRSEC.BO", "underlyingSymbol": null, "shortName": "B.N.RATHI SECURITIES LTD.", "longName": "B.N.Rathi Securities Limited", "currency": "INR", "quoteSourceName": "Delayed Quote", "currencySymbol": "\u20b9", "fromCurrency": null, "toCurrency": null, "lastMarket": null, "marketCap": 112392000}, "balanceSheetHistory": {"balanceSheetStatements": [{"maxAge": 1, "endDate": "2020-03-31", "cash": 122965509, "netReceivables": 155170189, "otherCurrentAssets": 293426952, "totalCurrentAssets": 585030636, "longTermInvestments": 3545548, "propertyPlantEquipment": 2766874, "intangibleAssets": 153238, "otherAssets": 23221300, "deferredLongTermAssetCharges": 3060980, "totalAssets": 614717596, "accountsPayable": 382233625, "otherCurrentLiab": 14168710, "otherLiab": 5226816, "totalCurrentLiabilities": 397836989, "totalLiab": 403331635, "commonStock": 50400000, "retainedEarnings": 136879410, "treasuryStock": 1490400, "capitalSurplus": 22616151, "otherStockholderEquity": 1490400, "totalStockholderEquity": 211385961, "netTangibleAssets": 211232723}, {"maxAge": 1, "endDate": "2019-03-31", "cash": 38127333, "netReceivables": 325043466, "otherCurrentAssets": 228273142, "totalCurrentAssets": 591443941, "longTermInvestments": 700000, "propertyPlantEquipment": 2340946, "intangibleAssets": 381935, "otherAssets": 21698410, "deferredLongTermAssetCharges": 2782220, "totalAssets": 616565232, "accountsPayable": 391969071, "shortLongTermDebt": 24787, "otherCurrentLiab": 12895968, "otherLiab": 2342526, "totalCurrentLiabilities": 405092856, "totalLiab": 407435382, "commonStock": 50400000, "retainedEarnings": 134623299, "treasuryStock": 1490400, "capitalSurplus": 22616151, "otherStockholderEquity": 1490400, "totalStockholderEquity": 209129850, "netTangibleAssets": 208747915}, {"maxAge": 1, "endDate": "2018-03-31", "cash": 160443913, "netReceivables": 289041143, "otherCurrentAssets": 126934356, "totalCurrentAssets": 576419412, "longTermInvestments": 13528960, "propertyPlantEquipment": 3474642, "intangibleAssets": 63678, "otherAssets": 25037539, "deferredLongTermAssetCharges": 3080744, "totalAssets": 618524231, "accountsPayable": 398855599, "shortLongTermDebt": 393760, "otherCurrentLiab": 13051589, "otherLiab": 2568144, "totalCurrentLiabilities": 412450268, "totalLiab": 415018412, "commonStock": 50400000, "retainedEarnings": 128999268, "treasuryStock": 1490400, "capitalSurplus": 22616151, "otherStockholderEquity": 1490400, "totalStockholderEquity": 203505819, "netTangibleAssets": 203442141}, {"maxAge": 1, "endDate": "2017-03-31", "cash": 72162315, "netReceivables": 285529939, "otherCurrentAssets": 141796783, "totalCurrentAssets": 507534717, "longTermInvestments": 920294, "propertyPlantEquipment": 3115994, "intangibleAssets": 249123, "otherAssets": 24868167, "deferredLongTermAssetCharges": 3007829, "totalAssets": 536688295, "accountsPayable": 337642055, "shortLongTermDebt": 1291639, "otherCurrentLiab": 12283291, "longTermDebt": 330681, "otherLiab": 2294111, "totalCurrentLiabilities": 351340392, "totalLiab": 353965184, "commonStock": 50400000, "retainedEarnings": 108216560, "treasuryStock": 1490400, "capitalSurplus": 22616151, "otherStockholderEquity": 1490400, "totalStockholderEquity": 182723111, "netTangibleAssets": 182473988}], "maxAge": 86400}, "financialData": {"maxAge": 86400, "currentPrice": 22.3, "recommendationKey": "none", "grossProfits": 152559521, "financialCurrency": "INR"}}}