{"BNRUDY.BO": {"cashflowStatementHistory": {"cashflowStatements": [{"maxAge": 1, "endDate": "2020-03-31", "netIncome": -2357993, "depreciation": 615927, "changeToNetincome": -2851484, "changeToAccountReceivables": 2380678, "changeToLiabilities": 2832062, "changeToOperatingActivities": 6504229, "totalCashFromOperatingActivities": 7123419, "capitalExpenditures": -414283, "investments": 1115078, "otherCashflowsFromInvestingActivities": 812475, "totalCashflowsFromInvestingActivities": -6101171, "netBorrowings": -735825, "otherCashflowsFromFinancingActivities": -111727, "totalCashFromFinancingActivities": -847552, "changeInCash": 174696}, {"maxAge": 1, "endDate": "2019-03-31", "netIncome": -4096510, "depreciation": 1466581, "changeToNetincome": -1127781, "changeToAccountReceivables": 3250541, "changeToLiabilities": -2941935, "changeToOperatingActivities": -117145, "totalCashFromOperatingActivities": -3566249, "capitalExpenditures": -2083380, "investments": 3798925, "otherCashflowsFromInvestingActivities": 945928, "totalCashflowsFromInvestingActivities": 3026504, "netBorrowings": 628667, "otherCashflowsFromFinancingActivities": -130905, "totalCashFromFinancingActivities": 497762, "changeInCash": -41983}, {"maxAge": 1, "endDate": "2018-03-31", "netIncome": 787004, "depreciation": 2134541, "changeToNetincome": -3633265, "changeToAccountReceivables": 844555, "changeToLiabilities": -1335518, "changeToOperatingActivities": -2980506, "totalCashFromOperatingActivities": -4183189, "capitalExpenditures": -224510, "investments": 1228279, "otherCashflowsFromInvestingActivities": 2415882, "totalCashflowsFromInvestingActivities": 3419651, "dividendsPaid": -2527511, "netBorrowings": -6787878, "otherCashflowsFromFinancingActivities": -165188, "totalCashFromFinancingActivities": -9480577, "changeInCash": -10244115}, {"maxAge": 1, "endDate": "2017-03-31", "netIncome": 4456652, "depreciation": 2132437, "changeToNetincome": -2849422, "changeToAccountReceivables": 52903321, "changeToLiabilities": -53490256, "changeToOperatingActivities": -5210113, "totalCashFromOperatingActivities": -2057381, "capitalExpenditures": -344736, "investments": 3542870, "otherCashflowsFromInvestingActivities": 1094624, "totalCashflowsFromInvestingActivities": 4521332, "dividendsPaid": -90831, "netBorrowings": -2062815, "otherCashflowsFromFinancingActivities": -184085, "totalCashFromFinancingActivities": -2337731, "changeInCash": 126220}], "maxAge": 86400}, "institutionOwnership": {"maxAge": 1, "ownershipList": []}, "balanceSheetHistoryQuarterly": {"balanceSheetStatements": [{"maxAge": 1, "endDate": "2020-06-30", "totalStockholderEquity": 34438733, "netTangibleAssets": 34438733}, {"maxAge": 1, "endDate": "2020-03-31", "cash": 830458, "shortTermInvestments": 2499970, "netReceivables": 6516439, "otherCurrentAssets": 5890079, "totalCurrentAssets": 15782856, "longTermInvestments": 6948983, "propertyPlantEquipment": 3023315, "otherAssets": 16928404, "deferredLongTermAssetCharges": 1535359, "totalAssets": 42683558, "accountsPayable": 5229484, "otherCurrentLiab": 1564237, "longTermDebt": 671155, "totalCurrentLiabilities": 7573670, "totalLiab": 8244825, "commonStock": 30000000, "retainedEarnings": 10293887, "treasuryStock": -5855154, "otherStockholderEquity": -5855154, "totalStockholderEquity": 34438733, "netTangibleAssets": 34438733}, {"maxAge": 1, "endDate": "2019-12-31", "totalStockholderEquity": 37113000, "netTangibleAssets": 37113000}, {"maxAge": 1, "endDate": "2019-09-30", "cash": 1084000, "shortTermInvestments": 11186000, "netReceivables": 4465000, "otherCurrentAssets": 8919000, "totalCurrentAssets": 25654000, "longTermInvestments": 7499000, "propertyPlantEquipment": 2920000, "otherAssets": 7778000, "totalAssets": 43851000, "accountsPayable": 3506000, "shortLongTermDebt": 827000, "otherCurrentLiab": 1403000, "otherLiab": 171000, "totalCurrentLiabilities": 6567000, "totalLiab": 6738000, "commonStock": 30000000, "treasuryStock": 7113000, "otherStockholderEquity": 7113000, "totalStockholderEquity": 37113000, "netTangibleAssets": 37113000}], "maxAge": 86400}, "indexTrend": {"maxAge": 1, "symbol": "SP5", "peRatio": 19.7411, "pegRatio": 1.34172, "estimates": [{"period": "0q", "growth": 0.549}, {"period": "+1q", "growth": 0.431}, {"period": "0y", "growth": 0.305}, {"period": "+1y", "growth": 0.109}, {"period": "+5y", "growth": 0.120859005}, {"period": "-5y"}]}, "insiderTransactions": {"transactions": [{"maxAge": 1, "shares": 1141, "filerUrl": "", "transactionText": "", "filerName": "Rathi (Sunita Devi)", "filerRelation": "Promoter", "moneyText": "", "startDate": "2018-08-20", "ownership": "D"}, {"maxAge": 1, "shares": 2500, "filerUrl": "", "transactionText": "", "filerName": "Rathi (Sunita Devi)", "filerRelation": "Promoter", "moneyText": "", "startDate": "2018-08-16", "ownership": "D"}, {"maxAge": 1, "shares": 1358, "filerUrl": "", "transactionText": "", "filerName": "Rathi (Mayura)", "filerRelation": "Promoter", "moneyText": "", "startDate": "2018-04-09", "ownership": "D"}, {"maxAge": 1, "shares": 2910, "filerUrl": "", "transactionText": "", "filerName": "Rathi (Mayura)", "filerRelation": "Promoter", "moneyText": "", "startDate": "2017-10-27", "ownership": "D"}, {"maxAge": 1, "shares": 6946, "filerUrl": "", "transactionText": "", "filerName": "Rathi (Mayura)", "filerRelation": "Promoter", "moneyText": "", "startDate": "2017-10-26", "ownership": "D"}, {"maxAge": 1, "shares": 3974, "filerUrl": "", "transactionText": "", "filerName": "Rathi (Mayura)", "filerRelation": "Promoter", "moneyText": "", "startDate": "2017-10-10", "ownership": "D"}, {"maxAge": 1, "shares": 20000, "filerUrl": "", "transactionText": "", "filerName": "Rathi (Sunita Devi)", "filerRelation": "Promoter", "moneyText": "", "startDate": "2017-08-24", "ownership": "D"}, {"maxAge": 1, "shares": 10000, "filerUrl": "", "transactionText": "", "filerName": "Rathi (Sunita Devi)", "filerRelation": "Promoter", "moneyText": "", "startDate": "2017-08-23", "ownership": "D"}, {"maxAge": 1, "shares": 12664, "filerUrl": "", "transactionText": "", "filerName": "Rathi (Sunita Devi)", "filerRelation": "Promoter", "moneyText": "", "startDate": "2017-08-22", "ownership": "D"}, {"maxAge": 1, "shares": 5000, "filerUrl": "", "transactionText": "", "filerName": "Rathi (Sunita Devi)", "filerRelation": "Promoter", "moneyText": "", "startDate": "2017-08-21", "ownership": "D"}, {"maxAge": 1, "shares": 5888, "filerUrl": "", "transactionText": "", "filerName": "Rathi (Sunita Devi)", "filerRelation": "Promoter", "moneyText": "", "startDate": "2017-07-18", "ownership": "D"}, {"maxAge": 1, "shares": 25548, "filerUrl": "", "transactionText": "", "filerName": "Rathi (Sunita Devi)", "filerRelation": "Promoter", "moneyText": "", "startDate": "2014-11-07", "ownership": "D"}, {"maxAge": 1, "shares": 220100, "filerUrl": "", "transactionText": "", "filerName": "Rathi (Govind)", "filerRelation": "UNREPORTED", "moneyText": "", "startDate": "2014-07-28", "ownership": "D"}, {"maxAge": 1, "shares": 220100, "filerUrl": "", "transactionText": "", "filerName": "Rathi (Kamal Narayan)", "filerRelation": "Managing Director", "moneyText": "", "startDate": "2014-07-28", "ownership": "D"}, {"maxAge": 1, "shares": 220100, "filerUrl": "", "transactionText": "", "filerName": "Rathi (Govind)", "filerRelation": "UNREPORTED", "moneyText": "", "startDate": "2014-07-08", "ownership": "D"}], "maxAge": 1}, "quoteType": {"exchange": "BSE", "quoteType": "EQUITY", "symbol": "BNRUDY.BO", "underlyingSymbol": "BNRUDY.BO", "shortName": "BNR UDYOG LTD.", "longName": "BNR Udyog Limited", "firstTradeDateEpochUtc": "2002-02-27 09:15:00", "timeZoneFullName": "Asia/Kolkata", "timeZoneShortName": "IST", "uuid": "cff83bf7-3fc4-3c3d-8c71-2dee37d0e2da", "messageBoardId": null, "gmtOffSetMilliseconds": 19800000, "maxAge": 1}, "incomeStatementHistory": {"incomeStatementHistory": [{"maxAge": 1, "endDate": "2020-03-31", "totalRevenue": 9028308, "costOfRevenue": 4617838, "grossProfit": 4410470, "researchDevelopment": {}, "sellingGeneralAdministrative": 95559, "nonRecurring": {}, "otherOperatingExpenses": 7647835, "totalOperatingExpenses": 12977159, "operatingIncome": -3948851, "totalOtherIncomeExpenseNet": -119665, "ebit": -3948851, "interestExpense": -110287, "incomeBeforeTax": -4068516, "incomeTaxExpense": -1710523, "minorityInterest": {}, "netIncomeFromContinuingOps": -2357993, "discontinuedOperations": {}, "extraordinaryItems": {}, "effectOfAccountingCharges": {}, "otherItems": {}, "netIncome": -2357993, "netIncomeApplicableToCommonShares": -2357993}, {"maxAge": 1, "endDate": "2019-03-31", "totalRevenue": 9875155, "costOfRevenue": 4731003, "grossProfit": 5144152, "researchDevelopment": {}, "sellingGeneralAdministrative": 202039, "nonRecurring": {}, "otherOperatingExpenses": 7500040, "totalOperatingExpenses": 13899663, "operatingIncome": -4024508, "totalOtherIncomeExpenseNet": -112868, "ebit": -4024508, "interestExpense": -102894, "incomeBeforeTax": -4137376, "incomeTaxExpense": -40866, "minorityInterest": {}, "netIncomeFromContinuingOps": -4096510, "discontinuedOperations": {}, "extraordinaryItems": {}, "effectOfAccountingCharges": {}, "otherItems": {}, "netIncome": -4096510, "netIncomeApplicableToCommonShares": -4096510}, {"maxAge": 1, "endDate": "2018-03-31", "totalRevenue": 19782293, "costOfRevenue": 5542766, "grossProfit": 14239527, "researchDevelopment": {}, "sellingGeneralAdministrative": 225079, "nonRecurring": {}, "otherOperatingExpenses": 10721691, "totalOperatingExpenses": 18624077, "operatingIncome": 1158216, "totalOtherIncomeExpenseNet": -165188, "ebit": 1158216, "interestExpense": -135632, "incomeBeforeTax": 993028, "incomeTaxExpense": 206024, "minorityInterest": {}, "netIncomeFromContinuingOps": 787004, "discontinuedOperations": {}, "extraordinaryItems": {}, "effectOfAccountingCharges": {}, "otherItems": {}, "netIncome": 787004, "netIncomeApplicableToCommonShares": 787004}, {"maxAge": 1, "endDate": "2017-03-31", "totalRevenue": 130079708, "costOfRevenue": 5964157, "grossProfit": 124115551, "researchDevelopment": {}, "sellingGeneralAdministrative": 385582, "nonRecurring": {}, "otherOperatingExpenses": 117454822, "totalOperatingExpenses": 125936998, "operatingIncome": 4142710, "totalOtherIncomeExpenseNet": -160659, "ebit": 4142710, "interestExpense": -176971, "incomeBeforeTax": 3982051, "incomeTaxExpense": -474601, "minorityInterest": {}, "netIncomeFromContinuingOps": 4456652, "discontinuedOperations": {}, "extraordinaryItems": {}, "effectOfAccountingCharges": {}, "otherItems": {}, "netIncome": 4456652, "netIncomeApplicableToCommonShares": 4456652}], "maxAge": 86400}, "fundOwnership": {"maxAge": 1, "ownershipList": []}, "summaryDetail": {"maxAge": 1, "priceHint": 2, "previousClose": 10.85, "open": 10.31, "dayLow": 10.31, "dayHigh": 10.31, "regularMarketPreviousClose": 10.85, "regularMarketOpen": 10.31, "regularMarketDayLow": 10.31, "regularMarketDayHigh": 10.31, "volume": 100, "regularMarketVolume": 100, "averageVolume": 1153, "averageVolume10days": 293, "averageDailyVolume10Day": 293, "bid": 0.0, "ask": 10.31, "bidSize": 0, "askSize": 0, "marketCap": 30930002, "fiftyTwoWeekLow": 9.25, "fiftyTwoWeekHigh": 20.15, "fiftyDayAverage": 10.983143, "twoHundredDayAverage": 14.158248, "trailingAnnualDividendRate": 1.0, "trailingAnnualDividendYield": 0.092165895, "currency": "INR", "fromCurrency": null, "toCurrency": null, "lastMarket": null, "algorithm": null, "tradeable": false}, "incomeStatementHistoryQuarterly": {"incomeStatementHistory": [{"maxAge": 1, "endDate": "2020-06-30", "totalRevenue": 1738000, "costOfRevenue": 564000, "grossProfit": 1174000, "researchDevelopment": {}, "sellingGeneralAdministrative": {}, "nonRecurring": {}, "otherOperatingExpenses": 962000, "totalOperatingExpenses": 1651000, "operatingIncome": 87000, "totalOtherIncomeExpenseNet": -39000, "ebit": 87000, "interestExpense": -39000, "incomeBeforeTax": 48000, "incomeTaxExpense": 0, "minorityInterest": {}, "netIncomeFromContinuingOps": 48000, "discontinuedOperations": {}, "extraordinaryItems": {}, "effectOfAccountingCharges": {}, "otherItems": {}, "netIncome": 48000, "netIncomeApplicableToCommonShares": 48000}, {"maxAge": 1, "endDate": "2020-03-31", "totalRevenue": 2306308, "costOfRevenue": 1610838, "grossProfit": 695470, "researchDevelopment": {}, "sellingGeneralAdministrative": 95559, "nonRecurring": {}, "otherOperatingExpenses": 1899835, "totalOperatingExpenses": 3764159, "operatingIncome": -1457851, "totalOtherIncomeExpenseNet": -30665, "ebit": -1457851, "interestExpense": -21287, "incomeBeforeTax": -1488516, "incomeTaxExpense": -1710523, "minorityInterest": {}, "netIncomeFromContinuingOps": 222007, "discontinuedOperations": {}, "extraordinaryItems": {}, "effectOfAccountingCharges": {}, "otherItems": {}, "netIncome": 222007, "netIncomeApplicableToCommonShares": 222007}, {"maxAge": 1, "endDate": "2019-12-31", "totalRevenue": 3107000, "costOfRevenue": 1029000, "grossProfit": 2078000, "researchDevelopment": {}, "sellingGeneralAdministrative": 95559, "nonRecurring": {}, "otherOperatingExpenses": 2647000, "totalOperatingExpenses": 3829000, "operatingIncome": -722000, "totalOtherIncomeExpenseNet": -32000, "ebit": -722000, "interestExpense": -32000, "incomeBeforeTax": -754000, "incomeTaxExpense": 0, "minorityInterest": {}, "netIncomeFromContinuingOps": -754000, "discontinuedOperations": {}, "extraordinaryItems": {}, "effectOfAccountingCharges": {}, "otherItems": {}, "netIncome": -754000, "netIncomeApplicableToCommonShares": -754000}, {"maxAge": 1, "endDate": "2019-09-30", "totalRevenue": 2430000, "costOfRevenue": 1011000, "grossProfit": 1419000, "researchDevelopment": {}, "sellingGeneralAdministrative": 95559, "nonRecurring": {}, "otherOperatingExpenses": 2012000, "totalOperatingExpenses": 3175000, "operatingIncome": -745000, "totalOtherIncomeExpenseNet": -33000, "ebit": -745000, "interestExpense": -33000, "incomeBeforeTax": -778000, "incomeTaxExpense": 0, "minorityInterest": {}, "netIncomeFromContinuingOps": -778000, "discontinuedOperations": {}, "extraordinaryItems": {}, "effectOfAccountingCharges": {}, "otherItems": {}, "netIncome": -778000, "netIncomeApplicableToCommonShares": -778000}], "maxAge": 86400}, "cashflowStatementHistoryQuarterly": {"cashflowStatements": [{"maxAge": 1, "endDate": "2020-06-30", "netIncome": 48000, "changeToLiabilities": 0}, {"maxAge": 1, "endDate": "2020-03-31", "netIncome": 222007, "changeToLiabilities": 0}, {"maxAge": 1, "endDate": "2019-12-31", "netIncome": -754000, "changeToLiabilities": 0}, {"maxAge": 1, "endDate": "2019-09-30", "netIncome": -778000, "changeToLiabilities": 0}], "maxAge": 86400}, "insiderHolders": {"holders": [{"maxAge": 1, "name": "Rathi (Govind)", "relation": "UNREPORTED", "url": "", "transactionDescription": "Gift", "latestTransDate": "2014-07-28", "positionDirect": 0, "positionDirectDate": "2014-07-28"}, {"maxAge": 1, "name": "Rathi (Kamal Narayan)", "relation": "Managing Director", "url": "", "transactionDescription": "Gift", "latestTransDate": "2014-07-28", "positionDirect": 1737634, "positionDirectDate": "2014-07-28"}, {"maxAge": 1, "name": "Rathi (Mayura)", "relation": "Promoter", "url": "", "transactionDescription": "Sale", "latestTransDate": "2018-04-09", "positionDirect": 135445, "positionDirectDate": "2018-04-09"}, {"maxAge": 1, "name": "Rathi (Sunita Devi)", "relation": "Promoter", "url": "", "transactionDescription": "Acquisition", "latestTransDate": "2018-08-20", "positionDirect": 4141, "positionDirectDate": "2018-08-20"}], "maxAge": 1}, "calendarEvents": {"maxAge": 1, "earnings": {"earningsDate": ["2020-08-14 05:30:S"]}}, "price": {"maxAge": 1, "regularMarketChangePercent": -0.049769584, "regularMarketChange": -0.53999996, "regularMarketTime": "2021-04-30 12:15:00", "priceHint": 2, "regularMarketPrice": 10.31, "regularMarketDayHigh": 10.31, "regularMarketDayLow": 10.31, "regularMarketVolume": 100, "averageDailyVolume10Day": 293, "averageDailyVolume3Month": 1153, "regularMarketPreviousClose": 10.85, "regularMarketSource": "FREE_REALTIME", "regularMarketOpen": 10.31, "exchange": "BSE", "exchangeName": "BSE", "exchangeDataDelayedBy": 0, "marketState": "CLOSED", "quoteType": "EQUITY", "symbol": "BNRUDY.BO", "underlyingSymbol": null, "shortName": "BNR UDYOG LTD.", "longName": "BNR Udyog Limited", "currency": "INR", "quoteSourceName": "Delayed Quote", "currencySymbol": "\u20b9", "fromCurrency": null, "toCurrency": null, "lastMarket": null, "marketCap": 30930002}, "balanceSheetHistory": {"balanceSheetStatements": [{"maxAge": 1, "endDate": "2020-03-31", "cash": 830458, "shortTermInvestments": 2499970, "netReceivables": 6516439, "otherCurrentAssets": 5890079, "totalCurrentAssets": 15782856, "longTermInvestments": 6948983, "propertyPlantEquipment": 3023315, "otherAssets": 16928404, "deferredLongTermAssetCharges": 1535359, "totalAssets": 42683558, "accountsPayable": 5229484, "otherCurrentLiab": 1564237, "longTermDebt": 671155, "totalCurrentLiabilities": 7573670, "totalLiab": 8244825, "commonStock": 30000000, "retainedEarnings": 10293887, "treasuryStock": -5855154, "otherStockholderEquity": -5855154, "totalStockholderEquity": 34438733, "netTangibleAssets": 34438733}, {"maxAge": 1, "endDate": "2019-03-31", "cash": 655762, "shortTermInvestments": 7788050, "netReceivables": 14937820, "otherCurrentAssets": 2182999, "totalCurrentAssets": 25651459, "longTermInvestments": 10908593, "propertyPlantEquipment": 3224959, "otherAssets": 7778605, "totalAssets": 47563616, "accountsPayable": 2397422, "otherCurrentLiab": 1318535, "longTermDebt": 975885, "otherLiab": 171777, "totalCurrentLiabilities": 4927002, "totalLiab": 6074664, "commonStock": 30000000, "retainedEarnings": 12651879, "treasuryStock": -1162927, "otherStockholderEquity": -1162927, "totalStockholderEquity": 41488952, "netTangibleAssets": 41488952}, {"maxAge": 1, "endDate": "2018-03-31", "cash": 697745, "netReceivables": 18217180, "otherCurrentAssets": 9981500, "totalCurrentAssets": 28922694, "longTermInvestments": 13879810, "propertyPlantEquipment": 3085122, "otherAssets": 7773041, "deferredLongTermAssetCharges": 124437, "totalAssets": 53660667, "accountsPayable": 5339357, "otherCurrentLiab": 1400853, "totalCurrentLiabilities": 8298474, "totalLiab": 8298474, "commonStock": 30000000, "retainedEarnings": 16748389, "treasuryStock": -1386196, "otherStockholderEquity": -1386196, "totalStockholderEquity": 45362193, "netTangibleAssets": 45362193}, {"maxAge": 1, "endDate": "2017-03-31", "cash": 10941860, "netReceivables": 19798868, "otherCurrentAssets": 13684500, "totalCurrentAssets": 44457708, "longTermInvestments": 10101455, "propertyPlantEquipment": 5015154, "otherAssets": 7628603, "totalAssets": 67202920, "accountsPayable": 6674955, "otherCurrentLiab": 5675218, "otherLiab": 556849, "totalCurrentLiabilities": 20696235, "totalLiab": 21253084, "commonStock": 30000000, "retainedEarnings": 15961386, "treasuryStock": -11550, "otherStockholderEquity": -11550, "totalStockholderEquity": 45949836, "netTangibleAssets": 45949836}], "maxAge": 86400}, "financialData": {"maxAge": 86400, "currentPrice": 10.31, "recommendationKey": "none", "grossProfits": 4410470, "financialCurrency": "INR"}}}