{"BODALCHEM.BO": {"recommendationTrend": {"trend": [{"period": "0m", "strongBuy": 0, "buy": 0, "hold": 0, "sell": 0, "strongSell": 0}, {"period": "-1m", "strongBuy": 0, "buy": 0, "hold": 0, "sell": 0, "strongSell": 0}, {"period": "-2m", "strongBuy": 0, "buy": 0, "hold": 0, "sell": 0, "strongSell": 0}, {"period": "-3m", "strongBuy": 0, "buy": 0, "hold": 0, "sell": 0, "strongSell": 0}], "maxAge": 86400}, "cashflowStatementHistory": {"cashflowStatements": [{"maxAge": 1, "endDate": "2020-03-31", "netIncome": 876300000, "depreciation": 276800000, "changeToNetincome": 171400000, "changeToAccountReceivables": -889720000, "changeToLiabilities": -298660000, "changeToInventory": 10510000, "changeToOperatingActivities": -63530000, "totalCashFromOperatingActivities": 95590000, "capitalExpenditures": -520970000, "investments": 23040000, "otherCashflowsFromInvestingActivities": 69920000, "totalCashflowsFromInvestingActivities": -805050000, "dividendsPaid": -194760000, "netBorrowings": 745230000, "otherCashflowsFromFinancingActivities": -229740000, "totalCashFromFinancingActivities": 759050000, "changeInCash": 66790000, "issuanceOfStock": 438320000}, {"maxAge": 1, "endDate": "2019-03-31", "netIncome": 1431990000, "depreciation": 212190000, "changeToNetincome": 79020000, "changeToAccountReceivables": 176250000, "changeToLiabilities": 690310000, "changeToInventory": -859360000, "changeToOperatingActivities": 124800000, "totalCashFromOperatingActivities": 1859770000, "capitalExpenditures": -1482410000, "investments": 78020000, "otherCashflowsFromInvestingActivities": 148610000, "totalCashflowsFromInvestingActivities": -1281540000, "dividendsPaid": -97760000, "netBorrowings": -303530000, "otherCashflowsFromFinancingActivities": -110840000, "totalCashFromFinancingActivities": -512130000, "changeInCash": 66100000, "issuanceOfStock": 438320000}, {"maxAge": 1, "endDate": "2018-03-31", "netIncome": 1225600000, "depreciation": 119660000, "changeToNetincome": 53380000, "changeToAccountReceivables": -1164160000, "changeToLiabilities": -117600000, "changeToInventory": 175130000, "changeToOperatingActivities": -222920000, "totalCashFromOperatingActivities": 70830000, "capitalExpenditures": -2284570000, "investments": -3840000, "otherCashflowsFromInvestingActivities": -302390000, "totalCashflowsFromInvestingActivities": -2562670000, "dividendsPaid": -54410000, "netBorrowings": 294250000, "otherCashflowsFromFinancingActivities": -127660000, "totalCashFromFinancingActivities": 2362180000, "changeInCash": -129660000, "issuanceOfStock": 2250000000}, {"maxAge": 1, "endDate": "2017-03-31", "netIncome": 1329080000, "depreciation": 287810000, "changeToNetincome": -28630000, "changeToAccountReceivables": -609270000, "changeToLiabilities": 329390000, "changeToInventory": -311420000, "changeToOperatingActivities": 38260000, "totalCashFromOperatingActivities": 1036420000, "capitalExpenditures": -588210000, "investments": -130940000, "otherCashflowsFromInvestingActivities": -17410000, "totalCashflowsFromInvestingActivities": -678930000, "dividendsPaid": -32880000, "netBorrowings": -100600000, "otherCashflowsFromFinancingActivities": -93620000, "totalCashFromFinancingActivities": -227100000, "changeInCash": 136720000, "issuanceOfStock": 2250000000}], "maxAge": 86400}, "institutionOwnership": {"maxAge": 1, "ownershipList": []}, "balanceSheetHistoryQuarterly": {"balanceSheetStatements": [{"maxAge": 1, "endDate": "2020-06-30", "totalStockholderEquity": 9318080000, "netTangibleAssets": 9154490000}, {"maxAge": 1, "endDate": "2020-03-31", "cash": 144650000, "netReceivables": 4642310000, "inventory": 2499640000, "otherCurrentAssets": 276960000, "totalCurrentAssets": 7580070000, "longTermInvestments": 31940000, "propertyPlantEquipment": 6452690000, "goodWill": 154750000, "intangibleAssets": 8840000, "otherAssets": 467180000, "deferredLongTermAssetCharges": 153500000, "totalAssets": 14695470000, "accountsPayable": 2097330000, "shortLongTermDebt": 710000, "otherCurrentLiab": 195360000, "longTermDebt": 190000, "otherLiab": 377610000, "minorityInterest": 48910000, "totalCurrentLiabilities": 4945130000, "totalLiab": 5328480000, "commonStock": 244660000, "retainedEarnings": 5942470000, "treasuryStock": 724790000, "capitalSurplus": 2406160000, "otherStockholderEquity": 724790000, "totalStockholderEquity": 9318080000, "netTangibleAssets": 9154490000}, {"maxAge": 1, "endDate": "2019-12-31", "totalStockholderEquity": 9113910000, "netTangibleAssets": 8951040000}, {"maxAge": 1, "endDate": "2019-09-30", "cash": 98220000, "shortTermInvestments": 8590000, "netReceivables": 3762310000, "inventory": 2346760000, "otherCurrentAssets": 866880000, "totalCurrentAssets": 7082760000, "longTermInvestments": 44540000, "propertyPlantEquipment": 6488020000, "goodWill": 154750000, "intangibleAssets": 8120000, "otherAssets": 513580000, "deferredLongTermAssetCharges": 111200000, "totalAssets": 14291770000, "accountsPayable": 1850720000, "otherCurrentLiab": 185880000, "longTermDebt": 121340000, "otherLiab": 427380000, "minorityInterest": 33640000, "totalCurrentLiabilities": 4595500000, "totalLiab": 5144220000, "commonStock": 244660000, "treasuryStock": 8869250000, "otherStockholderEquity": 8869250000, "totalStockholderEquity": 9113910000, "netTangibleAssets": 8951040000}], "maxAge": 86400}, "earningsHistory": {"history": [{"maxAge": 1, "epsActual": 2.85, "epsEstimate": 3.63, "epsDifference": -0.78, "surprisePercent": -0.215, "quarter": "2017-06-30", "period": "-4q"}, {"maxAge": 1, "epsActual": 2.39, "epsEstimate": 3.3, "epsDifference": -0.91, "surprisePercent": -0.276, "quarter": "2017-09-30", "period": "-3q"}, {"maxAge": 1, "epsActual": 3.31, "epsEstimate": 2.65, "epsDifference": 0.66, "surprisePercent": 0.249, "quarter": "2018-03-31", "period": "-2q"}, {"maxAge": 1, "epsActual": 3.21, "epsEstimate": 2.65, "epsDifference": 0.56, "surprisePercent": 0.21100001, "quarter": "2018-06-30", "period": "-1q"}], "maxAge": 86400}, "indexTrend": {"maxAge": 1, "symbol": "SP5", "peRatio": 19.7411, "pegRatio": 1.34172, "estimates": [{"period": "0q", "growth": 0.549}, {"period": "+1q", "growth": 0.431}, {"period": "0y", "growth": 0.305}, {"period": "+1y", "growth": 0.109}, {"period": "+5y", "growth": 0.120865}, {"period": "-5y"}]}, "industryTrend": {"maxAge": 1, "symbol": null, "estimates": []}, "insiderTransactions": {"transactions": [{"maxAge": 1, "shares": 20000, "filerUrl": "", "transactionText": "", "filerName": "Patel (Ramesh D)", "filerRelation": "Promoter", "moneyText": "", "startDate": "2020-03-23", "ownership": "D"}, {"maxAge": 1, "shares": 9446, "filerUrl": "", "transactionText": "", "filerName": "Patel (Ramesh D)", "filerRelation": "Promoter", "moneyText": "", "startDate": "2020-03-03", "ownership": "D"}, {"maxAge": 1, "shares": 20000, "filerUrl": "", "transactionText": "", "filerName": "Patel (Ramesh D)", "filerRelation": "Promoter", "moneyText": "", "startDate": "2020-02-28", "ownership": "D"}, {"maxAge": 1, "shares": 0, "filerUrl": "", "transactionText": "", "filerName": "Patel (Ramesh D)", "filerRelation": "Promoter", "moneyText": "", "startDate": "2020-02-28", "ownership": "I"}, {"maxAge": 1, "shares": 230641, "filerUrl": "", "transactionText": "", "filerName": "Patel (Bhavin Suresh)", "filerRelation": "Director (Executive)", "moneyText": "", "startDate": "2019-03-29", "ownership": "D"}, {"maxAge": 1, "shares": 36290, "filerUrl": "", "transactionText": "", "filerName": "Patel (Bhavin Suresh)", "filerRelation": "Director (Executive)", "moneyText": "", "startDate": "2019-03-29", "ownership": "D"}, {"maxAge": 1, "shares": 500000, "filerUrl": "", "transactionText": "", "filerName": "Patel (Bhavin Suresh)", "filerRelation": "Director (Executive)", "moneyText": "", "startDate": "2019-03-25", "ownership": "D"}, {"maxAge": 1, "shares": 1055150, "filerUrl": "", "transactionText": "", "filerName": "Patel (Bhavin Suresh)", "filerRelation": "Director (Executive)", "moneyText": "", "startDate": "2019-03-22", "ownership": "D"}, {"maxAge": 1, "shares": 3499165, "filerUrl": "", "transactionText": "", "filerName": "Patel (Shakuntala J)", "filerRelation": "Promoter", "moneyText": "", "startDate": "2019-02-21", "ownership": "D"}, {"maxAge": 1, "shares": 15000, "filerUrl": "", "transactionText": "", "filerName": "Patel (Ramesh D)", "filerRelation": "Promoter", "moneyText": "", "startDate": "2019-02-12", "ownership": "D"}, {"maxAge": 1, "shares": 34753, "filerUrl": "", "transactionText": "", "filerName": "Patel (Ramesh D)", "filerRelation": "Promoter", "moneyText": "", "startDate": "2019-02-11", "ownership": "D"}, {"maxAge": 1, "shares": 1043, "filerUrl": "", "transactionText": "", "filerName": "Patel (Ramesh D)", "filerRelation": "Promoter", "moneyText": "", "startDate": "2019-01-21", "ownership": "D"}, {"maxAge": 1, "shares": 43115, "filerUrl": "", "transactionText": "", "filerName": "Patel (Ramesh D)", "filerRelation": "Promoter", "moneyText": "", "startDate": "2018-11-28", "ownership": "D"}], "maxAge": 1}, "quoteType": {"exchange": "BSE", "quoteType": "EQUITY", "symbol": "BODALCHEM.BO", "underlyingSymbol": "BODALCHEM.BO", "shortName": "BODAL CHEMICALS LTD.", "longName": "Bodal Chemicals Limited", "firstTradeDateEpochUtc": "2000-01-03 09:15:00", "timeZoneFullName": "Asia/Kolkata", "timeZoneShortName": "IST", "uuid": "f0f81cf6-43ad-3941-88f3-1f61a1dbb55e", "messageBoardId": null, "gmtOffSetMilliseconds": 19800000, "maxAge": 1}, "incomeStatementHistory": {"incomeStatementHistory": [{"maxAge": 1, "endDate": "2020-03-31", "totalRevenue": 13748190000, "costOfRevenue": 9120210000, "grossProfit": 4627980000, "researchDevelopment": {}, "sellingGeneralAdministrative": 890790000, "nonRecurring": {}, "otherOperatingExpenses": 2242740000, "totalOperatingExpenses": 12531940000, "operatingIncome": 1216250000, "totalOtherIncomeExpenseNet": -204060000, "ebit": 1216250000, "interestExpense": -172260000, "incomeBeforeTax": 1012190000, "incomeTaxExpense": 146020000, "minorityInterest": 48910000, "netIncomeFromContinuingOps": 866170000, "discontinuedOperations": {}, "extraordinaryItems": {}, "effectOfAccountingCharges": {}, "otherItems": {}, "netIncome": 876300000, "netIncomeApplicableToCommonShares": 876300000}, {"maxAge": 1, "endDate": "2019-03-31", "totalRevenue": 14235020000, "costOfRevenue": 9154470000, "grossProfit": 5080550000, "researchDevelopment": {}, "sellingGeneralAdministrative": 656570000, "nonRecurring": {}, "otherOperatingExpenses": 2036950000, "totalOperatingExpenses": 12060480000, "operatingIncome": 2174540000, "totalOtherIncomeExpenseNet": 8320000, "ebit": 2174540000, "interestExpense": -68300000, "incomeBeforeTax": 2182860000, "incomeTaxExpense": 769870000, "minorityInterest": 9280000, "netIncomeFromContinuingOps": 1412990000, "discontinuedOperations": {}, "extraordinaryItems": {}, "effectOfAccountingCharges": {}, "otherItems": {}, "netIncome": 1431990000, "netIncomeApplicableToCommonShares": 1431990000}, {"maxAge": 1, "endDate": "2018-03-31", "totalRevenue": 11422150000, "costOfRevenue": 7258760000, "grossProfit": 4163390000, "researchDevelopment": {}, "sellingGeneralAdministrative": 497290000, "nonRecurring": {}, "otherOperatingExpenses": 1695100000, "totalOperatingExpenses": 9572070000, "operatingIncome": 1850080000, "totalOtherIncomeExpenseNet": -11980000, "ebit": 1850080000, "interestExpense": -36060000, "incomeBeforeTax": 1838100000, "incomeTaxExpense": 618870000, "minorityInterest": 11200000, "netIncomeFromContinuingOps": 1219230000, "discontinuedOperations": {}, "extraordinaryItems": {}, "effectOfAccountingCharges": {}, "otherItems": {}, "netIncome": 1225600000, "netIncomeApplicableToCommonShares": 1225600000}, {"maxAge": 1, "endDate": "2017-03-31", "totalRevenue": 12343660000, "costOfRevenue": 8174420000, "grossProfit": 4169240000, "researchDevelopment": {}, "sellingGeneralAdministrative": 440130000, "nonRecurring": {}, "otherOperatingExpenses": 1464870000, "totalOperatingExpenses": 10368370000, "operatingIncome": 1975290000, "totalOtherIncomeExpenseNet": 62720000, "ebit": 1975290000, "interestExpense": -69700000, "incomeBeforeTax": 2038010000, "incomeTaxExpense": 708920000, "minorityInterest": 17620000, "netIncomeFromContinuingOps": 1329090000, "discontinuedOperations": {}, "extraordinaryItems": {}, "effectOfAccountingCharges": {}, "otherItems": {}, "netIncome": 1329080000, "netIncomeApplicableToCommonShares": 1329080000}], "maxAge": 86400}, "fundOwnership": {"maxAge": 1, "ownershipList": [{"maxAge": 1, "reportDate": "2020-07-31", "organization": "DFA Emerging Markets Core Equity Portfolio", "pctHeld": 0.0031, "position": 374044, "value": 27548340}, {"maxAge": 1, "reportDate": "2020-07-31", "organization": "DFA Investment Dimensions-DFA Emerging Mkts Value", "pctHeld": 0.0011999999, "position": 146947, "value": 10822646}, {"maxAge": 1, "reportDate": "2020-07-31", "organization": "DFA Emerging Markets Small Cap Series", "pctHeld": 0.0007, "position": 82131, "value": 6048948}, {"maxAge": 1, "reportDate": "2020-07-31", "organization": "DFA T.A. World Ex U.S. Core Equity Portfolio", "pctHeld": 0.0002, "position": 23330, "value": 1718254}, {"maxAge": 1, "reportDate": "2020-07-31", "organization": "DFA Investment Dimensions-World Ex U.S. Core Equity Port", "pctHeld": 0.0002, "position": 20599, "value": 1517116}, {"maxAge": 1, "reportDate": "2020-07-31", "organization": "DFA Investment Dimensions-Emerging Markets Social Core Equity", "pctHeld": 0.0001, "position": 15834, "value": 1166174}]}, "summaryDetail": {"maxAge": 1, "priceHint": 2, "previousClose": 97.45, "open": 96.85, "dayLow": 95.9, "dayHigh": 101.6, "regularMarketPreviousClose": 97.45, "regularMarketOpen": 96.85, "regularMarketDayLow": 95.9, "regularMarketDayHigh": 101.6, "trailingPE": 28.782452, "forwardPE": 6.085173, "volume": 132392, "regularMarketVolume": 132392, "averageVolume": 85838, "averageVolume10days": 36598, "averageDailyVolume10Day": 36598, "bid": 96.15, "ask": 96.6, "bidSize": 0, "askSize": 0, "marketCap": 11798727680, "fiftyTwoWeekLow": 34.5, "fiftyTwoWeekHigh": 101.6, "fiftyDayAverage": 74.09571, "twoHundredDayAverage": 70.71752, "trailingAnnualDividendRate": 0.8, "trailingAnnualDividendYield": 0.008209338, "currency": "INR", "fromCurrency": null, "toCurrency": null, "lastMarket": null, "algorithm": null, "tradeable": false}, "sectorTrend": {"maxAge": 1, "symbol": null, "estimates": []}, "incomeStatementHistoryQuarterly": {"incomeStatementHistory": [{"maxAge": 1, "endDate": "2020-06-30", "totalRevenue": 1178160000, "costOfRevenue": 945770000, "grossProfit": 232390000, "researchDevelopment": {}, "sellingGeneralAdministrative": 189920000, "nonRecurring": {}, "otherOperatingExpenses": 251950000, "totalOperatingExpenses": 1460420000, "operatingIncome": -282260000, "totalOtherIncomeExpenseNet": 5950000, "ebit": -282260000, "interestExpense": -38850000, "incomeBeforeTax": -276310000, "incomeTaxExpense": -76790000, "minorityInterest": {}, "netIncomeFromContinuingOps": -199520000, "discontinuedOperations": {}, "extraordinaryItems": {}, "effectOfAccountingCharges": {}, "otherItems": {}, "netIncome": -195430000, "netIncomeApplicableToCommonShares": -195430000}, {"maxAge": 1, "endDate": "2020-03-31", "totalRevenue": 3684700000, "costOfRevenue": 2586660000, "grossProfit": 1098040000, "researchDevelopment": {}, "sellingGeneralAdministrative": 306450000, "nonRecurring": {}, "otherOperatingExpenses": 274400000, "totalOperatingExpenses": 3241750000, "operatingIncome": 442950000, "totalOtherIncomeExpenseNet": -128710000, "ebit": 442950000, "interestExpense": -29810000, "incomeBeforeTax": 314240000, "incomeTaxExpense": 53580000, "minorityInterest": 48910000, "netIncomeFromContinuingOps": 260660000, "discontinuedOperations": {}, "extraordinaryItems": {}, "effectOfAccountingCharges": {}, "otherItems": {}, "netIncome": 230910000, "netIncomeApplicableToCommonShares": 230910000}, {"maxAge": 1, "endDate": "2019-12-31", "totalRevenue": 3263570000, "costOfRevenue": 2184370000, "grossProfit": 1079200000, "researchDevelopment": {}, "sellingGeneralAdministrative": 209010000, "nonRecurring": {}, "otherOperatingExpenses": 639990000, "totalOperatingExpenses": 3103830000, "operatingIncome": 159740000, "totalOtherIncomeExpenseNet": -19560000, "ebit": 159740000, "interestExpense": -67740000, "incomeBeforeTax": 140180000, "incomeTaxExpense": 11660000, "minorityInterest": 48910000, "netIncomeFromContinuingOps": 128520000, "discontinuedOperations": {}, "extraordinaryItems": {}, "effectOfAccountingCharges": {}, "otherItems": {}, "netIncome": 146320000, "netIncomeApplicableToCommonShares": 146320000}, {"maxAge": 1, "endDate": "2019-09-30", "totalRevenue": 3077140000, "costOfRevenue": 1935470000, "grossProfit": 1141670000, "researchDevelopment": {}, "sellingGeneralAdministrative": 195210000, "nonRecurring": {}, "otherOperatingExpenses": 688760000, "totalOperatingExpenses": 2886470000, "operatingIncome": 190670000, "totalOtherIncomeExpenseNet": -44500000, "ebit": 190670000, "interestExpense": -44520000, "incomeBeforeTax": 146170000, "incomeTaxExpense": -66550000, "minorityInterest": 33640000, "netIncomeFromContinuingOps": 212720000, "discontinuedOperations": {}, "extraordinaryItems": {}, "effectOfAccountingCharges": {}, "otherItems": {}, "netIncome": 224230000, "netIncomeApplicableToCommonShares": 224230000}], "maxAge": 86400}, "cashflowStatementHistoryQuarterly": {"cashflowStatements": [{"maxAge": 1, "endDate": "2020-06-30", "netIncome": -195430000, "changeToLiabilities": 0}, {"maxAge": 1, "endDate": "2020-03-31", "netIncome": 230910000, "changeToLiabilities": 0}, {"maxAge": 1, "endDate": "2019-12-31", "netIncome": 146320000, "changeToLiabilities": 0}, {"maxAge": 1, "endDate": "2019-09-30", "netIncome": 224230000, "changeToLiabilities": 0}], "maxAge": 86400}, "insiderHolders": {"holders": [{"maxAge": 1, "name": "Patel (Bhavin Suresh)", "relation": "Director (Executive)", "url": "", "transactionDescription": "Acquisition", "latestTransDate": "2019-03-29", "positionDirect": 10496342, "positionDirectDate": "2019-03-29"}, {"maxAge": 1, "name": "Patel (Ramesh D)", "relation": "Promoter", "url": "", "transactionDescription": "Acquisition", "latestTransDate": "2020-03-23", "positionDirect": 4945880, "positionDirectDate": "2020-03-23"}, {"maxAge": 1, "name": "Patel (Shakuntala J)", "relation": "Promoter", "url": "", "transactionDescription": "Other", "latestTransDate": "2019-02-21", "positionDirect": 5784740, "positionDirectDate": "2019-02-21"}], "maxAge": 1}, "earnings": {"maxAge": 86400, "earningsChart": {"quarterly": [{"date": "2Q2017", "actual": 2.85, "estimate": 3.63}, {"date": "3Q2017", "actual": 2.39, "estimate": 3.3}, {"date": "1Q2018", "actual": 3.31, "estimate": 2.65}, {"date": "2Q2018", "actual": 3.21, "estimate": 2.65}], "currentQuarterEstimateDate": "3Q", "currentQuarterEstimateYear": 2018, "earningsDate": []}, "financialsChart": {"yearly": [{"date": 2017, "revenue": 12343660000, "earnings": 1329080000}, {"date": 2018, "revenue": 11422150000, "earnings": 1225600000}, {"date": 2019, "revenue": 14235020000, "earnings": 1431990000}, {"date": 2020, "revenue": 13748190000, "earnings": 876300000}], "quarterly": [{"date": "3Q2019", "revenue": 3077140000, "earnings": 224230000}, {"date": "4Q2019", "revenue": 3263570000, "earnings": 146320000}, {"date": "1Q2020", "revenue": 3684700000, "earnings": 230910000}, {"date": "2Q2020", "revenue": 1178160000, "earnings": -195430000}]}, "financialCurrency": "INR"}, "calendarEvents": {"maxAge": 1, "earnings": {"earningsDate": []}}, "price": {"maxAge": 1, "regularMarketChangePercent": -0.010261673, "regularMarketChange": -1.0, "regularMarketTime": "2021-04-30 15:30:00", "priceHint": 2, "regularMarketPrice": 96.45, "regularMarketDayHigh": 101.6, "regularMarketDayLow": 95.9, "regularMarketVolume": 132392, "averageDailyVolume10Day": 36598, "averageDailyVolume3Month": 85838, "regularMarketPreviousClose": 97.45, "regularMarketSource": "FREE_REALTIME", "regularMarketOpen": 96.85, "exchange": "BSE", "exchangeName": "BSE", "exchangeDataDelayedBy": 0, "marketState": "CLOSED", "quoteType": "EQUITY", "symbol": "BODALCHEM.BO", "underlyingSymbol": null, "shortName": "BODAL CHEMICALS LTD.", "longName": "Bodal Chemicals Limited", "currency": "INR", "quoteSourceName": "Delayed Quote", "currencySymbol": "\u20b9", "fromCurrency": null, "toCurrency": null, "lastMarket": null, "marketCap": 11798727680}, "balanceSheetHistory": {"balanceSheetStatements": [{"maxAge": 1, "endDate": "2020-03-31", "cash": 144650000, "netReceivables": 4642310000, "inventory": 2499640000, "otherCurrentAssets": 276960000, "totalCurrentAssets": 7580070000, "longTermInvestments": 31940000, "propertyPlantEquipment": 6452690000, "goodWill": 154750000, "intangibleAssets": 8840000, "otherAssets": 467180000, "deferredLongTermAssetCharges": 153500000, "totalAssets": 14695470000, "accountsPayable": 2097330000, "shortLongTermDebt": 710000, "otherCurrentLiab": 195360000, "longTermDebt": 190000, "otherLiab": 377610000, "minorityInterest": 48910000, "totalCurrentLiabilities": 4945130000, "totalLiab": 5328480000, "commonStock": 244660000, "retainedEarnings": 5942470000, "treasuryStock": 724790000, "capitalSurplus": 2406160000, "otherStockholderEquity": 724790000, "totalStockholderEquity": 9318080000, "netTangibleAssets": 9154490000}, {"maxAge": 1, "endDate": "2019-03-31", "cash": 77860000, "netReceivables": 3474910000, "inventory": 2284860000, "otherCurrentAssets": 303290000, "totalCurrentAssets": 6157590000, "longTermInvestments": 56000000, "propertyPlantEquipment": 6311730000, "goodWill": 22580000, "intangibleAssets": 6340000, "otherAssets": 432340000, "deferredLongTermAssetCharges": 83770000, "totalAssets": 12986580000, "accountsPayable": 2220810000, "shortLongTermDebt": 25770000, "otherCurrentLiab": 180580000, "longTermDebt": 130620000, "otherLiab": 445610000, "minorityInterest": 9280000, "totalCurrentLiabilities": 4107490000, "totalLiab": 4683720000, "commonStock": 244380000, "retainedEarnings": 5283260000, "treasuryStock": 384030000, "capitalSurplus": 2381910000, "otherStockholderEquity": 384030000, "totalStockholderEquity": 8293580000, "netTangibleAssets": 8264660000}, {"maxAge": 1, "endDate": "2018-03-31", "cash": 11760000, "shortTermInvestments": 30080000, "netReceivables": 3697620000, "inventory": 1222120000, "otherCurrentAssets": 406590000, "totalCurrentAssets": 5374340000, "longTermInvestments": 139250000, "propertyPlantEquipment": 4545970000, "intangibleAssets": 6530000, "otherAssets": 683900000, "deferredLongTermAssetCharges": 33450000, "totalAssets": 10749990000, "accountsPayable": 1519090000, "shortLongTermDebt": 1960000, "otherCurrentLiab": 139730000, "longTermDebt": 10200000, "otherLiab": 277920000, "minorityInterest": 11200000, "totalCurrentLiabilities": 3481070000, "totalLiab": 3769190000, "commonStock": 244380000, "retainedEarnings": 3973480000, "treasuryStock": 369830000, "capitalSurplus": 2381910000, "otherStockholderEquity": 369830000, "totalStockholderEquity": 6969600000, "netTangibleAssets": 6963070000}, {"maxAge": 1, "endDate": "2017-03-31", "cash": 141420000, "netReceivables": 2348050000, "inventory": 1374890000, "otherCurrentAssets": 179930000, "totalCurrentAssets": 4052050000, "longTermInvestments": 173810000, "propertyPlantEquipment": 2298560000, "intangibleAssets": 8110000, "otherAssets": 534710000, "deferredLongTermAssetCharges": 510000, "totalAssets": 7067240000, "accountsPayable": 1590300000, "shortLongTermDebt": 19120000, "otherCurrentLiab": 96320000, "longTermDebt": 78770000, "otherLiab": 182290000, "minorityInterest": 17620000, "totalCurrentLiabilities": 3161700000, "totalLiab": 3422760000, "commonStock": 218210000, "retainedEarnings": 2820640000, "treasuryStock": 365970000, "capitalSurplus": 222040000, "otherStockholderEquity": 365970000, "totalStockholderEquity": 3626860000, "netTangibleAssets": 3618750000}], "maxAge": 86400}, "earningsTrend": {"trend": [{"maxAge": 1, "period": "0q", "endDate": "2018-09-30", "growth": {}, "earningsEstimate": {"avg": 0.0, "low": 0.0, "high": 0.0, "yearAgoEps": 2.85, "numberOfAnalysts": 0, "growth": {}}, "revenueEstimate": {"avg": 0, "low": 0, "high": 0, "numberOfAnalysts": 0, "yearAgoRevenue": 2625070000, "growth": {}}, "epsTrend": {"current": 0.0, "7daysAgo": 0.0, "30daysAgo": 0.0, "60daysAgo": 0.0, "90daysAgo": 0.0}, "epsRevisions": {"upLast7days": 0, "upLast30days": 0, "downLast30days": 0, "downLast90days": {}}}, {"maxAge": 1, "period": "+1q", "endDate": "2018-12-31", "growth": {}, "earningsEstimate": {"avg": 0.0, "low": 0.0, "high": 0.0, "yearAgoEps": 2.39, "numberOfAnalysts": 0, "growth": {}}, "revenueEstimate": {"avg": 0, "low": 0, "high": 0, "numberOfAnalysts": 0, "yearAgoRevenue": {}, "growth": {}}, "epsTrend": {"current": 0.0, "7daysAgo": 0.0, "30daysAgo": 0.0, "60daysAgo": 0.0, "90daysAgo": 0.0}, "epsRevisions": {"upLast7days": 0, "upLast30days": 0, "downLast30days": 0, "downLast90days": {}}}, {"maxAge": 1, "period": "0y", "endDate": "2019-03-31", "growth": {}, "earningsEstimate": {"avg": 0.0, "low": 0.0, "high": 0.0, "yearAgoEps": {}, "numberOfAnalysts": 0, "growth": {}}, "revenueEstimate": {"avg": 14409900000, "low": 14409900000, "high": 14409900000, "numberOfAnalysts": 1, "yearAgoRevenue": 11210000000, "growth": 0.285}, "epsTrend": {"current": 0.0, "7daysAgo": 13.33, "30daysAgo": 13.33, "60daysAgo": 13.33, "90daysAgo": 13.33}, "epsRevisions": {"upLast7days": 0, "upLast30days": 0, "downLast30days": 0, "downLast90days": {}}}, {"maxAge": 1, "period": "+1y", "endDate": "2020-03-31", "growth": {}, "earningsEstimate": {"avg": 0.0, "low": 0.0, "high": 0.0, "yearAgoEps": {}, "numberOfAnalysts": 0, "growth": {}}, "revenueEstimate": {"avg": 17147800000, "low": 17147800000, "high": 17147800000, "numberOfAnalysts": 1, "yearAgoRevenue": 14409900000, "growth": 0.19}, "epsTrend": {"current": 0.0, "7daysAgo": 15.85, "30daysAgo": 15.85, "60daysAgo": 15.85, "90daysAgo": 15.85}, "epsRevisions": {"upLast7days": 0, "upLast30days": 0, "downLast30days": 0, "downLast90days": {}}}, {"maxAge": 1, "period": "+5y", "endDate": null, "growth": {}, "earningsEstimate": {"avg": {}, "low": {}, "high": {}, "yearAgoEps": {}, "numberOfAnalysts": {}, "growth": {}}, "revenueEstimate": {"avg": {}, "low": {}, "high": {}, "numberOfAnalysts": {}, "yearAgoRevenue": {}, "growth": {}}, "epsTrend": {"current": {}, "7daysAgo": {}, "30daysAgo": {}, "60daysAgo": {}, "90daysAgo": {}}, "epsRevisions": {"upLast7days": {}, "upLast30days": {}, "downLast30days": {}, "downLast90days": {}}}, {"maxAge": 1, "period": "-5y", "endDate": null, "growth": {}, "earningsEstimate": {"avg": {}, "low": {}, "high": {}, "yearAgoEps": {}, "numberOfAnalysts": {}, "growth": {}}, "revenueEstimate": {"avg": {}, "low": {}, "high": {}, "numberOfAnalysts": {}, "yearAgoRevenue": {}, "growth": {}}, "epsTrend": {"current": {}, "7daysAgo": {}, "30daysAgo": {}, "60daysAgo": {}, "90daysAgo": {}}, "epsRevisions": {"upLast7days": {}, "upLast30days": {}, "downLast30days": {}, "downLast90days": {}}}], "maxAge": 1}, "financialData": {"maxAge": 86400, "currentPrice": 96.45, "targetHighPrice": 168.0, "targetLowPrice": 168.0, "targetMeanPrice": 168.0, "targetMedianPrice": 168.0, "recommendationKey": "none", "numberOfAnalystOpinions": 1, "grossProfits": 4627980000, "financialCurrency": "INR"}}}