{"BODHTREE.BO": {"recommendationTrend": {"trend": [{"period": "0m", "strongBuy": 0, "buy": 0, "hold": 0, "sell": 0, "strongSell": 0}, {"period": "-1m", "strongBuy": 0, "buy": 0, "hold": 0, "sell": 0, "strongSell": 0}, {"period": "-2m", "strongBuy": 0, "buy": 0, "hold": 0, "sell": 0, "strongSell": 0}, {"period": "-3m", "strongBuy": 0, "buy": 0, "hold": 0, "sell": 0, "strongSell": 0}], "maxAge": 86400}, "cashflowStatementHistory": {"cashflowStatements": [{"maxAge": 1, "endDate": "2020-03-31", "netIncome": 41325000, "depreciation": 68090000, "changeToNetincome": 16151000, "changeToAccountReceivables": 359927000, "changeToLiabilities": -291441000, "changeToOperatingActivities": -98229000, "totalCashFromOperatingActivities": 95823000, "capitalExpenditures": -5230000, "otherCashflowsFromInvestingActivities": 2163000, "totalCashflowsFromInvestingActivities": -133546000, "netBorrowings": 54300000, "otherCashflowsFromFinancingActivities": -16000000, "totalCashFromFinancingActivities": 38300000, "changeInCash": 576000}, {"maxAge": 1, "endDate": "2019-03-31", "netIncome": 78350347, "depreciation": 14231453, "changeToNetincome": 66251959, "changeToAccountReceivables": -461443545, "changeToLiabilities": 463561668, "changeToOperatingActivities": -34605464, "totalCashFromOperatingActivities": 170713833, "capitalExpenditures": -1813830, "otherCashflowsFromInvestingActivities": 2759946, "totalCashflowsFromInvestingActivities": -15503531, "dividendsPaid": -12664183, "netBorrowings": -103897415, "otherCashflowsFromFinancingActivities": -37635562, "totalCashFromFinancingActivities": -154197160, "changeInCash": 1013143}, {"maxAge": 1, "endDate": "2018-03-31", "netIncome": 44241824, "depreciation": 57928229, "changeToNetincome": 16652161, "changeToAccountReceivables": -196112259, "changeToLiabilities": 31893750, "changeToOperatingActivities": 6492187, "totalCashFromOperatingActivities": -38904108, "capitalExpenditures": -29137256, "otherCashflowsFromInvestingActivities": 2295112, "totalCashflowsFromInvestingActivities": -77040495, "dividendsPaid": -10667900, "netBorrowings": 142165602, "otherCashflowsFromFinancingActivities": -15266233, "totalCashFromFinancingActivities": 116231469, "changeInCash": 286866}, {"maxAge": 1, "endDate": "2017-03-31", "netIncome": 28364885, "depreciation": 11212344, "changeToNetincome": 3090436, "changeToAccountReceivables": -137824966, "changeToLiabilities": 111640679, "changeToOperatingActivities": 119429704, "totalCashFromOperatingActivities": 136739626, "capitalExpenditures": -6176480, "otherCashflowsFromInvestingActivities": 2027008, "totalCashflowsFromInvestingActivities": -81352858, "dividendsPaid": -10667900, "netBorrowings": -28811943, "otherCashflowsFromFinancingActivities": -24344605, "totalCashFromFinancingActivities": -53156548, "changeInCash": 2230220}], "maxAge": 86400}, "institutionOwnership": {"ownershipList": [], "maxAge": 1}, "balanceSheetHistoryQuarterly": {"balanceSheetStatements": [{"maxAge": 1, "endDate": "2020-06-30", "totalStockholderEquity": 538408000, "netTangibleAssets": 305111000}, {"maxAge": 1, "endDate": "2020-03-31", "cash": 34827000, "netReceivables": 730791000, "otherCurrentAssets": 189162000, "totalCurrentAssets": 954780000, "longTermInvestments": 67818000, "propertyPlantEquipment": 30142000, "intangibleAssets": 233297000, "otherAssets": 1702000, "deferredLongTermAssetCharges": 1702000, "totalAssets": 1287739000, "accountsPayable": 354389000, "otherCurrentLiab": 230593000, "longTermDebt": 82771000, "otherLiab": 1950000, "totalCurrentLiabilities": 664610000, "totalLiab": 749331000, "commonStock": 199582000, "treasuryStock": 338826000, "otherStockholderEquity": 338826000, "totalStockholderEquity": 538408000, "netTangibleAssets": 305111000}, {"maxAge": 1, "endDate": "2019-12-31", "totalStockholderEquity": 519214000, "netTangibleAssets": 353582000}, {"maxAge": 1, "endDate": "2019-09-30", "cash": 30582000, "netReceivables": 1268761000, "otherCurrentAssets": 88238000, "totalCurrentAssets": 1387581000, "longTermInvestments": 72885000, "propertyPlantEquipment": 3073000, "intangibleAssets": 165632000, "otherAssets": 1446000, "deferredLongTermAssetCharges": 1445000, "totalAssets": 1630617000, "accountsPayable": 740856000, "otherCurrentLiab": 224272000, "longTermDebt": 54615000, "otherLiab": 5409000, "totalCurrentLiabilities": 1051379000, "totalLiab": 1111403000, "commonStock": 199552000, "treasuryStock": 319662000, "otherStockholderEquity": 319662000, "totalStockholderEquity": 519214000, "netTangibleAssets": 353582000}], "maxAge": 86400}, "earningsHistory": {"history": [{"maxAge": 1, "epsActual": {}, "epsEstimate": {}, "epsDifference": {}, "surprisePercent": {}, "quarter": {}, "period": "-4q"}, {"maxAge": 1, "epsActual": {}, "epsEstimate": {}, "epsDifference": {}, "surprisePercent": {}, "quarter": {}, "period": "-3q"}, {"maxAge": 1, "epsActual": {}, "epsEstimate": {}, "epsDifference": {}, "surprisePercent": {}, "quarter": {}, "period": "-2q"}, {"maxAge": 1, "epsActual": {}, "epsEstimate": {}, "epsDifference": {}, "surprisePercent": {}, "quarter": {}, "period": "-1q"}], "maxAge": 86400}, "indexTrend": {"maxAge": 1, "symbol": "SP5", "peRatio": 19.7411, "pegRatio": 1.34172, "estimates": [{"period": "0q", "growth": 0.549}, {"period": "+1q", "growth": 0.431}, {"period": "0y", "growth": 0.305}, {"period": "+1y", "growth": 0.109}, {"period": "+5y", "growth": 0.120859005}, {"period": "-5y"}]}, "industryTrend": {"maxAge": 1, "symbol": null, "estimates": []}, "insiderTransactions": {"transactions": [{"maxAge": 1, "shares": 295000, "filerUrl": "", "transactionText": "", "filerName": "Gupta (Sanjiv)", "filerRelation": "Director (Non-Executive)", "moneyText": "", "startDate": "2018-09-04", "ownership": "D"}, {"maxAge": 1, "shares": 205216, "filerUrl": "", "transactionText": "", "filerName": "Gupta (Sanjiv)", "filerRelation": "Director (Non-Executive)", "moneyText": "", "startDate": "2018-08-31", "ownership": "D"}, {"maxAge": 1, "shares": 127954, "filerUrl": "", "transactionText": "", "filerName": "Gupta (Sanjiv)", "filerRelation": "Director (Non-Executive)", "moneyText": "", "startDate": "2018-06-22", "ownership": "D"}, {"maxAge": 1, "shares": 372046, "filerUrl": "", "transactionText": "", "filerName": "Gupta (Sanjiv)", "filerRelation": "Director (Non-Executive)", "moneyText": "", "startDate": "2018-06-15", "ownership": "D"}, {"maxAge": 1, "shares": 490985, "filerUrl": "", "transactionText": "", "filerName": "Bodhtree Solution, Inc.", "filerRelation": "Promoter", "moneyText": "", "startDate": "2016-12-13", "ownership": "D"}, {"maxAge": 1, "shares": 500000, "filerUrl": "", "transactionText": "", "filerName": "Bodhtree Solution, Inc.", "filerRelation": "Promoter", "moneyText": "", "startDate": "2016-08-29", "ownership": "D"}, {"maxAge": 1, "shares": 736400, "filerUrl": "", "transactionText": "", "filerName": "Ramakrishna (L N)", "filerRelation": "Managing Director", "moneyText": "", "startDate": "2015-06-17", "ownership": "D"}], "maxAge": 1}, "quoteType": {"exchange": "BSE", "quoteType": "EQUITY", "symbol": "BODHTREE.BO", "underlyingSymbol": "BODHTREE.BO", "shortName": "Bodhtree Consulting Limited", "longName": "Bodhtree Consulting Limited", "firstTradeDateEpochUtc": "2015-05-06 09:15:00", "timeZoneFullName": "Asia/Kolkata", "timeZoneShortName": "IST", "uuid": "343b24a7-bc98-339a-aeca-815f78edb000", "gmtOffSetMilliseconds": 19800000, "maxAge": 1}, "incomeStatementHistory": {"incomeStatementHistory": [{"maxAge": 1, "endDate": "2020-03-31", "totalRevenue": 1414252000, "costOfRevenue": 1215851000, "grossProfit": 198401000, "researchDevelopment": {}, "sellingGeneralAdministrative": {}, "nonRecurring": {}, "otherOperatingExpenses": 136229000, "totalOperatingExpenses": 1420170000, "operatingIncome": -5918000, "totalOtherIncomeExpenseNet": 72321000, "ebit": -5918000, "interestExpense": -27689000, "incomeBeforeTax": 66403000, "incomeTaxExpense": 25078000, "minorityInterest": {}, "netIncomeFromContinuingOps": 41325000, "discontinuedOperations": {}, "extraordinaryItems": {}, "effectOfAccountingCharges": {}, "otherItems": {}, "netIncome": 41325000, "netIncomeApplicableToCommonShares": 41325000}, {"maxAge": 1, "endDate": "2019-03-31", "totalRevenue": 1163522541, "costOfRevenue": 918575355, "grossProfit": 244947186, "researchDevelopment": {}, "sellingGeneralAdministrative": 11494791, "nonRecurring": {}, "otherOperatingExpenses": 42089749, "totalOperatingExpenses": 1031958763, "operatingIncome": 131563778, "totalOtherIncomeExpenseNet": -8594964, "ebit": 131563778, "interestExpense": -29007246, "incomeBeforeTax": 122968814, "incomeTaxExpense": 44618467, "minorityInterest": {}, "netIncomeFromContinuingOps": 78350347, "discontinuedOperations": {}, "extraordinaryItems": {}, "effectOfAccountingCharges": {}, "otherItems": {}, "netIncome": 78350347, "netIncomeApplicableToCommonShares": 78350347}, {"maxAge": 1, "endDate": "2018-03-31", "totalRevenue": 1144950903, "costOfRevenue": 954205281, "grossProfit": 190745622, "researchDevelopment": {}, "sellingGeneralAdministrative": 13804853, "nonRecurring": {}, "otherOperatingExpenses": 34264662, "totalOperatingExpenses": 1060225724, "operatingIncome": 84725179, "totalOtherIncomeExpenseNet": -18984979, "ebit": 84725179, "interestExpense": -16621803, "incomeBeforeTax": 65740200, "incomeTaxExpense": 21498376, "minorityInterest": {}, "netIncomeFromContinuingOps": 44241824, "discontinuedOperations": {}, "extraordinaryItems": {}, "effectOfAccountingCharges": {}, "otherItems": {}, "netIncome": 44241824, "netIncomeApplicableToCommonShares": 44241824}, {"maxAge": 1, "endDate": "2017-03-31", "totalRevenue": 787616390, "costOfRevenue": 672844261, "grossProfit": 114772129, "researchDevelopment": {}, "sellingGeneralAdministrative": 13247320, "nonRecurring": {}, "otherOperatingExpenses": 27942039, "totalOperatingExpenses": 726072508, "operatingIncome": 61543882, "totalOtherIncomeExpenseNet": -16967149, "ebit": 61543882, "interestExpense": -22604643, "incomeBeforeTax": 44576733, "incomeTaxExpense": 16211848, "minorityInterest": {}, "netIncomeFromContinuingOps": 28364885, "discontinuedOperations": {}, "extraordinaryItems": {}, "effectOfAccountingCharges": {}, "otherItems": {}, "netIncome": 28364885, "netIncomeApplicableToCommonShares": 28364885}], "maxAge": 86400}, "fundOwnership": {"ownershipList": [], "maxAge": 1}, "summaryDetail": {"maxAge": 1, "priceHint": 2, "previousClose": 26.8, "open": 27.0, "dayLow": 26.05, "dayHigh": 27.0, "regularMarketPreviousClose": 26.8, "regularMarketOpen": 27.0, "regularMarketDayLow": 26.05, "regularMarketDayHigh": 27.0, "trailingPE": 11.060291, "volume": 9226, "regularMarketVolume": 9226, "averageVolume": 17294, "averageVolume10days": 9002, "averageDailyVolume10Day": 9002, "bid": 26.5, "ask": 26.75, "bidSize": 0, "askSize": 0, "marketCap": 530888128, "fiftyTwoWeekLow": 24.1, "fiftyTwoWeekHigh": 52.0, "fiftyDayAverage": 32.372726, "twoHundredDayAverage": 38.813236, "trailingAnnualDividendRate": 0.75, "trailingAnnualDividendYield": 0.027985075, "currency": "INR", "fromCurrency": null, "lastMarket": null, "algorithm": null, "tradeable": false}, "sectorTrend": {"maxAge": 1, "symbol": null, "estimates": []}, "incomeStatementHistoryQuarterly": {"incomeStatementHistory": [{"maxAge": 1, "endDate": "2020-06-30", "totalRevenue": 276196000, "costOfRevenue": 244525000, "grossProfit": 31671000, "researchDevelopment": {}, "sellingGeneralAdministrative": {}, "nonRecurring": {}, "otherOperatingExpenses": 3191000, "totalOperatingExpenses": 257364000, "operatingIncome": 18832000, "totalOtherIncomeExpenseNet": -2939000, "ebit": 18832000, "interestExpense": -3579000, "incomeBeforeTax": 15893000, "incomeTaxExpense": 4675000, "minorityInterest": {}, "netIncomeFromContinuingOps": 11218000, "discontinuedOperations": {}, "extraordinaryItems": {}, "effectOfAccountingCharges": {}, "otherItems": {}, "netIncome": 11218000, "netIncomeApplicableToCommonShares": 11218000}, {"maxAge": 1, "endDate": "2020-03-31", "totalRevenue": 627607000, "costOfRevenue": 587942000, "grossProfit": 39665000, "researchDevelopment": {}, "sellingGeneralAdministrative": {}, "nonRecurring": {}, "otherOperatingExpenses": 103739000, "totalOperatingExpenses": 702176000, "operatingIncome": -74569000, "totalOtherIncomeExpenseNet": 80155000, "ebit": -74569000, "interestExpense": -7586000, "incomeBeforeTax": 5586000, "incomeTaxExpense": 3088000, "minorityInterest": {}, "netIncomeFromContinuingOps": 2498000, "discontinuedOperations": {}, "extraordinaryItems": {}, "effectOfAccountingCharges": {}, "otherItems": {}, "netIncome": 2498000, "netIncomeApplicableToCommonShares": 2498000}, {"maxAge": 1, "endDate": "2019-12-31", "totalRevenue": 311584000, "costOfRevenue": 263391000, "grossProfit": 48193000, "researchDevelopment": {}, "sellingGeneralAdministrative": {}, "nonRecurring": {}, "otherOperatingExpenses": 5911000, "totalOperatingExpenses": 283136000, "operatingIncome": 28448000, "totalOtherIncomeExpenseNet": -822000, "ebit": 28448000, "interestExpense": -7901000, "incomeBeforeTax": 27626000, "incomeTaxExpense": 8717000, "minorityInterest": {}, "netIncomeFromContinuingOps": 18909000, "discontinuedOperations": {}, "extraordinaryItems": {}, "effectOfAccountingCharges": {}, "otherItems": {}, "netIncome": 18909000, "netIncomeApplicableToCommonShares": 18909000}, {"maxAge": 1, "endDate": "2019-09-30", "totalRevenue": 189547000, "costOfRevenue": 147652000, "grossProfit": 41895000, "researchDevelopment": {}, "sellingGeneralAdministrative": {}, "nonRecurring": {}, "otherOperatingExpenses": 354000, "totalOperatingExpenses": 170008000, "operatingIncome": 19539000, "totalOtherIncomeExpenseNet": -915000, "ebit": 19539000, "interestExpense": -5899000, "incomeBeforeTax": 18624000, "incomeTaxExpense": 3355000, "minorityInterest": {}, "netIncomeFromContinuingOps": 15269000, "discontinuedOperations": {}, "extraordinaryItems": {}, "effectOfAccountingCharges": {}, "otherItems": {}, "netIncome": 15269000, "netIncomeApplicableToCommonShares": 15269000}], "maxAge": 86400}, "cashflowStatementHistoryQuarterly": {"cashflowStatements": [{"maxAge": 1, "endDate": "2020-06-30", "netIncome": 11218000, "changeToLiabilities": 0}, {"maxAge": 1, "endDate": "2020-03-31", "netIncome": 2498000, "changeToLiabilities": 0}, {"maxAge": 1, "endDate": "2019-12-31", "netIncome": 18909000, "changeToLiabilities": 0}, {"maxAge": 1, "endDate": "2019-09-30", "netIncome": 15269000, "changeToLiabilities": 0}], "maxAge": 86400}, "insiderHolders": {"holders": [{"maxAge": 1, "name": "Bodhtree Solution, Inc.", "relation": "Promoter", "url": "", "transactionDescription": "Sale", "latestTransDate": "2016-12-13", "positionDirect": 8009015, "positionDirectDate": "2016-12-13"}, {"maxAge": 1, "name": "Gupta (Sanjiv)", "relation": "Director (Non-Executive)", "url": "", "transactionDescription": "Sale", "latestTransDate": "2018-09-04", "positionDirect": 1134284, "positionDirectDate": "2018-09-04"}, {"maxAge": 1, "name": "Ramakrishna (L N)", "relation": "Managing Director", "url": "", "transactionDescription": "Purchase", "latestTransDate": "2015-06-17", "positionDirect": 1392550, "positionDirectDate": "2015-06-17"}], "maxAge": 1}, "earnings": {"maxAge": 86400, "earningsChart": {"quarterly": [], "earningsDate": []}, "financialsChart": {"yearly": [{"date": 2017, "revenue": 787616390, "earnings": 28364885}, {"date": 2018, "revenue": 1144950903, "earnings": 44241824}, {"date": 2019, "revenue": 1163522541, "earnings": 78350347}, {"date": 2020, "revenue": 1414252000, "earnings": 41325000}], "quarterly": [{"date": "3Q2019", "revenue": 189547000, "earnings": 15269000}, {"date": "4Q2019", "revenue": 311584000, "earnings": 18909000}, {"date": "1Q2020", "revenue": 627607000, "earnings": 2498000}, {"date": "2Q2020", "revenue": 276196000, "earnings": 11218000}]}, "financialCurrency": "INR"}, "calendarEvents": {"maxAge": 1, "earnings": {"earningsDate": []}}, "upgradeDowngradeHistory": {"history": [], "maxAge": 86400}, "price": {"maxAge": 1, "regularMarketChangePercent": -0.007462644, "regularMarketChange": -0.19999886, "regularMarketTime": "2021-04-30 15:29:59", "priceHint": 2, "regularMarketPrice": 26.6, "regularMarketDayHigh": 27.0, "regularMarketDayLow": 26.05, "regularMarketVolume": 9226, "averageDailyVolume10Day": 9002, "averageDailyVolume3Month": 17294, "regularMarketPreviousClose": 26.8, "regularMarketSource": "FREE_REALTIME", "regularMarketOpen": 27.0, "exchange": "BSE", "exchangeName": "BSE", "exchangeDataDelayedBy": 0, "marketState": "CLOSED", "quoteType": "EQUITY", "symbol": "BODHTREE.BO", "underlyingSymbol": null, "shortName": "Bodhtree Consulting Limited", "longName": "Bodhtree Consulting Limited", "currency": "INR", "quoteSourceName": "Delayed Quote", "currencySymbol": "\u20b9", "fromCurrency": null, "lastMarket": null, "marketCap": 530888128}, "balanceSheetHistory": {"balanceSheetStatements": [{"maxAge": 1, "endDate": "2020-03-31", "cash": 34827000, "netReceivables": 730791000, "otherCurrentAssets": 189162000, "totalCurrentAssets": 954780000, "longTermInvestments": 67818000, "propertyPlantEquipment": 30142000, "intangibleAssets": 233297000, "otherAssets": 1702000, "deferredLongTermAssetCharges": 1702000, "totalAssets": 1287739000, "accountsPayable": 354389000, "otherCurrentLiab": 230593000, "longTermDebt": 82771000, "otherLiab": 1950000, "totalCurrentLiabilities": 664610000, "totalLiab": 749331000, "commonStock": 199582000, "treasuryStock": 338826000, "otherStockholderEquity": 338826000, "totalStockholderEquity": 538408000, "netTangibleAssets": 305111000}, {"maxAge": 1, "endDate": "2019-03-31", "cash": 3788244, "shortTermInvestments": 10807398, "netReceivables": 1101812239, "otherCurrentAssets": 111383365, "totalCurrentAssets": 1229654452, "longTermInvestments": 72748710, "propertyPlantEquipment": 38604813, "intangibleAssets": 157432026, "otherAssets": 3520934, "deferredLongTermAssetCharges": 3520935, "totalAssets": 1501960935, "accountsPayable": 645829721, "shortLongTermDebt": 7510199, "otherCurrentLiab": 81182432, "longTermDebt": 22254461, "otherLiab": 7278464, "totalCurrentLiabilities": 971902096, "totalLiab": 1002464479, "commonStock": 199582360, "retainedEarnings": 162579446, "capitalSurplus": 137334650, "totalStockholderEquity": 499496456, "netTangibleAssets": 342064430}, {"maxAge": 1, "endDate": "2018-03-31", "cash": 2775101, "shortTermInvestments": 5496561, "netReceivables": 591002771, "otherCurrentAssets": 169245396, "totalCurrentAssets": 772615659, "longTermInvestments": 72975710, "propertyPlantEquipment": 51022437, "intangibleAssets": 185349793, "otherAssets": 10625382, "deferredLongTermAssetCharges": 10625383, "totalAssets": 1092588981, "accountsPayable": 182268053, "shortLongTermDebt": 8580759, "otherCurrentLiab": 58129570, "longTermDebt": 28311676, "otherLiab": 6902376, "totalCurrentLiabilities": 614723699, "totalLiab": 652813992, "commonStock": 199582360, "retainedEarnings": 102857979, "capitalSurplus": 137334650, "totalStockholderEquity": 439774989, "netTangibleAssets": 254425196}, {"maxAge": 1, "endDate": "2017-03-31", "cash": 2488234, "shortTermInvestments": 4133596, "netReceivables": 446241653, "otherCurrentAssets": 156330699, "totalCurrentAssets": 612035612, "longTermInvestments": 73272409, "propertyPlantEquipment": 38974142, "intangibleAssets": 175990709, "otherAssets": 9220159, "deferredLongTermAssetCharges": 9220159, "totalAssets": 909493031, "accountsPayable": 150374303, "otherCurrentLiab": 8412154, "otherLiab": 4352245, "totalCurrentLiabilities": 492011710, "totalLiab": 500728609, "commonStock": 180461670, "retainedEarnings": 71847397, "capitalSurplus": 132195975, "totalStockholderEquity": 384505042, "netTangibleAssets": 208514333}], "maxAge": 86400}, "earningsTrend": {"trend": [{"maxAge": 1, "period": "0q", "endDate": null, "growth": {}, "earningsEstimate": {"avg": 0.0, "low": 0.0, "high": 0.0, "yearAgoEps": {}, "numberOfAnalysts": 0, "growth": {}}, "revenueEstimate": {"avg": 0, "low": 0, "high": 0, "numberOfAnalysts": 0, "yearAgoRevenue": {}, "growth": {}}, "epsTrend": {"current": 0.0, "7daysAgo": 0.0, "30daysAgo": 0.0, "60daysAgo": 0.0, "90daysAgo": 0.0}, "epsRevisions": {"upLast7days": 0, "upLast30days": 0, "downLast30days": 0, "downLast90days": {}}}, {"maxAge": 1, "period": "+1q", "endDate": null, "growth": {}, "earningsEstimate": {"avg": 0.0, "low": 0.0, "high": 0.0, "yearAgoEps": {}, "numberOfAnalysts": 0, "growth": {}}, "revenueEstimate": {"avg": 0, "low": 0, "high": 0, "numberOfAnalysts": 0, "yearAgoRevenue": {}, "growth": {}}, "epsTrend": {"current": 0.0, "7daysAgo": 0.0, "30daysAgo": 0.0, "60daysAgo": 0.0, "90daysAgo": 0.0}, "epsRevisions": {"upLast7days": 0, "upLast30days": 0, "downLast30days": 0, "downLast90days": {}}}, {"maxAge": 1, "period": "0y", "endDate": null, "growth": {}, "earningsEstimate": {"avg": 0.0, "low": 0.0, "high": 0.0, "yearAgoEps": {}, "numberOfAnalysts": 0, "growth": {}}, "revenueEstimate": {"avg": 0, "low": 0, "high": 0, "numberOfAnalysts": 0, "yearAgoRevenue": {}, "growth": {}}, "epsTrend": {"current": 0.0, "7daysAgo": 0.0, "30daysAgo": 0.0, "60daysAgo": 0.0, "90daysAgo": 0.0}, "epsRevisions": {"upLast7days": 0, "upLast30days": 0, "downLast30days": 0, "downLast90days": {}}}, {"maxAge": 1, "period": "+1y", "endDate": null, "growth": {}, "earningsEstimate": {"avg": 0.0, "low": 0.0, "high": 0.0, "yearAgoEps": {}, "numberOfAnalysts": 0, "growth": {}}, "revenueEstimate": {"avg": 0, "low": 0, "high": 0, "numberOfAnalysts": 0, "yearAgoRevenue": {}, "growth": {}}, "epsTrend": {"current": 0.0, "7daysAgo": 0.0, "30daysAgo": 0.0, "60daysAgo": 0.0, "90daysAgo": 0.0}, "epsRevisions": {"upLast7days": 0, "upLast30days": 0, "downLast30days": 0, "downLast90days": {}}}, {"maxAge": 1, "period": "+5y", "endDate": null, "growth": {}, "earningsEstimate": {"avg": {}, "low": {}, "high": {}, "yearAgoEps": {}, "numberOfAnalysts": {}, "growth": {}}, "revenueEstimate": {"avg": {}, "low": {}, "high": {}, "numberOfAnalysts": {}, "yearAgoRevenue": {}, "growth": {}}, "epsTrend": {"current": {}, "7daysAgo": {}, "30daysAgo": {}, "60daysAgo": {}, "90daysAgo": {}}, "epsRevisions": {"upLast7days": {}, "upLast30days": {}, "downLast30days": {}, "downLast90days": {}}}, {"maxAge": 1, "period": "-5y", "endDate": null, "growth": {}, "earningsEstimate": {"avg": {}, "low": {}, "high": {}, "yearAgoEps": {}, "numberOfAnalysts": {}, "growth": {}}, "revenueEstimate": {"avg": {}, "low": {}, "high": {}, "numberOfAnalysts": {}, "yearAgoRevenue": {}, "growth": {}}, "epsTrend": {"current": {}, "7daysAgo": {}, "30daysAgo": {}, "60daysAgo": {}, "90daysAgo": {}}, "epsRevisions": {"upLast7days": {}, "upLast30days": {}, "downLast30days": {}, "downLast90days": {}}}], "maxAge": 1}, "financialData": {"maxAge": 86400, "currentPrice": 26.6, "recommendationKey": "none", "grossProfits": 198401000, "financialCurrency": "INR"}}}