{"BOMBCYC.BO": {"cashflowStatementHistory": {"cashflowStatements": [{"maxAge": 1, "endDate": "2020-03-31", "netIncome": 28066458, "depreciation": 1617901, "changeToNetincome": -6177793, "changeToAccountReceivables": -10824670, "changeToLiabilities": -977838, "changeToInventory": 122387, "changeToOperatingActivities": 4189763, "totalCashFromOperatingActivities": 16069593, "capitalExpenditures": -209849, "investments": -15190095, "otherCashflowsFromInvestingActivities": 1351953, "totalCashflowsFromInvestingActivities": -14047991, "dividendsPaid": -3000000, "totalCashFromFinancingActivities": -3000000, "changeInCash": -978398}, {"maxAge": 1, "endDate": "2019-03-31", "netIncome": 24642429, "depreciation": 1804683, "changeToNetincome": -10572360, "changeToAccountReceivables": 1372617, "changeToLiabilities": -724722, "changeToInventory": 105565, "changeToOperatingActivities": 776567, "totalCashFromOperatingActivities": 17455634, "capitalExpenditures": -4152843, "investments": -11381071, "otherCashflowsFromInvestingActivities": 2852093, "totalCashflowsFromInvestingActivities": -12642303, "dividendsPaid": -1000000, "totalCashFromFinancingActivities": -1000000, "changeInCash": 3813331}, {"maxAge": 1, "endDate": "2018-03-31", "netIncome": 15917658, "depreciation": 1324268, "changeToNetincome": -8539535, "changeToAccountReceivables": 5136066, "changeToLiabilities": 4401767, "changeToInventory": -355788, "changeToOperatingActivities": -274158, "totalCashFromOperatingActivities": 17657079, "capitalExpenditures": -341206, "investments": -19874679, "otherCashflowsFromInvestingActivities": 2142680, "totalCashflowsFromInvestingActivities": -18005414, "dividendsPaid": -800000, "totalCashFromFinancingActivities": -800000, "changeInCash": -1148335}, {"maxAge": 1, "endDate": "2017-03-31", "netIncome": 12237206, "depreciation": 1299058, "changeToNetincome": -8622719, "changeToAccountReceivables": 1033933, "changeToLiabilities": -717321, "changeToInventory": 557947, "changeToOperatingActivities": -1602015, "totalCashFromOperatingActivities": 4196562, "capitalExpenditures": -155767, "investments": -2888897, "otherCashflowsFromInvestingActivities": 1499674, "totalCashflowsFromInvestingActivities": -1496140, "dividendsPaid": -800000, "totalCashFromFinancingActivities": -800000, "changeInCash": 1900422}], "maxAge": 86400}, "institutionOwnership": {"maxAge": 1, "ownershipList": []}, "balanceSheetHistoryQuarterly": {"balanceSheetStatements": [{"maxAge": 1, "endDate": "2020-06-30", "totalStockholderEquity": 193840469, "netTangibleAssets": 193825570}, {"maxAge": 1, "endDate": "2020-03-31", "cash": 6516016, "shortTermInvestments": 77317143, "netReceivables": 20644136, "inventory": 428499, "otherCurrentAssets": 23936642, "totalCurrentAssets": 222480364, "longTermInvestments": 27491884, "propertyPlantEquipment": 4628292, "intangibleAssets": 14899, "otherAssets": 2432699, "deferredLongTermAssetCharges": 121637, "totalAssets": 257048138, "accountsPayable": 18007175, "otherCurrentLiab": 22106185, "otherLiab": 14188225, "totalCurrentLiabilities": 49019444, "totalLiab": 63207669, "commonStock": 4000000, "retainedEarnings": 127493024, "treasuryStock": 62347253, "capitalSurplus": 192, "otherStockholderEquity": 62347253, "totalStockholderEquity": 193840469, "netTangibleAssets": 193825570}, {"maxAge": 1, "endDate": "2019-12-31", "totalStockholderEquity": 180309000, "netTangibleAssets": 180268000}, {"maxAge": 1, "endDate": "2019-09-30", "cash": 2688000, "shortTermInvestments": 175561000, "netReceivables": 10719000, "inventory": 658000, "otherCurrentAssets": 21705000, "totalCurrentAssets": 211331000, "longTermInvestments": 20478000, "propertyPlantEquipment": 5184000, "intangibleAssets": 41000, "otherAssets": 1671000, "deferredLongTermAssetCharges": 458000, "totalAssets": 238705000, "accountsPayable": 19322000, "otherCurrentLiab": 25058000, "otherLiab": 14016000, "totalCurrentLiabilities": 44380000, "totalLiab": 58396000, "commonStock": 4000000, "treasuryStock": 176309000, "otherStockholderEquity": 176309000, "totalStockholderEquity": 180309000, "netTangibleAssets": 180268000}], "maxAge": 86400}, "indexTrend": {"maxAge": 1, "symbol": "SP5", "peRatio": 19.7411, "pegRatio": 1.34172, "estimates": [{"period": "0q", "growth": 0.549}, {"period": "+1q", "growth": 0.431}, {"period": "0y", "growth": 0.305}, {"period": "+1y", "growth": 0.109}, {"period": "+5y", "growth": 0.120859005}, {"period": "-5y"}]}, "insiderTransactions": {"transactions": [{"maxAge": 1, "shares": 3050, "filerUrl": "", "transactionText": "", "filerName": "Walchand Kamdhenu Commercials Pvt Ltd", "filerRelation": "Institution- Corporation", "moneyText": "", "startDate": "2010-05-27", "ownership": "D"}], "maxAge": 1}, "quoteType": {"exchange": "BSE", "quoteType": "EQUITY", "symbol": "BOMBCYC.BO", "underlyingSymbol": "BOMBCYC.BO", "shortName": "BOMBAY CYCLE & MOTOR AGENCY LT", "longName": "Bombay Cycle & Motor Agency Limited", "firstTradeDateEpochUtc": "2000-11-30 09:15:00", "timeZoneFullName": "Asia/Kolkata", "timeZoneShortName": "IST", "uuid": "da5ee6ab-73b9-3fba-b1ef-042a6bf952ac", "messageBoardId": null, "gmtOffSetMilliseconds": 19800000, "maxAge": 1}, "incomeStatementHistory": {"incomeStatementHistory": [{"maxAge": 1, "endDate": "2020-03-31", "totalRevenue": 84861809, "costOfRevenue": 36029987, "grossProfit": 48831822, "researchDevelopment": {}, "sellingGeneralAdministrative": 1500718, "nonRecurring": {}, "otherOperatingExpenses": 22265790, "totalOperatingExpenses": 61467308, "operatingIncome": 23394501, "totalOtherIncomeExpenseNet": 13605626, "ebit": 23394501, "interestExpense": {}, "incomeBeforeTax": 37000127, "incomeTaxExpense": 8933669, "minorityInterest": {}, "netIncomeFromContinuingOps": 28066458, "discontinuedOperations": {}, "extraordinaryItems": {}, "effectOfAccountingCharges": {}, "otherItems": {}, "netIncome": 28066458, "netIncomeApplicableToCommonShares": 28066458}, {"maxAge": 1, "endDate": "2019-03-31", "totalRevenue": 82853482, "costOfRevenue": 39165476, "grossProfit": 43688006, "researchDevelopment": {}, "sellingGeneralAdministrative": 1572444, "nonRecurring": {}, "otherOperatingExpenses": 21337247, "totalOperatingExpenses": 63930232, "operatingIncome": 18923250, "totalOtherIncomeExpenseNet": 10297687, "ebit": 18923250, "interestExpense": {}, "incomeBeforeTax": 29220937, "incomeTaxExpense": 4578508, "minorityInterest": {}, "netIncomeFromContinuingOps": 24642429, "discontinuedOperations": {}, "extraordinaryItems": {}, "effectOfAccountingCharges": {}, "otherItems": {}, "netIncome": 24642429, "netIncomeApplicableToCommonShares": 24642429}, {"maxAge": 1, "endDate": "2018-03-31", "totalRevenue": 68154327, "costOfRevenue": 34796145, "grossProfit": 33358182, "researchDevelopment": {}, "sellingGeneralAdministrative": 1462855, "nonRecurring": {}, "otherOperatingExpenses": 17725769, "totalOperatingExpenses": 55380800, "operatingIncome": 12773527, "totalOtherIncomeExpenseNet": 8515197, "ebit": 12773527, "interestExpense": {}, "incomeBeforeTax": 21288724, "incomeTaxExpense": 5371066, "minorityInterest": {}, "netIncomeFromContinuingOps": 15917658, "discontinuedOperations": {}, "extraordinaryItems": {}, "effectOfAccountingCharges": {}, "otherItems": {}, "netIncome": 15917658, "netIncomeApplicableToCommonShares": 15917658}, {"maxAge": 1, "endDate": "2017-03-31", "totalRevenue": 60307627, "costOfRevenue": 31220244, "grossProfit": 29087383, "researchDevelopment": {}, "sellingGeneralAdministrative": 1380796, "nonRecurring": {}, "otherOperatingExpenses": 17497628, "totalOperatingExpenses": 51445879, "operatingIncome": 8861748, "totalOtherIncomeExpenseNet": 9107227, "ebit": 8861748, "interestExpense": {}, "incomeBeforeTax": 17968975, "incomeTaxExpense": 5731769, "minorityInterest": {}, "netIncomeFromContinuingOps": 12237206, "discontinuedOperations": {}, "extraordinaryItems": {}, "effectOfAccountingCharges": {}, "otherItems": {}, "netIncome": 12237206, "netIncomeApplicableToCommonShares": 12237206}], "maxAge": 86400}, "fundOwnership": {"maxAge": 1, "ownershipList": []}, "summaryDetail": {"maxAge": 1, "priceHint": 2, "previousClose": 490.8, "open": 504.45, "dayLow": 480.85, "dayHigh": 505.0, "regularMarketPreviousClose": 490.8, "regularMarketOpen": 504.45, "regularMarketDayLow": 480.85, "regularMarketDayHigh": 505.0, "trailingPE": 7.662118, "volume": 225, "regularMarketVolume": 225, "averageVolume": 448, "averageVolume10days": 853, "averageDailyVolume10Day": 853, "bid": 484.05, "ask": 492.0, "bidSize": 0, "askSize": 0, "marketCap": 197180000, "fiftyTwoWeekLow": 422.05, "fiftyTwoWeekHigh": 787.0, "fiftyDayAverage": 503.4757, "twoHundredDayAverage": 608.0821, "trailingAnnualDividendRate": 5.0, "trailingAnnualDividendYield": 0.010187449, "currency": "INR", "fromCurrency": null, "toCurrency": null, "lastMarket": null, "algorithm": null, "tradeable": false}, "incomeStatementHistoryQuarterly": {"incomeStatementHistory": [{"maxAge": 1, "endDate": "2020-06-30", "totalRevenue": 4800000, "costOfRevenue": 1396000, "grossProfit": 3404000, "researchDevelopment": {}, "sellingGeneralAdministrative": {}, "nonRecurring": {}, "otherOperatingExpenses": 2088000, "totalOperatingExpenses": 3744000, "operatingIncome": 1056000, "totalOtherIncomeExpenseNet": 4060000, "ebit": 1056000, "interestExpense": {}, "incomeBeforeTax": 5116000, "incomeTaxExpense": 484000, "minorityInterest": {}, "netIncomeFromContinuingOps": 4632000, "discontinuedOperations": {}, "extraordinaryItems": {}, "effectOfAccountingCharges": {}, "otherItems": {}, "netIncome": 4632000, "netIncomeApplicableToCommonShares": 4632000}, {"maxAge": 1, "endDate": "2020-03-31", "totalRevenue": 19536809, "costOfRevenue": 10466987, "grossProfit": 9069822, "researchDevelopment": {}, "sellingGeneralAdministrative": 1500718, "nonRecurring": {}, "otherOperatingExpenses": 2384790, "totalOperatingExpenses": 14467308, "operatingIncome": 5069501, "totalOtherIncomeExpenseNet": 3202626, "ebit": 5069501, "interestExpense": {}, "incomeBeforeTax": 8272127, "incomeTaxExpense": 2033669, "minorityInterest": {}, "netIncomeFromContinuingOps": 6238458, "discontinuedOperations": {}, "extraordinaryItems": {}, "effectOfAccountingCharges": {}, "otherItems": {}, "netIncome": 6238458, "netIncomeApplicableToCommonShares": 6238458}, {"maxAge": 1, "endDate": "2019-12-31", "totalRevenue": 22479000, "costOfRevenue": 8989000, "grossProfit": 13490000, "researchDevelopment": {}, "sellingGeneralAdministrative": 1500718, "nonRecurring": {}, "otherOperatingExpenses": 6686000, "totalOperatingExpenses": 16203000, "operatingIncome": 6276000, "totalOtherIncomeExpenseNet": 3354000, "ebit": 6276000, "interestExpense": {}, "incomeBeforeTax": 9630000, "incomeTaxExpense": 2348000, "minorityInterest": {}, "netIncomeFromContinuingOps": 7282000, "discontinuedOperations": {}, "extraordinaryItems": {}, "effectOfAccountingCharges": {}, "otherItems": {}, "netIncome": 7282000, "netIncomeApplicableToCommonShares": 7282000}, {"maxAge": 1, "endDate": "2019-09-30", "totalRevenue": 21599000, "costOfRevenue": 8093000, "grossProfit": 13506000, "researchDevelopment": {}, "sellingGeneralAdministrative": 1500718, "nonRecurring": {}, "otherOperatingExpenses": 6891000, "totalOperatingExpenses": 15490000, "operatingIncome": 6109000, "totalOtherIncomeExpenseNet": 3626000, "ebit": 6109000, "interestExpense": {}, "incomeBeforeTax": 9735000, "incomeTaxExpense": 2151000, "minorityInterest": {}, "netIncomeFromContinuingOps": 7584000, "discontinuedOperations": {}, "extraordinaryItems": {}, "effectOfAccountingCharges": {}, "otherItems": {}, "netIncome": 7584000, "netIncomeApplicableToCommonShares": 7584000}], "maxAge": 86400}, "cashflowStatementHistoryQuarterly": {"cashflowStatements": [{"maxAge": 1, "endDate": "2020-06-30", "netIncome": 4632000, "changeToLiabilities": 0}, {"maxAge": 1, "endDate": "2020-03-31", "netIncome": 6238458, "changeToLiabilities": 0}, {"maxAge": 1, "endDate": "2019-12-31", "netIncome": 7282000, "changeToLiabilities": 0}, {"maxAge": 1, "endDate": "2019-09-30", "netIncome": 7584000, "changeToLiabilities": 0}], "maxAge": 86400}, "insiderHolders": {"holders": [{"maxAge": 1, "name": "Walchand Kamdhenu Commercials Pvt Ltd", "relation": "Institution- Corporation", "url": "", "transactionDescription": "Acquisition", "latestTransDate": "2010-05-27", "positionDirect": 47522, "positionDirectDate": "2010-05-27"}], "maxAge": 1}, "calendarEvents": {"maxAge": 1, "earnings": {"earningsDate": ["2020-08-12 05:30:S"]}}, "price": {"maxAge": 1, "regularMarketChangePercent": 0.004380653, "regularMarketChange": 2.1500244, "regularMarketTime": "2021-04-30 15:14:07", "priceHint": 2, "regularMarketPrice": 492.95, "regularMarketDayHigh": 505.0, "regularMarketDayLow": 480.85, "regularMarketVolume": 225, "averageDailyVolume10Day": 853, "averageDailyVolume3Month": 448, "regularMarketPreviousClose": 490.8, "regularMarketSource": "FREE_REALTIME", "regularMarketOpen": 504.45, "exchange": "BSE", "exchangeName": "BSE", "exchangeDataDelayedBy": 0, "marketState": "CLOSED", "quoteType": "EQUITY", "symbol": "BOMBCYC.BO", "underlyingSymbol": null, "shortName": "BOMBAY CYCLE & MOTOR AGENCY LT", "longName": "Bombay Cycle & Motor Agency Limited", "currency": "INR", "quoteSourceName": "Delayed Quote", "currencySymbol": "\u20b9", "fromCurrency": null, "toCurrency": null, "lastMarket": null, "marketCap": 197180000}, "balanceSheetHistory": {"balanceSheetStatements": [{"maxAge": 1, "endDate": "2020-03-31", "cash": 6516016, "shortTermInvestments": 77317143, "netReceivables": 20644136, "inventory": 428499, "otherCurrentAssets": 23936642, "totalCurrentAssets": 222480364, "longTermInvestments": 27491884, "propertyPlantEquipment": 4628292, "intangibleAssets": 14899, "otherAssets": 2432699, "deferredLongTermAssetCharges": 121637, "totalAssets": 257048138, "accountsPayable": 18007175, "otherCurrentLiab": 22106185, "otherLiab": 14188225, "totalCurrentLiabilities": 49019444, "totalLiab": 63207669, "commonStock": 4000000, "retainedEarnings": 127493024, "treasuryStock": 62347253, "capitalSurplus": 192, "otherStockholderEquity": 62347253, "totalStockholderEquity": 193840469, "netTangibleAssets": 193825570}, {"maxAge": 1, "endDate": "2019-03-31", "cash": 7494414, "shortTermInvestments": 77622503, "netReceivables": 12380669, "inventory": 562191, "otherCurrentAssets": 15826880, "totalCurrentAssets": 195293443, "longTermInvestments": 19089779, "propertyPlantEquipment": 6025514, "intangibleAssets": 67811, "otherAssets": 2856646, "deferredLongTermAssetCharges": 831626, "totalAssets": 223333193, "accountsPayable": 19006651, "otherCurrentLiab": 14927870, "otherLiab": 13975967, "totalCurrentLiabilities": 39989420, "totalLiab": 53965387, "commonStock": 2000000, "retainedEarnings": 105043225, "treasuryStock": 62324389, "capitalSurplus": 192, "otherStockholderEquity": 62324389, "totalStockholderEquity": 169367806, "netTangibleAssets": 169299995}, {"maxAge": 1, "endDate": "2018-03-31", "cash": 3681083, "shortTermInvestments": 61548088, "netReceivables": 8616183, "inventory": 684713, "otherCurrentAssets": 50605629, "totalCurrentAssets": 192542395, "longTermInvestments": 35483173, "propertyPlantEquipment": 3747882, "intangibleAssets": 100990, "otherAssets": 3741131, "deferredLongTermAssetCharges": 632400, "totalAssets": 235615571, "accountsPayable": 19816899, "otherCurrentLiab": 51027879, "otherLiab": 13717020, "totalCurrentLiabilities": 75990950, "totalLiab": 89707970, "commonStock": 2000000, "retainedEarnings": 81606349, "treasuryStock": 62301060, "capitalSurplus": 192, "otherStockholderEquity": 62301060, "totalStockholderEquity": 145907601, "netTangibleAssets": 145806611}, {"maxAge": 1, "endDate": "2017-03-31", "cash": 4829418, "shortTermInvestments": 85582792, "netReceivables": 16921814, "inventory": 328925, "otherCurrentAssets": 42789542, "totalCurrentAssets": 196918717, "longTermInvestments": 5568256, "propertyPlantEquipment": 5015434, "intangibleAssets": 5834, "otherAssets": 1925511, "deferredLongTermAssetCharges": 468283, "totalAssets": 209433752, "accountsPayable": 15404879, "otherCurrentLiab": 44047662, "otherLiab": 13511346, "totalCurrentLiabilities": 65250682, "totalLiab": 78762028, "commonStock": 2000000, "retainedEarnings": 66759888, "treasuryStock": 61911644, "capitalSurplus": 192, "otherStockholderEquity": 61911644, "totalStockholderEquity": 130671724, "netTangibleAssets": 130665890}], "maxAge": 86400}, "financialData": {"maxAge": 86400, "currentPrice": 492.95, "recommendationKey": "none", "grossProfits": 48831822, "financialCurrency": "INR"}}}