{"BOMDYEING.BO": {"recommendationTrend": {"trend": [{"period": "0m", "strongBuy": 0, "buy": 0, "hold": 0, "sell": 0, "strongSell": 0}, {"period": "-1m", "strongBuy": 0, "buy": 0, "hold": 0, "sell": 0, "strongSell": 0}, {"period": "-2m", "strongBuy": 0, "buy": 0, "hold": 0, "sell": 0, "strongSell": 0}, {"period": "-3m", "strongBuy": 0, "buy": 0, "hold": 0, "sell": 0, "strongSell": 0}], "maxAge": 86400}, "cashflowStatementHistory": {"cashflowStatements": [{"maxAge": 1, "endDate": "2020-03-31", "netIncome": 3278300000, "depreciation": 329700000, "changeToNetincome": -6200000, "changeToAccountReceivables": 3655500000, "changeToLiabilities": -2186000000, "changeToInventory": -2232500000, "changeToOperatingActivities": -1849000000, "totalCashFromOperatingActivities": 991000000, "capitalExpenditures": -113100000, "investments": 2752900000, "otherCashflowsFromInvestingActivities": 65800000, "totalCashflowsFromInvestingActivities": 2706400000, "dividendsPaid": -309800000, "netBorrowings": 1733800000, "otherCashflowsFromFinancingActivities": -5401900000, "totalCashFromFinancingActivities": -3977900000, "changeInCash": -280500000}, {"maxAge": 1, "endDate": "2019-03-31", "netIncome": 12417200000, "depreciation": 296800000, "changeToNetincome": 4884600000, "changeToAccountReceivables": -8778500000, "changeToLiabilities": 1762600000, "changeToInventory": -5970900000, "changeToOperatingActivities": -12354300000, "totalCashFromOperatingActivities": -7741200000, "capitalExpenditures": -201000000, "investments": 112900000, "otherCashflowsFromInvestingActivities": 786600000, "totalCashflowsFromInvestingActivities": 1901700000, "dividendsPaid": -206600000, "netBorrowings": 11122800000, "otherCashflowsFromFinancingActivities": -4915700000, "totalCashFromFinancingActivities": 6000500000, "changeInCash": 161100000}, {"maxAge": 1, "endDate": "2018-03-31", "netIncome": 351800000, "depreciation": 296100000, "changeToNetincome": 4891300000, "changeToAccountReceivables": -774900000, "changeToLiabilities": -145300000, "changeToInventory": 118200000, "changeToOperatingActivities": -9348600000, "totalCashFromOperatingActivities": -4514100000, "capitalExpenditures": -129200000, "investments": 913000000, "otherCashflowsFromInvestingActivities": 2729900000, "totalCashflowsFromInvestingActivities": 5586300000, "dividendsPaid": -144600000, "netBorrowings": 1857700000, "otherCashflowsFromFinancingActivities": -3252200000, "totalCashFromFinancingActivities": -1539100000, "changeInCash": -466900000}, {"maxAge": 1, "endDate": "2017-03-31", "netIncome": -1265200000, "depreciation": 308000000, "changeToNetincome": 3995900000, "changeToAccountReceivables": 900900000, "changeToLiabilities": 475700000, "changeToInventory": -972700000, "changeToOperatingActivities": -1760800000, "totalCashFromOperatingActivities": 1690400000, "capitalExpenditures": -159500000, "investments": 3428100000, "otherCashflowsFromInvestingActivities": -2119200000, "totalCashflowsFromInvestingActivities": 1205000000, "dividendsPaid": -103300000, "netBorrowings": 1854400000, "otherCashflowsFromFinancingActivities": -4289900000, "totalCashFromFinancingActivities": -2538800000, "changeInCash": 356600000}], "maxAge": 86400}, "institutionOwnership": {"maxAge": 1, "ownershipList": []}, "balanceSheetHistoryQuarterly": {"balanceSheetStatements": [{"maxAge": 1, "endDate": "2020-06-30", "totalStockholderEquity": 869300000, "netTangibleAssets": 862700000}, {"maxAge": 1, "endDate": "2020-03-31", "cash": 28000000, "shortTermInvestments": 72400000, "netReceivables": 7326300000, "inventory": 24237700000, "otherCurrentAssets": 1354500000, "totalCurrentAssets": 33196500000, "longTermInvestments": 3771400000, "propertyPlantEquipment": 5177700000, "intangibleAssets": 6600000, "otherAssets": 5966400000, "deferredLongTermAssetCharges": 5321000000, "totalAssets": 48118600000, "accountsPayable": 3086800000, "shortLongTermDebt": 267800000, "otherCurrentLiab": 1333100000, "longTermDebt": 33365900000, "otherLiab": 211800000, "minorityInterest": -265500000, "totalCurrentLiabilities": 13908600000, "totalLiab": 47514800000, "commonStock": 413100000, "retainedEarnings": -4894800000, "treasuryStock": 4015300000, "capitalSurplus": 1335700000, "otherStockholderEquity": 4015300000, "totalStockholderEquity": 869300000, "netTangibleAssets": 862700000}, {"maxAge": 1, "endDate": "2019-12-31", "totalStockholderEquity": 983900000, "netTangibleAssets": 977000000}, {"maxAge": 1, "endDate": "2019-09-30", "cash": 348600000, "shortTermInvestments": 7700000, "netReceivables": 8722100000, "inventory": 25101100000, "otherCurrentAssets": 1535400000, "totalCurrentAssets": 35714900000, "longTermInvestments": 7315200000, "propertyPlantEquipment": 5276400000, "intangibleAssets": 6900000, "otherAssets": 580300000, "totalAssets": 48893700000, "accountsPayable": 4140600000, "otherCurrentLiab": 3217600000, "longTermDebt": 33493600000, "otherLiab": 348100000, "minorityInterest": -265400000, "totalCurrentLiabilities": 14293700000, "totalLiab": 48175200000, "commonStock": 413100000, "treasuryStock": 570800000, "otherStockholderEquity": 570800000, "totalStockholderEquity": 983900000, "netTangibleAssets": 977000000}], "maxAge": 86400}, "earningsHistory": {"history": [{"maxAge": 1, "epsActual": {}, "epsEstimate": {}, "epsDifference": {}, "surprisePercent": {}, "quarter": {}, "period": "-4q"}, {"maxAge": 1, "epsActual": {}, "epsEstimate": {}, "epsDifference": {}, "surprisePercent": {}, "quarter": {}, "period": "-3q"}, {"maxAge": 1, "epsActual": {}, "epsEstimate": {}, "epsDifference": {}, "surprisePercent": {}, "quarter": {}, "period": "-2q"}, {"maxAge": 1, "epsActual": {}, "epsEstimate": {}, "epsDifference": {}, "surprisePercent": {}, "quarter": {}, "period": "-1q"}], "maxAge": 86400}, "indexTrend": {"maxAge": 1, "symbol": "SP5", "peRatio": 19.7411, "pegRatio": 1.34172, "estimates": [{"period": "0q", "growth": 0.549}, {"period": "+1q", "growth": 0.431}, {"period": "0y", "growth": 0.305}, {"period": "+1y", "growth": 0.109}, {"period": "+5y", "growth": 0.120865}, {"period": "-5y"}]}, "industryTrend": {"maxAge": 1, "symbol": null, "estimates": []}, "insiderTransactions": {"transactions": [{"maxAge": 1, "shares": 28800, "value": 27239, "filerUrl": "", "transactionText": "Acquisition at price 0.95 per share.", "filerName": "Heera Holding & Leasing Pvt. Ltd.", "filerRelation": "Promoter", "moneyText": "", "startDate": "2020-08-31", "ownership": "D"}, {"maxAge": 1, "shares": 28800, "value": 27244, "filerUrl": "", "transactionText": "Sale at price 0.95 per share.", "filerName": "Jer Mavis Settlement No II", "filerRelation": "Promoter", "moneyText": "", "startDate": "2020-08-31", "ownership": "D"}, {"maxAge": 1, "shares": 3000000, "value": 2879700, "filerUrl": "", "transactionText": "Other at price 0.96 per share.", "filerName": "Bombay Burmah Trading Corporation Ltd", "filerRelation": "Promoter", "moneyText": "", "startDate": "2020-08-24", "ownership": "D"}, {"maxAge": 1, "shares": 7359611, "value": 7064490, "filerUrl": "", "transactionText": "Other at price 0.96 per share.", "filerName": "Nowrosjee Wadia & Sons, Ltd.", "filerRelation": "Promoter", "moneyText": "", "startDate": "2020-08-24", "ownership": "D"}, {"maxAge": 1, "shares": 1536450, "filerUrl": "", "transactionText": "", "filerName": "Heera Holding & Leasing Pvt. Ltd.", "filerRelation": "Promoter", "moneyText": "", "startDate": "2020-06-25", "ownership": "D"}, {"maxAge": 1, "shares": 41000, "filerUrl": "", "transactionText": "", "filerName": "Jer Mavis Settlement No II", "filerRelation": "Promoter", "moneyText": "", "startDate": "2020-06-25", "ownership": "D"}, {"maxAge": 1, "shares": 37000, "filerUrl": "", "transactionText": "", "filerName": "Jer Mavis Settlement No II", "filerRelation": "Promoter", "moneyText": "", "startDate": "2020-03-06", "ownership": "D"}, {"maxAge": 1, "shares": 364760, "filerUrl": "", "transactionText": "", "filerName": "Macrofil Investments, Ltd.", "filerRelation": "Promoter", "moneyText": "", "startDate": "2020-03-06", "ownership": "D"}, {"maxAge": 1, "shares": 54000, "filerUrl": "", "transactionText": "", "filerName": "Jer Mavis Settlement No II", "filerRelation": "Promoter", "moneyText": "", "startDate": "2019-09-18", "ownership": "D"}, {"maxAge": 1, "shares": 419750, "filerUrl": "", "transactionText": "", "filerName": "Nowrosjee Wadia & Sons, Ltd.", "filerRelation": "Promoter", "moneyText": "", "startDate": "2019-08-14", "ownership": "D"}, {"maxAge": 1, "shares": 419750, "filerUrl": "", "transactionText": "", "filerName": "Wadia Investments Ltd", "filerRelation": "Promoter", "moneyText": "", "startDate": "2019-08-14", "ownership": "D"}, {"maxAge": 1, "shares": 9660, "filerUrl": "", "transactionText": "", "filerName": "Jagirdar (Suresh M J)", "filerRelation": "UNREPORTED", "moneyText": "", "startDate": "2018-10-22", "ownership": "D"}], "maxAge": 1}, "quoteType": {"exchange": "BSE", "quoteType": "EQUITY", "symbol": "BOMDYEING.BO", "underlyingSymbol": "BOMDYEING.BO", "shortName": "BOMBAY DYEING & MFG.CO.LTD.", "longName": "The Bombay Dyeing and Manufacturing Company Limited", "firstTradeDateEpochUtc": "1991-01-02 09:15:00", "timeZoneFullName": "Asia/Kolkata", "timeZoneShortName": "IST", "uuid": "9974a4e5-9b3c-383d-9841-0b4066cbab82", "messageBoardId": null, "gmtOffSetMilliseconds": 19800000, "maxAge": 1}, "incomeStatementHistory": {"incomeStatementHistory": [{"maxAge": 1, "endDate": "2020-03-31", "totalRevenue": 18946200000, "costOfRevenue": 10287400000, "grossProfit": 8658800000, "researchDevelopment": {}, "sellingGeneralAdministrative": 1193200000, "nonRecurring": {}, "otherOperatingExpenses": 3878100000, "totalOperatingExpenses": 15689800000, "operatingIncome": 3256400000, "totalOtherIncomeExpenseNet": -5337300000, "ebit": 3256400000, "interestExpense": -5277500000, "incomeBeforeTax": -2080900000, "incomeTaxExpense": -5369400000, "minorityInterest": -265500000, "netIncomeFromContinuingOps": 3288500000, "discontinuedOperations": -10400000, "extraordinaryItems": {}, "effectOfAccountingCharges": {}, "otherItems": {}, "netIncome": 3278300000, "netIncomeApplicableToCommonShares": 3278300000}, {"maxAge": 1, "endDate": "2019-03-31", "totalRevenue": 44297600000, "costOfRevenue": 19060800000, "grossProfit": 25236800000, "researchDevelopment": {}, "sellingGeneralAdministrative": 1257100000, "nonRecurring": {}, "otherOperatingExpenses": 6168900000, "totalOperatingExpenses": 26784600000, "operatingIncome": 17513000000, "totalOtherIncomeExpenseNet": -5154000000, "ebit": 17513000000, "interestExpense": -4403400000, "incomeBeforeTax": 12359000000, "incomeTaxExpense": 57900000, "minorityInterest": -265300000, "netIncomeFromContinuingOps": 12301100000, "discontinuedOperations": -19000000, "extraordinaryItems": {}, "effectOfAccountingCharges": {}, "otherItems": {}, "netIncome": 12417200000, "netIncomeApplicableToCommonShares": 12417200000}, {"maxAge": 1, "endDate": "2018-03-31", "totalRevenue": 26623200000, "costOfRevenue": 11553500000, "grossProfit": 15069700000, "researchDevelopment": {}, "sellingGeneralAdministrative": 1188000000, "nonRecurring": {}, "otherOperatingExpenses": 8027300000, "totalOperatingExpenses": 21067500000, "operatingIncome": 5555700000, "totalOtherIncomeExpenseNet": -5176100000, "ebit": 5555700000, "interestExpense": -3493400000, "incomeBeforeTax": 379600000, "incomeTaxExpense": 27800000, "minorityInterest": -265300000, "netIncomeFromContinuingOps": 351800000, "discontinuedOperations": -19000000, "extraordinaryItems": {}, "effectOfAccountingCharges": {}, "otherItems": {}, "netIncome": 351800000, "netIncomeApplicableToCommonShares": 351800000}, {"maxAge": 1, "endDate": "2017-03-31", "totalRevenue": 19237100000, "costOfRevenue": 10412600000, "grossProfit": 8824500000, "researchDevelopment": {}, "sellingGeneralAdministrative": 1343900000, "nonRecurring": {}, "otherOperatingExpenses": 4353500000, "totalOperatingExpenses": 16426500000, "operatingIncome": 2810600000, "totalOtherIncomeExpenseNet": -3780100000, "ebit": 2810600000, "interestExpense": -3330900000, "incomeBeforeTax": -969500000, "incomeTaxExpense": 295700000, "minorityInterest": -265300000, "netIncomeFromContinuingOps": -1265200000, "discontinuedOperations": -19000000, "extraordinaryItems": {}, "effectOfAccountingCharges": {}, "otherItems": {}, "netIncome": -1265200000, "netIncomeApplicableToCommonShares": -1265200000}], "maxAge": 86400}, "fundOwnership": {"maxAge": 1, "ownershipList": []}, "summaryDetail": {"maxAge": 1, "priceHint": 2, "previousClose": 67.3, "open": 67.0, "dayLow": 66.0, "dayHigh": 68.1, "regularMarketPreviousClose": 67.3, "regularMarketOpen": 67.0, "regularMarketDayLow": 66.0, "regularMarketDayHigh": 68.1, "trailingPE": 8.002901, "volume": 183722, "regularMarketVolume": 183722, "averageVolume": 496353, "averageVolume10days": 404341, "averageDailyVolume10Day": 404341, "bid": 66.0, "ask": 0.0, "bidSize": 0, "askSize": 0, "marketCap": 13672616960, "fiftyTwoWeekLow": 36.2, "fiftyTwoWeekHigh": 85.3, "fiftyDayAverage": 76.28571, "twoHundredDayAverage": 70.30255, "trailingAnnualDividendRate": 0.2, "trailingAnnualDividendYield": 0.0029717681, "currency": "INR", "fromCurrency": null, "toCurrency": null, "lastMarket": null, "algorithm": null, "tradeable": false}, "sectorTrend": {"maxAge": 1, "symbol": null, "estimates": []}, "incomeStatementHistoryQuarterly": {"incomeStatementHistory": [{"maxAge": 1, "endDate": "2020-06-30", "totalRevenue": 911700000, "costOfRevenue": 754100000, "grossProfit": 157600000, "researchDevelopment": {}, "sellingGeneralAdministrative": 112100000, "nonRecurring": {}, "otherOperatingExpenses": 268500000, "totalOperatingExpenses": 1218000000, "operatingIncome": -306300000, "totalOtherIncomeExpenseNet": -1375900000, "ebit": -306300000, "interestExpense": -1425100000, "incomeBeforeTax": -1682200000, "incomeTaxExpense": -390900000, "minorityInterest": {}, "netIncomeFromContinuingOps": -1291300000, "discontinuedOperations": -1200000, "extraordinaryItems": {}, "effectOfAccountingCharges": {}, "otherItems": {}, "netIncome": -1292500000, "netIncomeApplicableToCommonShares": -1292500000}, {"maxAge": 1, "endDate": "2020-03-31", "totalRevenue": 3131000000, "costOfRevenue": 2058100000, "grossProfit": 1072900000, "researchDevelopment": {}, "sellingGeneralAdministrative": 509200000, "nonRecurring": {}, "otherOperatingExpenses": 544500000, "totalOperatingExpenses": 3197500000, "operatingIncome": -66500000, "totalOtherIncomeExpenseNet": -1647300000, "ebit": -66500000, "interestExpense": -1127800000, "incomeBeforeTax": -1713800000, "incomeTaxExpense": -2200100000, "minorityInterest": -265500000, "netIncomeFromContinuingOps": 486300000, "discontinuedOperations": -600000, "extraordinaryItems": {}, "effectOfAccountingCharges": {}, "otherItems": {}, "netIncome": 485600000, "netIncomeApplicableToCommonShares": 485600000}, {"maxAge": 1, "endDate": "2019-12-31", "totalRevenue": 3777000000, "costOfRevenue": 2913100000, "grossProfit": 863900000, "researchDevelopment": {}, "sellingGeneralAdministrative": 209600000, "nonRecurring": {}, "otherOperatingExpenses": 681400000, "totalOperatingExpenses": 3886800000, "operatingIncome": -109800000, "totalOtherIncomeExpenseNet": -1271300000, "ebit": -109800000, "interestExpense": -1390900000, "incomeBeforeTax": -1381100000, "incomeTaxExpense": -3010900000, "minorityInterest": -265500000, "netIncomeFromContinuingOps": 1629800000, "discontinuedOperations": -5800000, "extraordinaryItems": {}, "effectOfAccountingCharges": {}, "otherItems": {}, "netIncome": 1624200000, "netIncomeApplicableToCommonShares": 1624200000}, {"maxAge": 1, "endDate": "2019-09-30", "totalRevenue": 5552500000, "costOfRevenue": 1955900000, "grossProfit": 3596600000, "researchDevelopment": {}, "sellingGeneralAdministrative": 251300000, "nonRecurring": {}, "otherOperatingExpenses": 1064900000, "totalOperatingExpenses": 3354000000, "operatingIncome": 2198500000, "totalOtherIncomeExpenseNet": -1303000000, "ebit": 2198500000, "interestExpense": -1383500000, "incomeBeforeTax": 895500000, "incomeTaxExpense": 0, "minorityInterest": -265400000, "netIncomeFromContinuingOps": 895500000, "discontinuedOperations": -3600000, "extraordinaryItems": {}, "effectOfAccountingCharges": {}, "otherItems": {}, "netIncome": 892000000, "netIncomeApplicableToCommonShares": 892000000}], "maxAge": 86400}, "cashflowStatementHistoryQuarterly": {"cashflowStatements": [{"maxAge": 1, "endDate": "2020-06-30", "netIncome": -1292500000, "changeToLiabilities": 0}, {"maxAge": 1, "endDate": "2020-03-31", "netIncome": 485600000, "changeToLiabilities": 0}, {"maxAge": 1, "endDate": "2019-12-31", "netIncome": 1624200000, "changeToLiabilities": 0}, {"maxAge": 1, "endDate": "2019-09-30", "netIncome": 892000000, "changeToLiabilities": 0}], "maxAge": 86400}, "insiderHolders": {"holders": [{"maxAge": 1, "name": "Bombay Burmah Trading Corporation Ltd", "relation": "Promoter", "url": "", "transactionDescription": "Other", "latestTransDate": "2020-08-24", "positionDirect": 34550713, "positionDirectDate": "2020-08-24"}, {"maxAge": 1, "name": "Heera Holding & Leasing Pvt. Ltd.", "relation": "Promoter", "url": "", "transactionDescription": "Acquisition", "latestTransDate": "2020-08-31", "positionDirect": 1717353, "positionDirectDate": "2020-08-31"}, {"maxAge": 1, "name": "Jagirdar (Suresh M J)", "relation": "UNREPORTED", "url": "", "transactionDescription": "Acquisition", "latestTransDate": "2018-10-22", "positionDirect": 9660, "positionDirectDate": "2018-10-22"}, {"maxAge": 1, "name": "Jer Mavis Settlement No II", "relation": "Promoter", "url": "", "transactionDescription": "Sale", "latestTransDate": "2020-08-31", "positionDirect": 1288950, "positionDirectDate": "2020-08-31"}, {"maxAge": 1, "name": "Macrofil Investments, Ltd.", "relation": "Promoter", "url": "", "transactionDescription": "Acquisition", "latestTransDate": "2020-03-06", "positionDirect": 446700, "positionDirectDate": "2020-03-06"}, {"maxAge": 1, "name": "Nowrosjee Wadia & Sons, Ltd.", "relation": "Promoter", "url": "", "transactionDescription": "Other", "latestTransDate": "2020-08-24", "positionDirect": 425432, "positionDirectDate": "2020-08-24"}, {"maxAge": 1, "name": "Wadia Investments Ltd", "relation": "Promoter", "url": "", "transactionDescription": "Other", "latestTransDate": "2019-08-14", "positionDirect": 0, "positionDirectDate": "2019-08-14"}], "maxAge": 1}, "earnings": {"maxAge": 86400, "earningsChart": {"quarterly": [], "earningsDate": []}, "financialsChart": {"yearly": [{"date": 2017, "revenue": 19237100000, "earnings": -1265200000}, {"date": 2018, "revenue": 26623200000, "earnings": 351800000}, {"date": 2019, "revenue": 44297600000, "earnings": 12417200000}, {"date": 2020, "revenue": 18946200000, "earnings": 3278300000}], "quarterly": [{"date": "3Q2019", "revenue": 5552500000, "earnings": 892000000}, {"date": "4Q2019", "revenue": 3777000000, "earnings": 1624200000}, {"date": "1Q2020", "revenue": 3131000000, "earnings": 485600000}, {"date": "2Q2020", "revenue": 911700000, "earnings": -1292500000}]}, "financialCurrency": "INR"}, "calendarEvents": {"maxAge": 1, "earnings": {"earningsDate": []}}, "price": {"maxAge": 1, "regularMarketChangePercent": -0.016344815, "regularMarketChange": -1.1000061, "regularMarketTime": "2021-04-30 15:47:37", "priceHint": 2, "regularMarketPrice": 66.2, "regularMarketDayHigh": 68.1, "regularMarketDayLow": 66.0, "regularMarketVolume": 183722, "averageDailyVolume10Day": 404341, "averageDailyVolume3Month": 496353, "regularMarketPreviousClose": 67.3, "regularMarketSource": "FREE_REALTIME", "regularMarketOpen": 67.0, "exchange": "BSE", "exchangeName": "BSE", "exchangeDataDelayedBy": 0, "marketState": "CLOSED", "quoteType": "EQUITY", "symbol": "BOMDYEING.BO", "underlyingSymbol": null, "shortName": "BOMBAY DYEING & MFG.CO.LTD.", "longName": "The Bombay Dyeing and Manufacturing Company Limited", "currency": "INR", "quoteSourceName": "Delayed Quote", "currencySymbol": "\u20b9", "fromCurrency": null, "toCurrency": null, "lastMarket": null, "marketCap": 13672616960}, "balanceSheetHistory": {"balanceSheetStatements": [{"maxAge": 1, "endDate": "2020-03-31", "cash": 28000000, "shortTermInvestments": 72400000, "netReceivables": 7326300000, "inventory": 24237700000, "otherCurrentAssets": 1354500000, "totalCurrentAssets": 33196500000, "longTermInvestments": 3771400000, "propertyPlantEquipment": 5177700000, "intangibleAssets": 6600000, "otherAssets": 5966400000, "deferredLongTermAssetCharges": 5321000000, "totalAssets": 48118600000, "accountsPayable": 3086800000, "shortLongTermDebt": 267800000, "otherCurrentLiab": 1333100000, "longTermDebt": 33365900000, "otherLiab": 211800000, "minorityInterest": -265500000, "totalCurrentLiabilities": 13908600000, "totalLiab": 47514800000, "commonStock": 413100000, "retainedEarnings": -4894800000, "treasuryStock": 4015300000, "capitalSurplus": 1335700000, "otherStockholderEquity": 4015300000, "totalStockholderEquity": 869300000, "netTangibleAssets": 862700000}, {"maxAge": 1, "endDate": "2019-03-31", "cash": 308500000, "shortTermInvestments": 44700000, "netReceivables": 10933400000, "inventory": 22005200000, "otherCurrentAssets": 1431600000, "totalCurrentAssets": 34748300000, "longTermInvestments": 10619600000, "propertyPlantEquipment": 5285600000, "intangibleAssets": 2100000, "otherAssets": 1150900000, "totalAssets": 51806500000, "accountsPayable": 5230100000, "shortLongTermDebt": 236400000, "otherCurrentLiab": 3756900000, "longTermDebt": 33733800000, "otherLiab": 210500000, "minorityInterest": -265300000, "totalCurrentLiabilities": 16037500000, "totalLiab": 49981800000, "commonStock": 413100000, "retainedEarnings": -10417100000, "treasuryStock": 10758300000, "capitalSurplus": 1335700000, "otherStockholderEquity": 10758300000, "totalStockholderEquity": 2090000000, "netTangibleAssets": 2087900000}, {"maxAge": 1, "endDate": "2018-03-31", "cash": 141500000, "netReceivables": 17183300000, "inventory": 4090000000, "otherCurrentAssets": 2882300000, "totalCurrentAssets": 24518300000, "longTermInvestments": 9524700000, "propertyPlantEquipment": 6262100000, "intangibleAssets": 1100000, "otherAssets": 1161900000, "totalAssets": 41468100000, "accountsPayable": 3511100000, "shortLongTermDebt": 760500000, "otherCurrentLiab": 1117900000, "longTermDebt": 23124500000, "otherLiab": 313800000, "totalCurrentLiabilities": 11661000000, "totalLiab": 35099300000, "commonStock": 413100000, "retainedEarnings": -4851500000, "treasuryStock": 9471500000, "capitalSurplus": 1335700000, "otherStockholderEquity": 9471500000, "totalStockholderEquity": 6368800000, "netTangibleAssets": 6367700000}, {"maxAge": 1, "endDate": "2017-03-31", "cash": 1623000000, "netReceivables": 4860100000, "inventory": 4208200000, "otherCurrentAssets": 2975500000, "totalCurrentAssets": 13729700000, "longTermInvestments": 7727900000, "propertyPlantEquipment": 6424300000, "intangibleAssets": 6100000, "otherAssets": 8483500000, "totalAssets": 36371500000, "accountsPayable": 3577400000, "shortLongTermDebt": 3838600000, "otherCurrentLiab": 3306900000, "longTermDebt": 9408900000, "otherLiab": 310700000, "totalCurrentLiabilities": 23308500000, "totalLiab": 33028100000, "commonStock": 413100000, "retainedEarnings": -6048500000, "treasuryStock": 7643100000, "capitalSurplus": 1335700000, "otherStockholderEquity": 7643100000, "totalStockholderEquity": 3343400000, "netTangibleAssets": 3337300000}], "maxAge": 86400}, "earningsTrend": {"trend": [{"maxAge": 1, "period": "0q", "endDate": null, "growth": {}, "earningsEstimate": {"avg": 0.0, "low": 0.0, "high": 0.0, "yearAgoEps": {}, "numberOfAnalysts": 0, "growth": {}}, "revenueEstimate": {"avg": 0, "low": 0, "high": 0, "numberOfAnalysts": 0, "yearAgoRevenue": {}, "growth": {}}, "epsTrend": {"current": 0.0, "7daysAgo": 0.0, "30daysAgo": 0.0, "60daysAgo": 0.0, "90daysAgo": 0.0}, "epsRevisions": {"upLast7days": 0, "upLast30days": 0, "downLast30days": 0, "downLast90days": {}}}, {"maxAge": 1, "period": "+1q", "endDate": null, "growth": {}, "earningsEstimate": {"avg": 0.0, "low": 0.0, "high": 0.0, "yearAgoEps": {}, "numberOfAnalysts": 0, "growth": {}}, "revenueEstimate": {"avg": 0, "low": 0, "high": 0, "numberOfAnalysts": 0, "yearAgoRevenue": {}, "growth": {}}, "epsTrend": {"current": 0.0, "7daysAgo": 0.0, "30daysAgo": 0.0, "60daysAgo": 0.0, "90daysAgo": 0.0}, "epsRevisions": {"upLast7days": 0, "upLast30days": 0, "downLast30days": 0, "downLast90days": {}}}, {"maxAge": 1, "period": "0y", "endDate": null, "growth": {}, "earningsEstimate": {"avg": 0.0, "low": 0.0, "high": 0.0, "yearAgoEps": {}, "numberOfAnalysts": 0, "growth": {}}, "revenueEstimate": {"avg": 0, "low": 0, "high": 0, "numberOfAnalysts": 0, "yearAgoRevenue": {}, "growth": {}}, "epsTrend": {"current": 0.0, "7daysAgo": 0.0, "30daysAgo": 0.0, "60daysAgo": 0.0, "90daysAgo": 0.0}, "epsRevisions": {"upLast7days": 0, "upLast30days": 0, "downLast30days": 0, "downLast90days": {}}}, {"maxAge": 1, "period": "+1y", "endDate": null, "growth": {}, "earningsEstimate": {"avg": 0.0, "low": 0.0, "high": 0.0, "yearAgoEps": {}, "numberOfAnalysts": 0, "growth": {}}, "revenueEstimate": {"avg": 0, "low": 0, "high": 0, "numberOfAnalysts": 0, "yearAgoRevenue": {}, "growth": {}}, "epsTrend": {"current": 0.0, "7daysAgo": 0.0, "30daysAgo": 0.0, "60daysAgo": 0.0, "90daysAgo": 0.0}, "epsRevisions": {"upLast7days": 0, "upLast30days": 0, "downLast30days": 0, "downLast90days": {}}}, {"maxAge": 1, "period": "+5y", "endDate": null, "growth": {}, "earningsEstimate": {"avg": {}, "low": {}, "high": {}, "yearAgoEps": {}, "numberOfAnalysts": {}, "growth": {}}, "revenueEstimate": {"avg": {}, "low": {}, "high": {}, "numberOfAnalysts": {}, "yearAgoRevenue": {}, "growth": {}}, "epsTrend": {"current": {}, "7daysAgo": {}, "30daysAgo": {}, "60daysAgo": {}, "90daysAgo": {}}, "epsRevisions": {"upLast7days": {}, "upLast30days": {}, "downLast30days": {}, "downLast90days": {}}}, {"maxAge": 1, "period": "-5y", "endDate": null, "growth": {}, "earningsEstimate": {"avg": {}, "low": {}, "high": {}, "yearAgoEps": {}, "numberOfAnalysts": {}, "growth": {}}, "revenueEstimate": {"avg": {}, "low": {}, "high": {}, "numberOfAnalysts": {}, "yearAgoRevenue": {}, "growth": {}}, "epsTrend": {"current": {}, "7daysAgo": {}, "30daysAgo": {}, "60daysAgo": {}, "90daysAgo": {}}, "epsRevisions": {"upLast7days": {}, "upLast30days": {}, "downLast30days": {}, "downLast90days": {}}}], "maxAge": 1}, "financialData": {"maxAge": 86400, "currentPrice": 66.2, "targetHighPrice": 91.0, "targetLowPrice": 91.0, "targetMeanPrice": 91.0, "targetMedianPrice": 91.0, "recommendationKey": "none", "numberOfAnalystOpinions": 1, "grossProfits": 8658800000, "financialCurrency": "INR"}}}