{"BOROLTD.NS": {"assetProfile": {"address1": "Bandra Kurla Complex", "address2": "1101, Crescenzo,G-Block Opposite MCA Club Bandra (East)", "city": "Mumbai", "zip": "400051", "country": "India", "phone": "91 22 6740 6300", "fax": "91 22 6740 6514", "website": "http://www.borosil.com", "industry": "Furnishings, Fixtures & Appliances", "sector": "Consumer Cyclical", "longBusinessSummary": "Borosil Limited operates as glassware company in India. It operates through Scientificware, Consumerware, and Investments segments. The company provides science and industrial products, including laboratory glassware, instruments, liquid handling equipment, sample processing equipment, and other laboratory equipment under the LabQuest brand name that are used in pharma, microbiology, biotechnology, food and soil testing, educational institutions, etc. It also offers primary glass packaging under the Klasspack name for pharma industry. In addition, the company provides consumer glassware products, including microwaveable kitchenware, opalware dinner sets, kitchen appliances, storage products, glass lunch boxes, and stainless steel vacuum insulated flasks and bottles under the Borosil brand name. Further, it engages in the investment activities. The company sells its products through distributors and independent retail outlets, as well as through online platform. It also exports its products to the Middle East, South East Asia, Africa, and the United States. The company was formerly known as Hopewell Tableware Limited. The company was incorporated in 2010 and is based in Mumbai, India. Borosil Limited operates independently of Borosil Renewables Limited as of February 12, 2020.", "fullTimeEmployees": 761, "companyOfficers": [{"maxAge": 1, "name": "Mr. Shreevar  Kheruka", "age": 38, "title": "MD, CEO & Vice Chairman", "yearBorn": 1982, "fiscalYear": 2020, "totalPay": 20816000, "exercisedValue": 0, "unexercisedValue": 0}, {"maxAge": 1, "name": "Mr. Anand Mahendra Sultania", "title": "Chief Financial Officer", "fiscalYear": 2020, "totalPay": 1926114, "exercisedValue": 0, "unexercisedValue": 0}, {"maxAge": 1, "name": "Mr. Manoj Arvind Dere", "title": "Company Sec. & Compliance Officer", "fiscalYear": 2020, "totalPay": 3039984, "exercisedValue": 0, "unexercisedValue": 0}, {"maxAge": 1, "name": "Mr. Rajesh Kumar Chaudhary", "age": 50, "title": "Whole Time Director", "yearBorn": 1970, "fiscalYear": 2020, "totalPay": 6467500, "exercisedValue": 0, "unexercisedValue": 0}], "compensationAsOfEpochDate": "2020-12-31 05:30:00", "maxAge": 86400}, "cashflowStatementHistory": {"cashflowStatements": [{"maxAge": 1, "endDate": "2020-03-31", "netIncome": 357663000, "depreciation": 373999000, "changeToNetincome": 83754000, "changeToAccountReceivables": -260456000, "changeToLiabilities": 80515000, "changeToInventory": -110875000, "totalCashFromOperatingActivities": 533167000, "capitalExpenditures": -556393000, "investments": 85132000, "otherCashflowsFromInvestingActivities": 90534000, "totalCashflowsFromInvestingActivities": -329131000, "netBorrowings": -217416000, "otherCashflowsFromFinancingActivities": -53572000, "totalCashFromFinancingActivities": -270988000, "effectOfExchangeRate": 6000, "changeInCash": -66946000}, {"maxAge": 1, "endDate": "2019-03-31", "netIncome": 251362000, "depreciation": 254126000, "changeToNetincome": 2341000, "changeToAccountReceivables": -27396000, "changeToLiabilities": 89399000, "changeToInventory": -175483000, "totalCashFromOperatingActivities": 398865000, "capitalExpenditures": -280067000, "investments": 16118000, "otherCashflowsFromInvestingActivities": 12114000, "totalCashflowsFromInvestingActivities": -208320000, "netBorrowings": -56677000, "otherCashflowsFromFinancingActivities": -111419000, "totalCashFromFinancingActivities": -168096000, "effectOfExchangeRate": 6000, "changeInCash": 91420000}, {"maxAge": 1, "endDate": "2013-03-31", "netIncome": 198300000, "depreciation": 254126000, "changeToNetincome": 2341000, "changeToAccountReceivables": -27396000, "changeToLiabilities": 0, "changeToInventory": -175483000, "totalCashFromOperatingActivities": 398865000, "capitalExpenditures": -280067000, "investments": 16118000, "otherCashflowsFromInvestingActivities": 12114000, "totalCashflowsFromInvestingActivities": -208320000, "netBorrowings": -56677000, "otherCashflowsFromFinancingActivities": -111419000, "totalCashFromFinancingActivities": -168096000, "effectOfExchangeRate": 6000, "changeInCash": 91420000}, {"maxAge": 1, "endDate": "2012-03-31", "netIncome": 325300000, "depreciation": 254126000, "changeToNetincome": 2341000, "changeToAccountReceivables": -27396000, "changeToLiabilities": 0, "changeToInventory": -175483000, "totalCashFromOperatingActivities": 398865000, "capitalExpenditures": -280067000, "investments": 16118000, "otherCashflowsFromInvestingActivities": 12114000, "totalCashflowsFromInvestingActivities": -208320000, "netBorrowings": -56677000, "otherCashflowsFromFinancingActivities": -111419000, "totalCashFromFinancingActivities": -168096000, "effectOfExchangeRate": 6000, "changeInCash": 91420000}], "maxAge": 86400}, "institutionOwnership": {"maxAge": 1, "ownershipList": []}, "majorHoldersBreakdown": {"maxAge": 1, "insidersPercentHeld": 0.72998, "institutionsPercentHeld": 0.020060001, "institutionsFloatPercentHeld": 0.074310005, "institutionsCount": 4}, "balanceSheetHistoryQuarterly": {"balanceSheetStatements": [{"maxAge": 1, "endDate": "2020-12-31", "totalStockholderEquity": 6531743000, "netTangibleAssets": 5848079000}, {"maxAge": 1, "endDate": "2020-09-30", "cash": 217680000, "shortTermInvestments": 672849000, "netReceivables": 738349000, "inventory": 1675247000, "otherCurrentAssets": 182652000, "totalCurrentAssets": 3486777000, "longTermInvestments": 691082000, "propertyPlantEquipment": 3012391000, "goodWill": 676707000, "intangibleAssets": 6957000, "otherAssets": 250145000, "deferredLongTermAssetCharges": 33798000, "totalAssets": 8124059000, "accountsPayable": 414680000, "otherCurrentLiab": 664419000, "longTermDebt": 9336000, "otherLiab": 201209000, "minorityInterest": 128325000, "totalCurrentLiabilities": 1253446000, "totalLiab": 1463991000, "commonStock": 114060000, "treasuryStock": 6417683000, "otherStockholderEquity": 6417683000, "totalStockholderEquity": 6531743000, "netTangibleAssets": 5848079000}, {"maxAge": 1, "endDate": "2020-06-30", "totalStockholderEquity": 6479318000, "netTangibleAssets": 5792567000}, {"maxAge": 1, "endDate": "2020-03-31", "cash": 26076000, "shortTermInvestments": 291946000, "netReceivables": 909872000, "inventory": 1892629000, "otherCurrentAssets": 153944000, "totalCurrentAssets": 3799400000, "longTermInvestments": 662367000, "propertyPlantEquipment": 3027334000, "goodWill": 676707000, "intangibleAssets": 10044000, "otherAssets": 338294000, "deferredLongTermAssetCharges": 36661000, "totalAssets": 8514146000, "accountsPayable": 445266000, "shortLongTermDebt": 8094000, "otherCurrentLiab": 676635000, "longTermDebt": 11729000, "otherLiab": 198915000, "minorityInterest": 126087000, "totalCurrentLiabilities": 1697613000, "totalLiab": 1908741000, "commonStock": 114060000, "retainedEarnings": 5517437000, "treasuryStock": 847821000, "otherStockholderEquity": 847821000, "totalStockholderEquity": 6479318000, "netTangibleAssets": 5792567000}], "maxAge": 86400}, "indexTrend": {"maxAge": 1, "symbol": "SP5", "peRatio": 19.7411, "pegRatio": 1.34172, "estimates": [{"period": "0q", "growth": 0.549}, {"period": "+1q", "growth": 0.431}, {"period": "0y", "growth": 0.305}, {"period": "+1y", "growth": 0.109}, {"period": "+5y", "growth": 0.120865}, {"period": "-5y"}]}, "defaultKeyStatistics": {"maxAge": 1, "priceHint": 2, "enterpriseValue": 21660747776, "profitMargins": 0.02408, "floatShares": 29374581, "sharesOutstanding": 114119000, "heldPercentInsiders": 0.72998, "heldPercentInstitutions": 0.020060001, "category": null, "bookValue": 57.599, "priceToBook": 3.4019687, "fundFamily": null, "legalType": null, "lastFiscalYearEnd": "2020-03-31 05:30:00", "nextFiscalYearEnd": "2022-03-31 05:30:00", "mostRecentQuarter": "2020-12-31 05:30:00", "earningsQuarterlyGrowth": 0.138, "netIncomeToCommon": 130924000, "trailingEps": 1.147, "lastSplitFactor": null, "enterpriseToRevenue": 3.983, "enterpriseToEbitda": 32.813, "52WeekChange": -0.04947853, "SandP52WeekChange": 0.48148263}, "summaryProfile": {"address1": "Bandra Kurla Complex", "address2": "1101, Crescenzo,G-Block Opposite MCA Club Bandra (East)", "city": "Mumbai", "zip": "400051", "country": "India", "phone": "91 22 6740 6300", "fax": "91 22 6740 6514", "website": "http://www.borosil.com", "industry": "Furnishings, Fixtures & Appliances", "sector": "Consumer Cyclical", "longBusinessSummary": "Borosil Limited operates as glassware company in India. It operates through Scientificware, Consumerware, and Investments segments. The company provides science and industrial products, including laboratory glassware, instruments, liquid handling equipment, sample processing equipment, and other laboratory equipment under the LabQuest brand name that are used in pharma, microbiology, biotechnology, food and soil testing, educational institutions, etc. It also offers primary glass packaging under the Klasspack name for pharma industry. In addition, the company provides consumer glassware products, including microwaveable kitchenware, opalware dinner sets, kitchen appliances, storage products, glass lunch boxes, and stainless steel vacuum insulated flasks and bottles under the Borosil brand name. Further, it engages in the investment activities. The company sells its products through distributors and independent retail outlets, as well as through online platform. It also exports its products to the Middle East, South East Asia, Africa, and the United States. The company was formerly known as Hopewell Tableware Limited. The company was incorporated in 2010 and is based in Mumbai, India. Borosil Limited operates independently of Borosil Renewables Limited as of February 12, 2020.", "fullTimeEmployees": 761, "companyOfficers": [], "maxAge": 86400}, "netSharePurchaseActivity": {"maxAge": 1, "period": "6m", "buyInfoCount": 0, "buyInfoShares": 0, "sellInfoCount": 0, "netInfoCount": 0, "netInfoShares": 0, "netPercentInsiderShares": 0.0, "totalInsiderShares": 83134400}, "insiderTransactions": {"transactions": [{"maxAge": 1, "shares": 18000, "value": 31615, "filerUrl": "", "transactionText": "Other at price 1.76 per share.", "filerName": "Sachdeva (Ritesh)", "filerRelation": "UNREPORTED", "moneyText": "", "startDate": "2021-03-04", "ownership": "D"}, {"maxAge": 1, "shares": 41930, "value": 73645, "filerUrl": "", "transactionText": "Other at price 1.76 per share.", "filerName": "Sharma (Rituraj)", "filerRelation": "UNREPORTED", "moneyText": "", "startDate": "2021-03-04", "ownership": "D"}], "maxAge": 1}, "quoteType": {"exchange": "NSI", "quoteType": "EQUITY", "symbol": "BOROLTD.NS", "underlyingSymbol": "BOROLTD.NS", "shortName": "Borosil Limited", "longName": "Borosil Limited", "firstTradeDateEpochUtc": "2020-07-22 09:15:00", "timeZoneFullName": "Asia/Kolkata", "timeZoneShortName": "IST", "uuid": "6948bc95-af4f-327b-a55a-5e53f0259ef0", "messageBoardId": "finmb_291386559", "gmtOffSetMilliseconds": 19800000, "maxAge": 1}, "incomeStatementHistory": {"incomeStatementHistory": [{"maxAge": 1, "endDate": "2020-03-31", "totalRevenue": 6371529000, "costOfRevenue": 2280374000, "grossProfit": 4091155000, "researchDevelopment": {}, "sellingGeneralAdministrative": 1152787000, "nonRecurring": {}, "otherOperatingExpenses": 2076283000, "totalOperatingExpenses": 5891409000, "operatingIncome": 480120000, "totalOtherIncomeExpenseNet": -44354000, "ebit": 480120000, "interestExpense": -55561000, "incomeBeforeTax": 435766000, "incomeTaxExpense": 82563000, "minorityInterest": 126087000, "netIncomeFromContinuingOps": 353203000, "discontinuedOperations": {}, "extraordinaryItems": {}, "effectOfAccountingCharges": {}, "otherItems": {}, "netIncome": 357663000, "netIncomeApplicableToCommonShares": 357663000}, {"maxAge": 1, "endDate": "2019-03-31", "totalRevenue": 3658061000, "costOfRevenue": 1008135000, "grossProfit": 2649926000, "researchDevelopment": {}, "sellingGeneralAdministrative": 687829000, "nonRecurring": {}, "otherOperatingExpenses": 1376165000, "totalOperatingExpenses": 3330471000, "operatingIncome": 327590000, "totalOtherIncomeExpenseNet": 7104999, "ebit": 327590000, "interestExpense": -98772000, "incomeBeforeTax": 334695000, "incomeTaxExpense": 85046000, "minorityInterest": 130545000, "netIncomeFromContinuingOps": 249649000, "discontinuedOperations": {}, "extraordinaryItems": {}, "effectOfAccountingCharges": {}, "otherItems": {}, "netIncome": 251362000, "netIncomeApplicableToCommonShares": 251362000}, {"maxAge": 1, "endDate": "2013-03-31", "totalRevenue": 1344000000, "costOfRevenue": 747700000, "grossProfit": 596300000, "researchDevelopment": {}, "sellingGeneralAdministrative": 125100000, "nonRecurring": {}, "otherOperatingExpenses": 428500000, "totalOperatingExpenses": 1321800000, "operatingIncome": 22200000, "totalOtherIncomeExpenseNet": 238200000, "ebit": 22200000, "interestExpense": -2700000, "incomeBeforeTax": 260400000, "incomeTaxExpense": 62100000, "minorityInterest": 130545000, "netIncomeFromContinuingOps": 198300000, "discontinuedOperations": {}, "extraordinaryItems": {}, "effectOfAccountingCharges": {}, "otherItems": {}, "netIncome": 198300000, "netIncomeApplicableToCommonShares": 198300000}, {"maxAge": 1, "endDate": "2012-03-31", "totalRevenue": 1259800000, "costOfRevenue": 715400000, "grossProfit": 544400000, "researchDevelopment": {}, "sellingGeneralAdministrative": 109100000, "nonRecurring": {}, "otherOperatingExpenses": 386000000, "totalOperatingExpenses": 1218000000, "operatingIncome": 41800000, "totalOtherIncomeExpenseNet": 362500000, "ebit": 41800000, "interestExpense": -1800000, "incomeBeforeTax": 404300000, "incomeTaxExpense": 79000000, "minorityInterest": 130545000, "netIncomeFromContinuingOps": 325300000, "discontinuedOperations": {}, "extraordinaryItems": {}, "effectOfAccountingCharges": {}, "otherItems": {}, "netIncome": 325300000, "netIncomeApplicableToCommonShares": 325300000}], "maxAge": 86400}, "fundOwnership": {"maxAge": 1, "ownershipList": []}, "summaryDetail": {"maxAge": 1, "priceHint": 2, "previousClose": 193.8, "open": 193.1, "dayLow": 192.35, "dayHigh": 204.0, "regularMarketPreviousClose": 193.8, "regularMarketOpen": 193.1, "regularMarketDayLow": 192.35, "regularMarketDayHigh": 204.0, "payoutRatio": 0.0, "trailingPE": 170.83698, "volume": 273866, "regularMarketVolume": 273866, "averageVolume": 187328, "averageVolume10days": 340455, "averageDailyVolume10Day": 340455, "bid": 0.0, "ask": 0.0, "marketCap": 22344374272, "fiftyTwoWeekLow": 130.0, "fiftyTwoWeekHigh": 254.0, "priceToSalesTrailing12Months": 4.109166, "fiftyDayAverage": 181.48088, "twoHundredDayAverage": 180.47517, "currency": "INR", "fromCurrency": null, "toCurrency": null, "lastMarket": null, "algorithm": null, "tradeable": false}, "incomeStatementHistoryQuarterly": {"incomeStatementHistory": [{"maxAge": 1, "endDate": "2020-12-31", "totalRevenue": 2052257000, "costOfRevenue": 882529000, "grossProfit": 1169728000, "researchDevelopment": {}, "sellingGeneralAdministrative": 213836000, "nonRecurring": {}, "otherOperatingExpenses": 606246000, "totalOperatingExpenses": 1801849000, "operatingIncome": 250408000, "totalOtherIncomeExpenseNet": 58272000, "ebit": 250408000, "interestExpense": -3063000, "incomeBeforeTax": 308680000, "incomeTaxExpense": 89407000, "minorityInterest": {}, "netIncomeFromContinuingOps": 219273000, "discontinuedOperations": {}, "extraordinaryItems": {}, "effectOfAccountingCharges": {}, "otherItems": {}, "netIncome": 217522000, "netIncomeApplicableToCommonShares": 217522000}, {"maxAge": 1, "endDate": "2020-09-30", "totalRevenue": 1393900000, "costOfRevenue": 641837000, "grossProfit": 752063000, "researchDevelopment": {}, "sellingGeneralAdministrative": 192125000, "nonRecurring": {}, "otherOperatingExpenses": 367237000, "totalOperatingExpenses": 1284054000, "operatingIncome": 109846000, "totalOtherIncomeExpenseNet": 20036000, "ebit": 109846000, "interestExpense": -3987000, "incomeBeforeTax": 129882000, "incomeTaxExpense": 36326000, "minorityInterest": 128325000, "netIncomeFromContinuingOps": 93556000, "discontinuedOperations": {}, "extraordinaryItems": {}, "effectOfAccountingCharges": {}, "otherItems": {}, "netIncome": 92989000, "netIncomeApplicableToCommonShares": 92989000}, {"maxAge": 1, "endDate": "2020-06-30", "totalRevenue": 560958000, "costOfRevenue": 236361000, "grossProfit": 324597000, "researchDevelopment": {}, "sellingGeneralAdministrative": 195629000, "nonRecurring": {}, "otherOperatingExpenses": 175714000, "totalOperatingExpenses": 686953000, "operatingIncome": -125995000, "totalOtherIncomeExpenseNet": 20745000, "ebit": -125995000, "interestExpense": -10678000, "incomeBeforeTax": -105250000, "incomeTaxExpense": -31611000, "minorityInterest": 128325000, "netIncomeFromContinuingOps": -73639000, "discontinuedOperations": {}, "extraordinaryItems": {}, "effectOfAccountingCharges": {}, "otherItems": {}, "netIncome": -75309000, "netIncomeApplicableToCommonShares": -75309000}, {"maxAge": 1, "endDate": "2020-03-31", "totalRevenue": -333795000, "costOfRevenue": -1019904000, "grossProfit": 686109000, "researchDevelopment": {}, "sellingGeneralAdministrative": 424069000, "nonRecurring": {}, "otherOperatingExpenses": 275291000, "totalOperatingExpenses": -374183000, "operatingIncome": 40388000, "totalOtherIncomeExpenseNet": -97348000, "ebit": 40388000, "interestExpense": -10678000, "incomeBeforeTax": -56960000, "incomeTaxExpense": -28853000, "minorityInterest": 126087000, "netIncomeFromContinuingOps": -28107000, "discontinuedOperations": {}, "extraordinaryItems": {}, "effectOfAccountingCharges": {}, "otherItems": {}, "netIncome": -86453000, "netIncomeApplicableToCommonShares": -86453000}], "maxAge": 86400}, "cashflowStatementHistoryQuarterly": {"cashflowStatements": [{"maxAge": 1, "endDate": "2020-12-31", "netIncome": 217522000, "changeToLiabilities": 0}, {"maxAge": 1, "endDate": "2020-09-30", "netIncome": 92989000, "changeToLiabilities": 0}, {"maxAge": 1, "endDate": "2020-06-30", "netIncome": -75309000, "changeToLiabilities": 0}, {"maxAge": 1, "endDate": "2020-03-31", "netIncome": -86453000, "changeToLiabilities": 0}], "maxAge": 86400}, "insiderHolders": {"holders": [{"maxAge": 1, "name": "Sachdeva (Ritesh)", "relation": "UNREPORTED", "url": "", "transactionDescription": "Other", "latestTransDate": "2021-03-04", "positionDirect": 18450, "positionDirectDate": "2021-03-04"}, {"maxAge": 1, "name": "Sharma (Rituraj)", "relation": "UNREPORTED", "url": "", "transactionDescription": "Other", "latestTransDate": "2021-03-04", "positionDirect": 68587, "positionDirectDate": "2021-03-04"}], "maxAge": 1}, "calendarEvents": {"maxAge": 1, "earnings": {"earningsDate": []}}, "price": {"maxAge": 1, "regularMarketChangePercent": 0.011093879, "regularMarketChange": 2.149994, "regularMarketTime": "2021-04-30 15:29:53", "priceHint": 2, "regularMarketPrice": 195.95, "regularMarketDayHigh": 204.0, "regularMarketDayLow": 192.35, "regularMarketVolume": 273866, "averageDailyVolume10Day": 340455, "averageDailyVolume3Month": 187328, "regularMarketPreviousClose": 193.8, "regularMarketSource": "FREE_REALTIME", "regularMarketOpen": 193.1, "exchange": "NSI", "exchangeName": "NSE", "exchangeDataDelayedBy": 15, "marketState": "CLOSED", "quoteType": "EQUITY", "symbol": "BOROLTD.NS", "underlyingSymbol": null, "shortName": "Borosil Limited", "longName": "Borosil Limited", "currency": "INR", "quoteSourceName": "Delayed Quote", "currencySymbol": "\u20b9", "fromCurrency": null, "toCurrency": null, "lastMarket": null, "marketCap": 22344374272}, "balanceSheetHistory": {"balanceSheetStatements": [{"maxAge": 1, "endDate": "2020-03-31", "cash": 26076000, "shortTermInvestments": 291946000, "netReceivables": 909872000, "inventory": 1892629000, "otherCurrentAssets": 153944000, "totalCurrentAssets": 3799400000, "longTermInvestments": 662367000, "propertyPlantEquipment": 3027334000, "goodWill": 676707000, "intangibleAssets": 10044000, "otherAssets": 338294000, "deferredLongTermAssetCharges": 36661000, "totalAssets": 8514146000, "accountsPayable": 445266000, "shortLongTermDebt": 8094000, "otherCurrentLiab": 676635000, "longTermDebt": 11729000, "otherLiab": 198915000, "minorityInterest": 126087000, "totalCurrentLiabilities": 1697613000, "totalLiab": 1908741000, "commonStock": 114060000, "retainedEarnings": 5517437000, "treasuryStock": 847821000, "otherStockholderEquity": 847821000, "totalStockholderEquity": 6479318000, "netTangibleAssets": 5792567000}, {"maxAge": 1, "endDate": "2019-03-31", "cash": 93022000, "shortTermInvestments": 70604000, "netReceivables": 982352000, "inventory": 1791050000, "otherCurrentAssets": 92901000, "totalCurrentAssets": 3604871000, "longTermInvestments": 675916000, "propertyPlantEquipment": 2836484000, "goodWill": 676707000, "intangibleAssets": 12569000, "otherAssets": 343967000, "deferredLongTermAssetCharges": 26082000, "totalAssets": 8150514000, "accountsPayable": 424617000, "shortLongTermDebt": 67831000, "otherCurrentLiab": 541117000, "longTermDebt": 30523000, "otherLiab": 147090000, "minorityInterest": 130545000, "totalCurrentLiabilities": 1751952000, "totalLiab": 1929565000, "retainedEarnings": 5155940000, "treasuryStock": 934464000, "otherStockholderEquity": 934464000, "totalStockholderEquity": 6090404000, "netTangibleAssets": 5401128000}, {"maxAge": 1, "endDate": "2013-03-31", "cash": 75100000, "shortTermInvestments": 2250900000, "netReceivables": 728700000, "inventory": 299600000, "otherCurrentAssets": 37300000, "totalCurrentAssets": 3391600000, "longTermInvestments": 1840000000, "propertyPlantEquipment": 945900000, "otherAssets": 409500000, "totalAssets": 6587000000, "accountsPayable": 94500000, "otherCurrentLiab": 189000000, "otherLiab": 13300000, "totalCurrentLiabilities": 301400000, "totalLiab": 314700000, "commonStock": 30100000, "treasuryStock": 6242200000, "otherStockholderEquity": 6242200000, "totalStockholderEquity": 6272300000, "netTangibleAssets": 6272300000}, {"maxAge": 1, "endDate": "2012-03-31", "cash": 88400000, "shortTermInvestments": 1564000000, "netReceivables": 810800000, "inventory": 227700000, "otherCurrentAssets": 44800000, "totalCurrentAssets": 2735700000, "longTermInvestments": 2684500000, "propertyPlantEquipment": 815100000, "otherAssets": 356400000, "deferredLongTermAssetCharges": 20100000, "totalAssets": 6591700000, "accountsPayable": 84400000, "otherCurrentLiab": 270700000, "totalCurrentLiabilities": 355100000, "totalLiab": 355100000, "commonStock": 31400000, "treasuryStock": 6205200000, "otherStockholderEquity": 6205200000, "totalStockholderEquity": 6236600000, "netTangibleAssets": 6236600000}], "maxAge": 86400}, "financialData": {"maxAge": 86400, "currentPrice": 195.95, "recommendationKey": "none", "totalCash": 890529024, "totalCashPerShare": 7.819, "ebitda": 660120256, "totalDebt": 107016000, "totalRevenue": 5437690880, "debtToEquity": 1.607, "revenuePerShare": 47.638, "grossProfits": 4091155000, "earningsGrowth": 0.044, "revenueGrowth": -0.227, "grossMargins": 0.57034, "ebitdaMargins": 0.121400006, "operatingMargins": 0.03691, "profitMargins": 0.02408, "financialCurrency": "INR"}}}