{"BOSCHLTD.NS": {"assetProfile": {"address1": "Hosur Road", "address2": "Adugodi PB No. 3000", "city": "Bengaluru", "zip": "560030", "country": "India", "phone": "91 80 6752 1750", "fax": "91 80 2299 2181", "website": "http://www.bosch.in", "industry": "Auto Parts", "sector": "Consumer Cyclical", "longBusinessSummary": "Bosch Limited manufactures and trades in automotive products in India and internationally. The company operates through Automotive Products and Others segments. It provides automotive, industrial, consumer goods, and energy and building technology products. The company offers powertrain solutions, including gasoline and diesel injection products and solutions, and electrified drives with battery and fuel cell technologies in the electric vehicle, passenger car, and commercial vehicle/off-road market segments. It also provides automotive aftermarket services, such as auto diagnosis and repairs; a range of spare parts for vehicles; and repair solutions for passenger cars and two wheelers. In addition, the company offers power tools, power-tool accessories, and measuring technologies for professional users in trade and industry; video surveillance, intrusion detection, and fire detection and voice evacuation systems, as well as access control and management systems primarily for infrastructure and commercial applications; and critical communication systems, and professional audio and conference systems for communication of voice, sound, and music. Further, it provides indoor climate and domestic hot water technologies, condensing technologies, solar thermal systems, heat pumps, and combined heat and power; and home appliances for homes. Additionally, the company offers drive and control technology, energy and building solutions, engineering and business solutions, packaging technology, security solutions, and software solutions for industry and trades. The company was founded in 1951 and is headquartered in Bengaluru, India. Bosch Limited is a subsidiary of Robert Bosch GmbH.", "fullTimeEmployees": 9189, "companyOfficers": [{"maxAge": 1, "name": "Mr. Soumitra  Bhattacharya", "age": 60, "title": "MD, Regional Pres of Bosch Group India & Whole Time Director", "yearBorn": 1960, "fiscalYear": 2020, "totalPay": 78389828, "exercisedValue": 0, "unexercisedValue": 0}, {"maxAge": 1, "name": "Mr. S. C. Srinivasan", "age": 57, "title": "Joint MD, CFO & Exec. Director", "yearBorn": 1963, "fiscalYear": 2020, "totalPay": 50876338, "exercisedValue": 0, "unexercisedValue": 0}, {"maxAge": 1, "name": "Mr. Rajesh D. Parte", "title": "Company Sec. & Compliance Officer", "fiscalYear": 2020, "totalPay": 5530000, "exercisedValue": 0, "unexercisedValue": 0}, {"maxAge": 1, "name": "Mr. Sandeep  Nelamangala", "age": 49, "title": "Exec. VP of Sales & Additional Exec. Director", "yearBorn": 1971, "fiscalYear": 2020, "totalPay": 5004310, "exercisedValue": 0, "unexercisedValue": 0}, {"maxAge": 1, "name": "Mr. S.  Karthik", "title": "Vice-Pres of Corp. Fin. & Accounts", "fiscalYear": 2018, "exercisedValue": 0, "unexercisedValue": 0}, {"maxAge": 1, "name": "Mr. Ameet Shashikant Rele", "title": "Head of Corp. Communications", "exercisedValue": 0, "unexercisedValue": 0}, {"maxAge": 1, "name": "Mr. Mohandas  Mekanapurath", "title": "Bus. Head of Bosch Energy & Building Solutions", "exercisedValue": 0, "unexercisedValue": 0}, {"maxAge": 1, "name": "Mr. O. P. Goel", "title": "Head of Social Engagement", "exercisedValue": 0, "unexercisedValue": 0}, {"maxAge": 1, "name": "Mr. Sudhir  Tiku", "title": "Bus. Head of Security Systems", "exercisedValue": 0, "unexercisedValue": 0}, {"maxAge": 1, "name": "Mr. Karsten  Mueller", "age": 55, "title": "Whole-Time Director", "yearBorn": 1965, "exercisedValue": 0, "unexercisedValue": 0}], "auditRisk": 7, "boardRisk": 5, "compensationRisk": 3, "shareHolderRightsRisk": 8, "overallRisk": 8, "governanceEpochDate": "2021-04-01 05:30:00", "compensationAsOfEpochDate": "2020-12-31 05:30:00", "maxAge": 86400}, "cashflowStatementHistory": {"cashflowStatements": [{"maxAge": 1, "endDate": "2020-03-31", "netIncome": 6495000000, "depreciation": 3868000000, "changeToNetincome": -7207000000, "changeToAccountReceivables": 1302000000, "changeToLiabilities": 366000000, "changeToInventory": 2825000000, "changeToOperatingActivities": 5712000000, "totalCashFromOperatingActivities": 13361000000, "capitalExpenditures": -4357000000, "investments": -8660000000, "otherCashflowsFromInvestingActivities": 4175000000, "totalCashflowsFromInvestingActivities": -8729000000, "dividendsPaid": -3095000000, "netBorrowings": -259000000, "otherCashflowsFromFinancingActivities": -636000000, "totalCashFromFinancingActivities": -3990000000, "changeInCash": 642000000}, {"maxAge": 1, "endDate": "2019-03-31", "netIncome": 15983000000, "depreciation": 4045000000, "changeToNetincome": -7208000000, "changeToAccountReceivables": 345000000, "changeToLiabilities": -4285000000, "changeToInventory": -2185000000, "changeToOperatingActivities": -763000000, "totalCashFromOperatingActivities": 5932000000, "capitalExpenditures": -5848000000, "investments": 20571000000, "otherCashflowsFromInvestingActivities": 2941000000, "totalCashflowsFromInvestingActivities": 17659000000, "dividendsPaid": -3052000000, "netBorrowings": -259000000, "otherCashflowsFromFinancingActivities": -687000000, "totalCashFromFinancingActivities": -25308000000, "changeInCash": -1717000000, "repurchaseOfStock": -21569000000}, {"maxAge": 1, "endDate": "2018-03-31", "netIncome": 13711000000, "depreciation": 4672000000, "changeToNetincome": -5684000000, "changeToAccountReceivables": -4844000000, "changeToLiabilities": 6676000000, "changeToInventory": -454000000, "changeToOperatingActivities": 3210000000, "totalCashFromOperatingActivities": 17287000000, "capitalExpenditures": -4925000000, "investments": -9075000000, "otherCashflowsFromInvestingActivities": 2218000000, "totalCashflowsFromInvestingActivities": -11703000000, "dividendsPaid": -2736000000, "netBorrowings": -259000000, "otherCashflowsFromFinancingActivities": -510000000, "totalCashFromFinancingActivities": -3246000000, "changeInCash": 2338000000, "repurchaseOfStock": -21569000000}, {"maxAge": 1, "endDate": "2017-03-31", "netIncome": 17402000000, "depreciation": 4562000000, "changeToNetincome": -11245000000, "changeToAccountReceivables": 201000000, "changeToLiabilities": 1711000000, "changeToInventory": -905000000, "changeToOperatingActivities": 2841000000, "totalCashFromOperatingActivities": 14567000000, "capitalExpenditures": -6367000000, "investments": 11478000000, "otherCashflowsFromInvestingActivities": 7603000000, "totalCashflowsFromInvestingActivities": 12460000000, "dividendsPaid": -2669000000, "netBorrowings": -500000000, "otherCashflowsFromFinancingActivities": -1041000000, "totalCashFromFinancingActivities": -26697000000, "changeInCash": 330000000, "repurchaseOfStock": -20198000000}], "maxAge": 86400}, "institutionOwnership": {"maxAge": 1, "ownershipList": []}, "majorHoldersBreakdown": {"maxAge": 1, "insidersPercentHeld": 0.70656997, "institutionsPercentHeld": 0.16777, "institutionsFloatPercentHeld": 0.57176995, "institutionsCount": 88}, "balanceSheetHistoryQuarterly": {"balanceSheetStatements": [{"maxAge": 1, "endDate": "2020-12-31", "totalStockholderEquity": 88171900000, "netTangibleAssets": 88171900000}, {"maxAge": 1, "endDate": "2020-09-30", "cash": 17304300000, "shortTermInvestments": 14903200000, "netReceivables": 19471300000, "inventory": 8753700000, "otherCurrentAssets": 4825800000, "totalCurrentAssets": 65258300000, "longTermInvestments": 39613100000, "propertyPlantEquipment": 16472300000, "otherAssets": 9381400000, "deferredLongTermAssetCharges": 5817700000, "totalAssets": 130725100000, "accountsPayable": 15500000000, "otherCurrentLiab": 23243700000, "otherLiab": 3178400000, "totalCurrentLiabilities": 38952800000, "totalLiab": 42553200000, "commonStock": 294900000, "treasuryStock": 87877000000, "otherStockholderEquity": 87877000000, "totalStockholderEquity": 88171900000, "netTangibleAssets": 88171900000}, {"maxAge": 1, "endDate": "2020-06-30", "totalStockholderEquity": 92607000000, "netTangibleAssets": 92607000000}, {"maxAge": 1, "endDate": "2020-03-31", "cash": 2552000000, "shortTermInvestments": 20245000000, "netReceivables": 22868000000, "inventory": 11159000000, "otherCurrentAssets": 10401000000, "totalCurrentAssets": 70193000000, "longTermInvestments": 37359000000, "propertyPlantEquipment": 16824000000, "otherAssets": 8737000000, "deferredLongTermAssetCharges": 4566000000, "totalAssets": 133113000000, "accountsPayable": 16050000000, "otherCurrentLiab": 12617000000, "otherLiab": 3295000000, "deferredLongTermLiab": 46000000, "totalCurrentLiabilities": 36690000000, "totalLiab": 40506000000, "commonStock": 295000000, "retainedEarnings": 85543000000, "treasuryStock": 6761000000, "capitalSurplus": 8000000, "otherStockholderEquity": 6761000000, "totalStockholderEquity": 92607000000, "netTangibleAssets": 92607000000}], "maxAge": 86400}, "indexTrend": {"maxAge": 1, "symbol": "SP5", "peRatio": 19.7411, "pegRatio": 1.34172, "estimates": [{"period": "0q", "growth": 0.549}, {"period": "+1q", "growth": 0.431}, {"period": "0y", "growth": 0.305}, {"period": "+1y", "growth": 0.109}, {"period": "+5y", "growth": 0.120865}, {"period": "-5y"}]}, "esgScores": {"maxAge": 86400, "totalEsg": 22.6, "environmentScore": 5.0, "socialScore": 9.84, "governanceScore": 7.77, "ratingYear": 2021, "ratingMonth": 3, "highestControversy": 2.0, "peerCount": 26, "esgPerformance": "AVG_PERF", "peerGroup": "Auto Components", "relatedControversy": ["Employee Incidents"], "peerEsgScorePerformance": {"min": 8.09, "avg": 18.945769230769233, "max": 28.79}, "peerGovernancePerformance": {"min": 5.15, "avg": 7.378695652173912, "max": 10.59}, "peerSocialPerformance": {"min": 2.59, "avg": 7.127826086956522, "max": 13.51}, "peerEnvironmentPerformance": {"min": 1.58, "avg": 4.629565217391304, "max": 7.48}, "peerHighestControversyPerformance": {"min": 0.0, "avg": 1.6153846153846154, "max": 3.0}, "percentile": 29.97, "environmentPercentile": null, "socialPercentile": null, "governancePercentile": null, "adult": false, "alcoholic": false, "animalTesting": false, "catholic": false, "controversialWeapons": false, "smallArms": false, "furLeather": false, "gambling": false, "gmo": false, "militaryContract": false, "nuclear": false, "pesticides": false, "palmOil": false, "coal": false, "tobacco": false}, "defaultKeyStatistics": {"maxAge": 1, "priceHint": 2, "enterpriseValue": 368511418368, "profitMargins": 0.00937, "floatShares": 8650316, "sharesOutstanding": 29493600, "heldPercentInsiders": 0.70656997, "heldPercentInstitutions": 0.16777, "beta": 0.699406, "category": null, "bookValue": 2991.448, "priceToBook": 4.5158734, "fundFamily": null, "legalType": null, "lastFiscalYearEnd": "2020-03-31 05:30:00", "nextFiscalYearEnd": "2022-03-31 05:30:00", "mostRecentQuarter": "2020-12-31 05:30:00", "earningsQuarterlyGrowth": -0.031, "netIncomeToCommon": 797299968, "trailingEps": 27.194, "lastSplitFactor": "10:1", "lastSplitDate": "2004-07-08 05:30:00", "enterpriseToRevenue": 4.332, "enterpriseToEbitda": 42.077, "52WeekChange": 0.36102605, "SandP52WeekChange": 0.48148263, "lastDividendValue": 105.0, "lastDividendDate": 1596499200}, "summaryProfile": {"address1": "Hosur Road", "address2": "Adugodi PB No. 3000", "city": "Bengaluru", "zip": "560030", "country": "India", "phone": "91 80 6752 1750", "fax": "91 80 2299 2181", "website": "http://www.bosch.in", "industry": "Auto Parts", "sector": "Consumer Cyclical", "longBusinessSummary": "Bosch Limited manufactures and trades in automotive products in India and internationally. The company operates through Automotive Products and Others segments. It provides automotive, industrial, consumer goods, and energy and building technology products. The company offers powertrain solutions, including gasoline and diesel injection products and solutions, and electrified drives with battery and fuel cell technologies in the electric vehicle, passenger car, and commercial vehicle/off-road market segments. It also provides automotive aftermarket services, such as auto diagnosis and repairs; a range of spare parts for vehicles; and repair solutions for passenger cars and two wheelers. In addition, the company offers power tools, power-tool accessories, and measuring technologies for professional users in trade and industry; video surveillance, intrusion detection, and fire detection and voice evacuation systems, as well as access control and management systems primarily for infrastructure and commercial applications; and critical communication systems, and professional audio and conference systems for communication of voice, sound, and music. Further, it provides indoor climate and domestic hot water technologies, condensing technologies, solar thermal systems, heat pumps, and combined heat and power; and home appliances for homes. Additionally, the company offers drive and control technology, energy and building solutions, engineering and business solutions, packaging technology, security solutions, and software solutions for industry and trades. The company was founded in 1951 and is headquartered in Bengaluru, India. Bosch Limited is a subsidiary of Robert Bosch GmbH.", "fullTimeEmployees": 9189, "companyOfficers": [], "maxAge": 86400}, "netSharePurchaseActivity": {"maxAge": 1, "period": "6m", "buyInfoCount": 0, "buyInfoShares": 0, "sellInfoCount": 0, "netInfoCount": 0, "netInfoShares": 0, "netPercentInsiderShares": 0.0, "totalInsiderShares": 20829682}, "insiderTransactions": {"transactions": [{"maxAge": 1, "shares": 19984324, "value": 4070475059, "filerUrl": "", "transactionText": "Other at price 203.68 per share.", "filerName": "Robert Bosch GmbH", "filerRelation": "Promoter", "moneyText": "", "startDate": "2021-02-24", "ownership": "D"}], "maxAge": 1}, "quoteType": {"exchange": "NSI", "quoteType": "EQUITY", "symbol": "BOSCHLTD.NS", "underlyingSymbol": "BOSCHLTD.NS", "shortName": "BOSCH LTD", "longName": "Bosch Limited", "firstTradeDateEpochUtc": "2002-07-01 09:15:00", "timeZoneFullName": "Asia/Kolkata", "timeZoneShortName": "IST", "uuid": "f54f3610-ec4c-3378-b7bd-4e705402a91d", "messageBoardId": "finmb_9830297", "gmtOffSetMilliseconds": 19800000, "maxAge": 1}, "incomeStatementHistory": {"incomeStatementHistory": [{"maxAge": 1, "endDate": "2020-03-31", "totalRevenue": 96111000000, "costOfRevenue": 53094000000, "grossProfit": 43017000000, "researchDevelopment": {}, "sellingGeneralAdministrative": 12864000000, "nonRecurring": {}, "otherOperatingExpenses": 14939000000, "totalOperatingExpenses": 84801000000, "operatingIncome": 11310000000, "totalOtherIncomeExpenseNet": -2116000000, "ebit": 11310000000, "interestExpense": -102000000, "incomeBeforeTax": 9194000000, "incomeTaxExpense": 3349000000, "minorityInterest": {}, "netIncomeFromContinuingOps": 5845000000, "discontinuedOperations": 650000000, "extraordinaryItems": {}, "effectOfAccountingCharges": {}, "otherItems": {}, "netIncome": 6495000000, "netIncomeApplicableToCommonShares": 6495000000}, {"maxAge": 1, "endDate": "2019-03-31", "totalRevenue": 119611000000, "costOfRevenue": 66752000000, "grossProfit": 52859000000, "researchDevelopment": {}, "sellingGeneralAdministrative": 14098000000, "nonRecurring": {}, "otherOperatingExpenses": 16858000000, "totalOperatingExpenses": 101775000000, "operatingIncome": 17836000000, "totalOtherIncomeExpenseNet": 5507000000, "ebit": 17836000000, "interestExpense": -89000000, "incomeBeforeTax": 23343000000, "incomeTaxExpense": 7406000000, "minorityInterest": {}, "netIncomeFromContinuingOps": 15937000000, "discontinuedOperations": 46000000, "extraordinaryItems": {}, "effectOfAccountingCharges": {}, "otherItems": {}, "netIncome": 15983000000, "netIncomeApplicableToCommonShares": 15983000000}, {"maxAge": 1, "endDate": "2018-03-31", "totalRevenue": 115580000000, "costOfRevenue": 63014000000, "grossProfit": 52566000000, "researchDevelopment": {}, "sellingGeneralAdministrative": 14379000000, "nonRecurring": {}, "otherOperatingExpenses": 16788000000, "totalOperatingExpenses": 98964000000, "operatingIncome": 16616000000, "totalOtherIncomeExpenseNet": 3793000000, "ebit": 16616000000, "interestExpense": -33000000, "incomeBeforeTax": 20409000000, "incomeTaxExpense": 6698000000, "minorityInterest": {}, "netIncomeFromContinuingOps": 13711000000, "discontinuedOperations": 46000000, "extraordinaryItems": {}, "effectOfAccountingCharges": {}, "otherItems": {}, "netIncome": 13711000000, "netIncomeApplicableToCommonShares": 13711000000}, {"maxAge": 1, "endDate": "2017-03-31", "totalRevenue": 102587000000, "costOfRevenue": 53092000000, "grossProfit": 49495000000, "researchDevelopment": {}, "sellingGeneralAdministrative": 13978000000, "nonRecurring": {}, "otherOperatingExpenses": 15826000000, "totalOperatingExpenses": 87490000000, "operatingIncome": 15097000000, "totalOtherIncomeExpenseNet": 5838000000, "ebit": 15097000000, "interestExpense": -271000000, "incomeBeforeTax": 20935000000, "incomeTaxExpense": 6503000000, "minorityInterest": {}, "netIncomeFromContinuingOps": 14432000000, "discontinuedOperations": 2970000000, "extraordinaryItems": {}, "effectOfAccountingCharges": {}, "otherItems": {}, "netIncome": 17402000000, "netIncomeApplicableToCommonShares": 17402000000}], "maxAge": 86400}, "fundOwnership": {"maxAge": 1, "ownershipList": [{"maxAge": 1, "reportDate": "2021-01-31", "organization": "Vanguard International Stock Index-Emerging Markets Stk", "pctHeld": 0.0033000002, "position": 98660, "value": 1512211150}, {"maxAge": 1, "reportDate": "2021-01-31", "organization": "Vanguard International Stock Index-Total Intl Stock Indx", "pctHeld": 0.0032, "position": 94899, "value": 1454564422}, {"maxAge": 1, "reportDate": "2021-02-28", "organization": "Aberdeen Standard SICAV I-Indian Equity Fd", "pctHeld": 0.0022, "position": 65758, "value": 976828514}, {"maxAge": 1, "reportDate": "2020-12-31", "organization": "Matthews International  Fds-Matthews India Fd", "pctHeld": 0.001, "position": 30904, "value": 395120001}, {"maxAge": 1, "reportDate": "2020-12-31", "organization": "India Fund, Inc., The", "pctHeld": 0.001, "position": 30023, "value": 383856064}, {"maxAge": 1, "reportDate": "2021-03-31", "organization": "Columbia ETF Trust II-Columbia India Consumer ETF", "pctHeld": 0.0008, "position": 22595, "value": 318327398}, {"maxAge": 1, "reportDate": "2021-01-31", "organization": "DFA Emerging Markets Core Equity Portfolio", "pctHeld": 0.00059999997, "position": 17131, "value": 262575402}, {"maxAge": 1, "reportDate": "2021-01-31", "organization": "Vanguard Intl Equity Index Fds-FTSE All World ex U.S. Index Fund", "pctHeld": 0.0005, "position": 13648, "value": 209189720}, {"maxAge": 1, "reportDate": "2021-02-28", "organization": "Schwab Strategic Tr-Schwab Emerging Markets Equity ETF", "pctHeld": 0.00029999999, "position": 10026, "value": 148935227}, {"maxAge": 1, "reportDate": "2020-12-31", "organization": "PIMCO Equity Series-PIMCO RAE Emerging Markets Fd", "pctHeld": 0.0002, "position": 6270, "value": 80164458}]}, "summaryDetail": {"maxAge": 1, "priceHint": 2, "previousClose": 13571.5, "open": 13475.0, "dayLow": 13460.05, "dayHigh": 13630.0, "regularMarketPreviousClose": 13571.5, "regularMarketOpen": 13475.0, "regularMarketDayLow": 13460.05, "regularMarketDayHigh": 13630.0, "dividendRate": 105.0, "dividendYield": 0.0077, "exDividendDate": "2020-08-04 05:30:00", "payoutRatio": 3.9179, "beta": 0.699406, "trailingPE": 496.76398, "volume": 15105, "regularMarketVolume": 15105, "averageVolume": 47102, "averageVolume10days": 22320, "averageDailyVolume10Day": 22320, "bid": 0.0, "ask": 0.0, "bidSize": 0, "askSize": 0, "marketCap": 397546913792, "fiftyTwoWeekLow": 9030.0, "fiftyTwoWeekHigh": 16830.05, "priceToSalesTrailing12Months": 4.673339, "fiftyDayAverage": 14025.465, "twoHundredDayAverage": 13770.197, "trailingAnnualDividendRate": 105.0, "trailingAnnualDividendYield": 0.007736801, "currency": "INR", "fromCurrency": null, "toCurrency": null, "lastMarket": null, "algorithm": null, "tradeable": false}, "incomeStatementHistoryQuarterly": {"incomeStatementHistory": [{"maxAge": 1, "endDate": "2020-12-31", "totalRevenue": 30296400000, "costOfRevenue": 17548700000, "grossProfit": 12747700000, "researchDevelopment": {}, "sellingGeneralAdministrative": 2454600000, "nonRecurring": {}, "otherOperatingExpenses": 6728300000, "totalOperatingExpenses": 27700900000, "operatingIncome": 2595500000, "totalOtherIncomeExpenseNet": -420600000, "ebit": 2595500000, "interestExpense": -68100000, "incomeBeforeTax": 2174900000, "incomeTaxExpense": 332400000, "minorityInterest": {}, "netIncomeFromContinuingOps": 1842500000, "discontinuedOperations": {}, "extraordinaryItems": {}, "effectOfAccountingCharges": {}, "otherItems": {}, "netIncome": 1842500000, "netIncomeApplicableToCommonShares": 1842500000}, {"maxAge": 1, "endDate": "2020-09-30", "totalRevenue": 24791800000, "costOfRevenue": 14715700000, "grossProfit": 10076100000, "researchDevelopment": {}, "sellingGeneralAdministrative": 3083300000, "nonRecurring": {}, "otherOperatingExpenses": 4110000000, "totalOperatingExpenses": 22705000000, "operatingIncome": 2086800000, "totalOtherIncomeExpenseNet": -2992300000, "ebit": 2086800000, "interestExpense": -13200000, "incomeBeforeTax": -905500000, "incomeTaxExpense": -265900000, "minorityInterest": {}, "netIncomeFromContinuingOps": -639600000, "discontinuedOperations": {}, "extraordinaryItems": {}, "effectOfAccountingCharges": {}, "otherItems": {}, "netIncome": -639600000, "netIncomeApplicableToCommonShares": -639600000}, {"maxAge": 1, "endDate": "2020-06-30", "totalRevenue": 9915400000, "costOfRevenue": 5718700000, "grossProfit": 4196700000, "researchDevelopment": {}, "sellingGeneralAdministrative": 2426800000, "nonRecurring": {}, "otherOperatingExpenses": 2794500000, "totalOperatingExpenses": 11668300000, "operatingIncome": -1752900000, "totalOtherIncomeExpenseNet": -262400000, "ebit": -1752900000, "interestExpense": -18100000, "incomeBeforeTax": -2015300000, "incomeTaxExpense": -800700000, "minorityInterest": {}, "netIncomeFromContinuingOps": -1214600000, "discontinuedOperations": {}, "extraordinaryItems": {}, "effectOfAccountingCharges": {}, "otherItems": {}, "netIncome": -1214600000, "netIncomeApplicableToCommonShares": -1214600000}, {"maxAge": 1, "endDate": "2020-03-31", "totalRevenue": 20063400000, "costOfRevenue": 12057800000, "grossProfit": 8005600000, "researchDevelopment": {}, "sellingGeneralAdministrative": 2941700000, "nonRecurring": {}, "otherOperatingExpenses": 1269200000, "totalOperatingExpenses": 17497900000, "operatingIncome": 2565500000, "totalOtherIncomeExpenseNet": -1926800000, "ebit": 2565500000, "interestExpense": -49500000, "incomeBeforeTax": 638700000, "incomeTaxExpense": -170300000, "minorityInterest": {}, "netIncomeFromContinuingOps": 809000000, "discontinuedOperations": -200000, "extraordinaryItems": {}, "effectOfAccountingCharges": {}, "otherItems": {}, "netIncome": 808800000, "netIncomeApplicableToCommonShares": 808800000}], "maxAge": 86400}, "cashflowStatementHistoryQuarterly": {"cashflowStatements": [{"maxAge": 1, "endDate": "2020-12-31", "netIncome": 1842500000, "changeToLiabilities": 0}, {"maxAge": 1, "endDate": "2020-09-30", "netIncome": -639600000, "changeToLiabilities": 0}, {"maxAge": 1, "endDate": "2020-06-30", "netIncome": -1214600000, "changeToLiabilities": 0}, {"maxAge": 1, "endDate": "2020-03-31", "netIncome": 808800000, "changeToLiabilities": 0}], "maxAge": 86400}, "insiderHolders": {"holders": [{"maxAge": 1, "name": "Robert Bosch GmbH", "relation": "Promoter", "url": "", "transactionDescription": "Other", "latestTransDate": "2021-02-24", "positionDirect": 0, "positionDirectDate": "2021-02-24"}], "maxAge": 1}, "calendarEvents": {"maxAge": 1, "earnings": {"earningsDate": []}, "exDividendDate": "2020-08-04 05:30:00"}, "price": {"maxAge": 1, "regularMarketChangePercent": -0.004605239, "regularMarketChange": -62.5, "regularMarketTime": "2021-04-30 15:29:45", "priceHint": 2, "regularMarketPrice": 13509.0, "regularMarketDayHigh": 13630.0, "regularMarketDayLow": 13460.05, "regularMarketVolume": 15105, "averageDailyVolume10Day": 22320, "averageDailyVolume3Month": 47102, "regularMarketPreviousClose": 13571.5, "regularMarketSource": "FREE_REALTIME", "regularMarketOpen": 13475.0, "exchange": "NSI", "exchangeName": "NSE", "exchangeDataDelayedBy": 15, "marketState": "CLOSED", "quoteType": "EQUITY", "symbol": "BOSCHLTD.NS", "underlyingSymbol": null, "shortName": "BOSCH LTD", "longName": "Bosch Limited", "currency": "INR", "quoteSourceName": "Delayed Quote", "currencySymbol": "\u20b9", "fromCurrency": null, "toCurrency": null, "lastMarket": null, "marketCap": 397546913792}, "balanceSheetHistory": {"balanceSheetStatements": [{"maxAge": 1, "endDate": "2020-03-31", "cash": 2552000000, "shortTermInvestments": 20245000000, "netReceivables": 22868000000, "inventory": 11159000000, "otherCurrentAssets": 10401000000, "totalCurrentAssets": 70193000000, "longTermInvestments": 37359000000, "propertyPlantEquipment": 16824000000, "otherAssets": 8737000000, "deferredLongTermAssetCharges": 4566000000, "totalAssets": 133113000000, "accountsPayable": 16050000000, "otherCurrentLiab": 12617000000, "otherLiab": 3295000000, "deferredLongTermLiab": 46000000, "totalCurrentLiabilities": 36690000000, "totalLiab": 40506000000, "commonStock": 295000000, "retainedEarnings": 85543000000, "treasuryStock": 6761000000, "capitalSurplus": 8000000, "otherStockholderEquity": 6761000000, "totalStockholderEquity": 92607000000, "netTangibleAssets": 92607000000}, {"maxAge": 1, "endDate": "2019-03-31", "cash": 1910000000, "shortTermInvestments": 10838000000, "netReceivables": 22895000000, "inventory": 14443000000, "otherCurrentAssets": 11975000000, "totalCurrentAssets": 64432000000, "longTermInvestments": 38082000000, "propertyPlantEquipment": 16550000000, "otherAssets": 7948000000, "deferredLongTermAssetCharges": 4596000000, "totalAssets": 127012000000, "accountsPayable": 15775000000, "otherCurrentLiab": 12791000000, "otherLiab": 3523000000, "deferredLongTermLiab": 67000000, "totalCurrentLiabilities": 32311000000, "totalLiab": 35834000000, "commonStock": 295000000, "retainedEarnings": 82700000000, "treasuryStock": 8175000000, "capitalSurplus": 8000000, "otherStockholderEquity": 8175000000, "totalStockholderEquity": 91178000000, "netTangibleAssets": 91178000000}, {"maxAge": 1, "endDate": "2018-03-31", "cash": 3633000000, "shortTermInvestments": 15678000000, "netReceivables": 20607000000, "inventory": 12258000000, "otherCurrentAssets": 11882000000, "totalCurrentAssets": 73347000000, "longTermInvestments": 43027000000, "propertyPlantEquipment": 14543000000, "otherAssets": 8270000000, "deferredLongTermAssetCharges": 4905000000, "totalAssets": 139187000000, "accountsPayable": 20231000000, "otherCurrentLiab": 10734000000, "otherLiab": 4270000000, "totalCurrentLiabilities": 35191000000, "totalLiab": 39461000000, "commonStock": 305000000, "retainedEarnings": 92088000000, "treasuryStock": 7325000000, "capitalSurplus": 8000000, "otherStockholderEquity": 7325000000, "totalStockholderEquity": 99726000000, "netTangibleAssets": 99726000000}, {"maxAge": 1, "endDate": "2017-03-31", "cash": 1312000000, "shortTermInvestments": 16204000000, "netReceivables": 15849000000, "inventory": 11804000000, "otherCurrentAssets": 11145000000, "totalCurrentAssets": 58995000000, "longTermInvestments": 36494000000, "propertyPlantEquipment": 14483000000, "otherAssets": 7936000000, "deferredLongTermAssetCharges": 4676000000, "totalAssets": 117908000000, "accountsPayable": 13399000000, "otherCurrentLiab": 8376000000, "otherLiab": 3702000000, "totalCurrentLiabilities": 26300000000, "totalLiab": 30002000000, "commonStock": 305000000, "retainedEarnings": 81516000000, "treasuryStock": 6077000000, "capitalSurplus": 8000000, "otherStockholderEquity": 6077000000, "totalStockholderEquity": 87906000000, "netTangibleAssets": 87906000000}], "maxAge": 86400}, "financialData": {"maxAge": 86400, "currentPrice": 13509.0, "recommendationKey": "none", "totalCash": 32207499264, "totalCashPerShare": 1092.52, "ebitda": 8757950464, "totalDebt": 631100032, "totalRevenue": 85066997760, "debtToEquity": 0.716, "revenuePerShare": 2902.163, "grossProfits": 43017000000, "earningsGrowth": -0.031, "revenueGrowth": 0.194, "grossMargins": 0.41175, "ebitdaMargins": 0.10295, "operatingMargins": 0.06452, "profitMargins": 0.00937, "financialCurrency": "INR"}}}