{"BPCL.BO": {"cashflowStatementHistory": {"cashflowStatements": [{"maxAge": 1, "endDate": "2020-03-31", "netIncome": 30553600000, "depreciation": 40703500000, "changeToNetincome": 3567500000, "changeToAccountReceivables": 23487100000, "changeToLiabilities": 0, "changeToInventory": 6922700000, "changeToOperatingActivities": -25597200000, "totalCashFromOperatingActivities": 79734600000, "capitalExpenditures": -122894100000, "investments": -4185600000, "otherCashflowsFromInvestingActivities": 14530800000, "totalCashflowsFromInvestingActivities": -112275600000, "dividendsPaid": -53266200000, "netBorrowings": 118036700000, "otherCashflowsFromFinancingActivities": -28938400000, "totalCashFromFinancingActivities": 35832100000, "changeInCash": 3291100000}, {"maxAge": 1, "endDate": "2019-03-31", "netIncome": 78023000000, "depreciation": 34177700000, "changeToNetincome": 24685700000, "changeToAccountReceivables": -17477600000, "changeToLiabilities": 0, "changeToInventory": -4039300000, "changeToOperatingActivities": -13798000000, "totalCashFromOperatingActivities": 101571500000, "capitalExpenditures": -105976300000, "investments": -13578600000, "otherCashflowsFromInvestingActivities": 14641200000, "totalCashflowsFromInvestingActivities": -104511700000, "dividendsPaid": -40058300000, "netBorrowings": 65871300000, "otherCashflowsFromFinancingActivities": -23742600000, "totalCashFromFinancingActivities": 2070400000, "changeInCash": -869800000}, {"maxAge": 1, "endDate": "2018-03-31", "netIncome": 90086300000, "depreciation": 28850000000, "changeToNetincome": 4489000000, "changeToAccountReceivables": -2678900000, "changeToLiabilities": 0, "changeToInventory": -13327400000, "changeToOperatingActivities": 3264700000, "totalCashFromOperatingActivities": 110683700000, "capitalExpenditures": -77525000000, "investments": -7358800000, "otherCashflowsFromInvestingActivities": 14063100000, "totalCashflowsFromInvestingActivities": -70655100000, "dividendsPaid": -35786800000, "netBorrowings": 14649800000, "otherCashflowsFromFinancingActivities": -21040300000, "totalCashFromFinancingActivities": -42177300000, "changeInCash": -2148700000}, {"maxAge": 1, "endDate": "2017-03-31", "netIncome": 87209400000, "depreciation": 21076400000, "changeToNetincome": 8200000, "changeToAccountReceivables": -26050700000, "changeToLiabilities": 0, "changeToInventory": -65530800000, "changeToOperatingActivities": 73698600000, "totalCashFromOperatingActivities": 90411100000, "capitalExpenditures": -95592000000, "investments": -70178900000, "otherCashflowsFromInvestingActivities": 12873700000, "totalCashflowsFromInvestingActivities": -152739400000, "dividendsPaid": -54947000000, "netBorrowings": 126861000000, "otherCashflowsFromFinancingActivities": -23874400000, "totalCashFromFinancingActivities": 48039600000, "changeInCash": -14288700000}], "maxAge": 86400}, "institutionOwnership": {"maxAge": 1, "ownershipList": [{"maxAge": 1, "reportDate": "2020-06-30", "organization": "Stanley-Laman Group, Ltd.", "pctHeld": 0.0001, "position": 176916, "value": 66193121}]}, "balanceSheetHistoryQuarterly": {"balanceSheetStatements": [{"maxAge": 1, "endDate": "2020-06-30", "totalStockholderEquity": 365323300000, "netTangibleAssets": 283435000000}, {"maxAge": 1, "endDate": "2020-03-31", "cash": 7996300000, "shortTermInvestments": 609100000, "netReceivables": 132968300000, "inventory": 222426000000, "otherCurrentAssets": 37386400000, "totalCurrentAssets": 432517500000, "longTermInvestments": 218307600000, "propertyPlantEquipment": 697096100000, "intangibleAssets": 81888300000, "otherAssets": 78826100000, "deferredLongTermAssetCharges": 35800000, "totalAssets": 1508635600000, "accountsPayable": 131072100000, "shortLongTermDebt": 36722000000, "otherCurrentLiab": 202268000000, "longTermDebt": 380438900000, "otherLiab": 82003200000, "minorityInterest": 20563300000, "totalCurrentLiabilities": 602215100000, "totalLiab": 1122749000000, "commonStock": 19668800000, "retainedEarnings": 324443100000, "treasuryStock": 18713500000, "capitalSurplus": 2497900000, "otherStockholderEquity": 18713500000, "totalStockholderEquity": 365323300000, "netTangibleAssets": 283435000000}, {"maxAge": 1, "endDate": "2019-12-31", "totalStockholderEquity": 404670700000, "netTangibleAssets": 332343400000}, {"maxAge": 1, "endDate": "2019-09-30", "cash": 9688800000, "shortTermInvestments": 112502500000, "netReceivables": 64249800000, "inventory": 253126900000, "otherCurrentAssets": 16577700000, "totalCurrentAssets": 456145700000, "longTermInvestments": 205671400000, "propertyPlantEquipment": 644666200000, "intangibleAssets": 72327300000, "otherAssets": 71156000000, "deferredLongTermAssetCharges": 42200000, "totalAssets": 1449966600000, "accountsPayable": 164413800000, "otherCurrentLiab": 311487500000, "longTermDebt": 413332200000, "otherLiab": 87362900000, "minorityInterest": 22749400000, "totalCurrentLiabilities": 521851400000, "totalLiab": 1022546500000, "commonStock": 19668800000, "treasuryStock": 385001900000, "otherStockholderEquity": 385001900000, "totalStockholderEquity": 404670700000, "netTangibleAssets": 332343400000}], "maxAge": 86400}, "indexTrend": {"maxAge": 1, "symbol": "SP5", "peRatio": 19.7411, "pegRatio": 1.34172, "estimates": [{"period": "0q", "growth": 0.549}, {"period": "+1q", "growth": 0.431}, {"period": "0y", "growth": 0.305}, {"period": "+1y", "growth": 0.109}, {"period": "+5y", "growth": 0.120865}, {"period": "-5y"}]}, "esgScores": {"maxAge": 86400, "totalEsg": 37.64, "environmentScore": 20.89, "socialScore": 10.17, "governanceScore": 6.58, "ratingYear": 2020, "ratingMonth": 10, "highestControversy": 3.0, "peerCount": 39, "esgPerformance": "OUT_PERF", "peerGroup": "Refiners & Pipelines", "relatedControversy": ["Employee Incidents"], "peerEsgScorePerformance": {"min": 18.81, "avg": 30.688461538461535, "max": 50.6}, "peerGovernancePerformance": {"min": 3.31, "avg": 5.169189189189189, "max": 7.52}, "peerSocialPerformance": {"min": 5.12, "avg": 9.017297297297299, "max": 16.2}, "peerEnvironmentPerformance": {"min": 7.91, "avg": 15.425405405405403, "max": 22.39}, "peerHighestControversyPerformance": {"min": 0.0, "avg": 1.9230769230769231, "max": 5.0}, "percentile": 79.74, "environmentPercentile": null, "socialPercentile": null, "governancePercentile": null, "adult": false, "alcoholic": false, "animalTesting": false, "catholic": false, "controversialWeapons": false, "smallArms": false, "furLeather": false, "gambling": false, "gmo": false, "militaryContract": false, "nuclear": false, "pesticides": false, "palmOil": false, "coal": false, "tobacco": false}, "insiderTransactions": {"transactions": [{"maxAge": 1, "shares": 6912370, "filerUrl": "", "transactionText": "", "filerName": "Govt of India", "filerRelation": "Promoter", "moneyText": "", "startDate": "2019-10-10", "ownership": "D"}, {"maxAge": 1, "shares": 13849907, "filerUrl": "", "transactionText": "", "filerName": "Govt of India", "filerRelation": "Promoter", "moneyText": "", "startDate": "2019-02-21", "ownership": "D"}], "maxAge": 1}, "quoteType": {"exchange": "BSE", "quoteType": "EQUITY", "symbol": "BPCL.BO", "underlyingSymbol": "BPCL.BO", "shortName": "BHARAT PETROLEUM CORPORATION L", "longName": "Bharat Petroleum Corporation Limited", "firstTradeDateEpochUtc": "1996-10-29 09:15:00", "timeZoneFullName": "Asia/Kolkata", "timeZoneShortName": "IST", "uuid": "34036997-cd9a-3fbc-90db-31403be3c430", "messageBoardId": null, "gmtOffSetMilliseconds": 19800000, "maxAge": 1}, "incomeStatementHistory": {"incomeStatementHistory": [{"maxAge": 1, "endDate": "2020-03-31", "totalRevenue": 2845719000000, "costOfRevenue": 2525921300000, "grossProfit": 319797700000, "researchDevelopment": {}, "sellingGeneralAdministrative": 41889900000, "nonRecurring": {}, "otherOperatingExpenses": 169448800000, "totalOperatingExpenses": 2778060800000, "operatingIncome": 67658200000, "totalOtherIncomeExpenseNet": -31142500000, "ebit": 67658200000, "interestExpense": -26037200000, "incomeBeforeTax": 36515700000, "incomeTaxExpense": -142100000, "minorityInterest": 20563300000, "netIncomeFromContinuingOps": 36657800000, "discontinuedOperations": {}, "extraordinaryItems": {}, "effectOfAccountingCharges": {}, "otherItems": {}, "netIncome": 30553600000, "netIncomeApplicableToCommonShares": 30553600000}, {"maxAge": 1, "endDate": "2019-03-31", "totalRevenue": 2982255900000, "costOfRevenue": 2611424500000, "grossProfit": 370831400000, "researchDevelopment": {}, "sellingGeneralAdministrative": 43909000000, "nonRecurring": {}, "otherOperatingExpenses": 168647600000, "totalOperatingExpenses": 2858158800000, "operatingIncome": 124097100000, "totalOtherIncomeExpenseNet": 4956600000, "ebit": 124097100000, "interestExpense": -17364400000, "incomeBeforeTax": 129053700000, "incomeTaxExpense": 43775200000, "minorityInterest": 20700400000, "netIncomeFromContinuingOps": 85278500000, "discontinuedOperations": {}, "extraordinaryItems": {}, "effectOfAccountingCharges": {}, "otherItems": {}, "netIncome": 78023000000, "netIncomeApplicableToCommonShares": 78023000000}, {"maxAge": 1, "endDate": "2018-03-31", "totalRevenue": 2358951100000, "costOfRevenue": 2021117000000, "grossProfit": 337834100000, "researchDevelopment": {}, "sellingGeneralAdministrative": 40084700000, "nonRecurring": {}, "otherOperatingExpenses": 140677600000, "totalOperatingExpenses": 2230729300000, "operatingIncome": 128221800000, "totalOtherIncomeExpenseNet": 13513400000, "ebit": 128221800000, "interestExpense": -11635800000, "incomeBeforeTax": 141735200000, "incomeTaxExpense": 43816100000, "minorityInterest": 19050900000, "netIncomeFromContinuingOps": 97919100000, "discontinuedOperations": {}, "extraordinaryItems": {}, "effectOfAccountingCharges": {}, "otherItems": {}, "netIncome": 90086300000, "netIncomeApplicableToCommonShares": 90086300000}, {"maxAge": 1, "endDate": "2017-03-31", "totalRevenue": 2012506600000, "costOfRevenue": 1714109500000, "grossProfit": 298397100000, "researchDevelopment": {}, "sellingGeneralAdministrative": 40168000000, "nonRecurring": {}, "otherOperatingExpenses": 120345900000, "totalOperatingExpenses": 1895699800000, "operatingIncome": 116806800000, "totalOtherIncomeExpenseNet": 20189300000, "ebit": 116806800000, "interestExpense": -6693600000, "incomeBeforeTax": 136996100000, "incomeTaxExpense": 41926400000, "minorityInterest": 19581900000, "netIncomeFromContinuingOps": 95069700000, "discontinuedOperations": {}, "extraordinaryItems": {}, "effectOfAccountingCharges": {}, "otherItems": {}, "netIncome": 87209400000, "netIncomeApplicableToCommonShares": 87209400000}], "maxAge": 86400}, "fundOwnership": {"maxAge": 1, "ownershipList": [{"maxAge": 1, "reportDate": "2020-07-31", "organization": "Vanguard International Stock Index-Total Intl Stock Indx", "pctHeld": 0.007900001, "position": 17053953, "value": 7056925751}, {"maxAge": 1, "reportDate": "2020-07-31", "organization": "Vanguard International Stock Index-Emerging Markets Stk", "pctHeld": 0.0063, "position": 13625744, "value": 5638332867}, {"maxAge": 1, "reportDate": "2020-06-30", "organization": "Lazard Emerging Markets Equity Portfolio", "pctHeld": 0.0032, "position": 6954382, "value": 2601982025}, {"maxAge": 1, "reportDate": "2020-07-31", "organization": "iShares Core MSCI Emerging Markets ETF", "pctHeld": 0.0022, "position": 4875989, "value": 2017684248}, {"maxAge": 1, "reportDate": "2020-08-31", "organization": "iShares MSCI India ETF", "pctHeld": 0.0018000001, "position": 3839478, "value": 1565163206}, {"maxAge": 1, "reportDate": "2020-07-31", "organization": "TIAA-CREF Funds-Emerging Markets Equity Fund", "pctHeld": 0.0011999999, "position": 2687400, "value": 1112046120}, {"maxAge": 1, "reportDate": "2020-08-31", "organization": "iShares MSCI Emerging Markets ETF", "pctHeld": 0.0011, "position": 2419264, "value": 986212969}, {"maxAge": 1, "reportDate": "2020-07-31", "organization": "DFA Emerging Markets Core Equity Portfolio", "pctHeld": 0.0011, "position": 2388790, "value": 988481302}, {"maxAge": 1, "reportDate": "2020-07-31", "organization": "Vanguard Intl Equity Index Fds-FTSE All World ex U.S. Index Fund", "pctHeld": 0.0008, "position": 1799386, "value": 744585926}, {"maxAge": 1, "reportDate": "2020-06-30", "organization": "College Retirement Equities Fund-Stock Account", "pctHeld": 0.0007, "position": 1622665, "value": 607120109}]}, "summaryDetail": {"maxAge": 1, "priceHint": 2, "previousClose": 419.65, "open": 415.5, "dayLow": 415.05, "dayHigh": 437.4, "regularMarketPreviousClose": 419.65, "regularMarketOpen": 415.5, "regularMarketDayLow": 415.05, "regularMarketDayHigh": 437.4, "trailingPE": 23.954372, "volume": 1000188, "regularMarketVolume": 1000188, "averageVolume": 439587, "averageVolume10days": 597417, "averageDailyVolume10Day": 597417, "bid": 422.15, "ask": 426.5, "bidSize": 0, "askSize": 0, "marketCap": 915640483840, "fiftyTwoWeekLow": 252.0, "fiftyTwoWeekHigh": 480.8, "fiftyDayAverage": 407.92285, "twoHundredDayAverage": 390.44855, "trailingAnnualDividendRate": 16.5, "trailingAnnualDividendYield": 0.03931848, "currency": "INR", "fromCurrency": null, "toCurrency": null, "lastMarket": null, "algorithm": null, "tradeable": false}, "incomeStatementHistoryQuarterly": {"incomeStatementHistory": [{"maxAge": 1, "endDate": "2020-06-30", "totalRevenue": 379992500000, "costOfRevenue": 292078800000, "grossProfit": 87913700000, "researchDevelopment": {}, "sellingGeneralAdministrative": 10034800000, "nonRecurring": {}, "otherOperatingExpenses": 34709200000, "totalOperatingExpenses": 347550500000, "operatingIncome": 32442000000, "totalOtherIncomeExpenseNet": -1634500000, "ebit": 32442000000, "interestExpense": -6911300000, "incomeBeforeTax": 30807500000, "incomeTaxExpense": 8930100000, "minorityInterest": {}, "netIncomeFromContinuingOps": 21877400000, "discontinuedOperations": {}, "extraordinaryItems": {}, "effectOfAccountingCharges": {}, "otherItems": {}, "netIncome": 20353900000, "netIncomeApplicableToCommonShares": 20353900000}, {"maxAge": 1, "endDate": "2020-03-31", "totalRevenue": 689978300000, "costOfRevenue": 622606800000, "grossProfit": 67371500000, "researchDevelopment": {}, "sellingGeneralAdministrative": 11787000000, "nonRecurring": {}, "otherOperatingExpenses": 40936000000, "totalOperatingExpenses": 685764000000, "operatingIncome": 4214300000, "totalOtherIncomeExpenseNet": -33803400000, "ebit": 4214300000, "interestExpense": -6561900000, "incomeBeforeTax": -29589100000, "incomeTaxExpense": -11393500000, "minorityInterest": 20563300000, "netIncomeFromContinuingOps": -18195600000, "discontinuedOperations": {}, "extraordinaryItems": {}, "effectOfAccountingCharges": {}, "otherItems": {}, "netIncome": -18473700000, "netIncomeApplicableToCommonShares": -18473700000}, {"maxAge": 1, "endDate": "2019-12-31", "totalRevenue": 749591800000, "costOfRevenue": 663211700000, "grossProfit": 86380100000, "researchDevelopment": {}, "sellingGeneralAdministrative": 9695100000, "nonRecurring": {}, "otherOperatingExpenses": 45700800000, "totalOperatingExpenses": 729029700000, "operatingIncome": 20562100000, "totalOtherIncomeExpenseNet": 3778000000, "ebit": 20562100000, "interestExpense": -6256600000, "incomeBeforeTax": 24340100000, "incomeTaxExpense": 3825800000, "minorityInterest": 20563300000, "netIncomeFromContinuingOps": 20514300000, "discontinuedOperations": {}, "extraordinaryItems": {}, "effectOfAccountingCharges": {}, "otherItems": {}, "netIncome": 17763500000, "netIncomeApplicableToCommonShares": 17763500000}, {"maxAge": 1, "endDate": "2019-09-30", "totalRevenue": 642895000000, "costOfRevenue": 558317300000, "grossProfit": 84577700000, "researchDevelopment": {}, "sellingGeneralAdministrative": 10132200000, "nonRecurring": {}, "otherOperatingExpenses": 45959400000, "totalOperatingExpenses": 624580400000, "operatingIncome": 18314600000, "totalOtherIncomeExpenseNet": -300100000, "ebit": 18314600000, "interestExpense": -7557900000, "incomeBeforeTax": 18014500000, "incomeTaxExpense": 1671300000, "minorityInterest": 22749400000, "netIncomeFromContinuingOps": 16343200000, "discontinuedOperations": {}, "extraordinaryItems": {}, "effectOfAccountingCharges": {}, "otherItems": {}, "netIncome": 15026300000, "netIncomeApplicableToCommonShares": 15026300000}], "maxAge": 86400}, "cashflowStatementHistoryQuarterly": {"cashflowStatements": [{"maxAge": 1, "endDate": "2020-06-30", "netIncome": 20353900000, "changeToLiabilities": 0}, {"maxAge": 1, "endDate": "2020-03-31", "netIncome": -18473700000, "changeToLiabilities": 0}, {"maxAge": 1, "endDate": "2019-12-31", "netIncome": 17763500000, "changeToLiabilities": 0}, {"maxAge": 1, "endDate": "2019-09-30", "netIncome": 15026300000, "changeToLiabilities": 0}], "maxAge": 86400}, "insiderHolders": {"holders": [{"maxAge": 1, "name": "Govt of India", "relation": "Promoter", "url": "", "transactionDescription": "Sale", "latestTransDate": "2019-10-10", "positionDirect": 1149183592, "positionDirectDate": "2019-10-10"}], "maxAge": 1}, "calendarEvents": {"maxAge": 1, "earnings": {"earningsDate": ["2019-08-06 05:30:S", "2019-08-10 05:30:S"]}}, "price": {"maxAge": 1, "regularMarketChangePercent": 0.0058382275, "regularMarketChange": 2.4500122, "regularMarketTime": "2021-04-30 15:47:16", "priceHint": 2, "regularMarketPrice": 422.1, "regularMarketDayHigh": 437.4, "regularMarketDayLow": 415.05, "regularMarketVolume": 1000188, "averageDailyVolume10Day": 597417, "averageDailyVolume3Month": 439587, "regularMarketPreviousClose": 419.65, "regularMarketSource": "FREE_REALTIME", "regularMarketOpen": 415.5, "exchange": "BSE", "exchangeName": "BSE", "exchangeDataDelayedBy": 0, "marketState": "CLOSED", "quoteType": "EQUITY", "symbol": "BPCL.BO", "underlyingSymbol": null, "shortName": "BHARAT PETROLEUM CORPORATION L", "longName": "Bharat Petroleum Corporation Limited", "currency": "INR", "quoteSourceName": "Delayed Quote", "currencySymbol": "\u20b9", "fromCurrency": null, "toCurrency": null, "lastMarket": null, "marketCap": 915640483840}, "balanceSheetHistory": {"balanceSheetStatements": [{"maxAge": 1, "endDate": "2020-03-31", "cash": 7996300000, "shortTermInvestments": 609100000, "netReceivables": 132968300000, "inventory": 222426000000, "otherCurrentAssets": 37386400000, "totalCurrentAssets": 432517500000, "longTermInvestments": 218307600000, "propertyPlantEquipment": 697096100000, "intangibleAssets": 81888300000, "otherAssets": 78826100000, "deferredLongTermAssetCharges": 35800000, "totalAssets": 1508635600000, "accountsPayable": 131072100000, "shortLongTermDebt": 36722000000, "otherCurrentLiab": 202268000000, "longTermDebt": 380438900000, "otherLiab": 82003200000, "minorityInterest": 20563300000, "totalCurrentLiabilities": 602215100000, "totalLiab": 1122749000000, "commonStock": 19668800000, "retainedEarnings": 324443100000, "treasuryStock": 18713500000, "capitalSurplus": 2497900000, "otherStockholderEquity": 18713500000, "totalStockholderEquity": 365323300000, "netTangibleAssets": 283435000000}, {"maxAge": 1, "endDate": "2019-03-31", "cash": 4142500000, "shortTermInvestments": 2159600000, "netReceivables": 183713800000, "inventory": 229348700000, "otherCurrentAssets": 31599900000, "totalCurrentAssets": 487816500000, "longTermInvestments": 191414200000, "propertyPlantEquipment": 562639400000, "intangibleAssets": 67051500000, "otherAssets": 60382200000, "deferredLongTermAssetCharges": 42700000, "totalAssets": 1369303800000, "accountsPayable": 178344700000, "shortLongTermDebt": 19245700000, "otherCurrentLiab": 189988400000, "longTermDebt": 343155800000, "otherLiab": 86703200000, "minorityInterest": 20700400000, "totalCurrentLiabilities": 531097200000, "totalLiab": 960956200000, "commonStock": 19668800000, "retainedEarnings": 354286100000, "treasuryStock": 11194400000, "capitalSurplus": 2497900000, "otherStockholderEquity": 11194400000, "totalStockholderEquity": 387647200000, "netTangibleAssets": 320595700000}, {"maxAge": 1, "endDate": "2018-03-31", "cash": 5936000000, "shortTermInvestments": 7458600000, "netReceivables": 102407800000, "inventory": 225309400000, "otherCurrentAssets": 31205500000, "totalCurrentAssets": 406015100000, "longTermInvestments": 182863100000, "propertyPlantEquipment": 497471500000, "intangibleAssets": 56666300000, "otherAssets": 60544600000, "totalAssets": 1203560600000, "accountsPayable": 151982100000, "shortLongTermDebt": 6620500000, "otherCurrentLiab": 168145200000, "longTermDebt": 289042800000, "otherLiab": 71179600000, "minorityInterest": 19050900000, "totalCurrentLiabilities": 458101600000, "totalLiab": 818324000000, "commonStock": 19668800000, "retainedEarnings": 321967000000, "treasuryStock": 22052000000, "capitalSurplus": 2497900000, "otherStockholderEquity": 22052000000, "totalStockholderEquity": 366185700000, "netTangibleAssets": 309519400000}, {"maxAge": 1, "endDate": "2017-03-31", "cash": 6079400000, "shortTermInvestments": 12653700000, "netReceivables": 79314700000, "inventory": 211967800000, "otherCurrentAssets": 36541900000, "totalCurrentAssets": 379100800000, "longTermInvestments": 156654700000, "propertyPlantEquipment": 452014100000, "intangibleAssets": 53160400000, "otherAssets": 49932600000, "totalAssets": 1090862600000, "accountsPayable": 113824700000, "shortLongTermDebt": 42524000000, "otherCurrentLiab": 185017200000, "longTermDebt": 232553300000, "otherLiab": 57529300000, "minorityInterest": 19581900000, "totalCurrentLiabilities": 473000600000, "totalLiab": 763083200000, "commonStock": 13112500000, "retainedEarnings": 279527600000, "treasuryStock": 13064800000, "capitalSurplus": 2492600000, "otherStockholderEquity": 13064800000, "totalStockholderEquity": 308197500000, "netTangibleAssets": 255037100000}], "maxAge": 86400}, "financialData": {"maxAge": 86400, "currentPrice": 422.1, "recommendationKey": "none", "grossProfits": 319797700000, "financialCurrency": "INR"}}}