{"BPL.NS": {"assetProfile": {"address1": "Dynamic House", "address2": "No. 64, Church Street Post Box No. 5194", "city": "Bengaluru", "zip": "560001", "country": "India", "phone": "91 80 2532 7985", "website": "http://www.bpl.in", "industry": "Consumer Electronics", "sector": "Technology", "longBusinessSummary": "BPL Limited manufactures and sells electronic products primarily in India. It offers televisions, washing machines, refrigerators, microwave ovens, air conditioners, dish washers, and soundbars, as well as printed circuit boards. The company provides its products under the BPL brand name. BPL Limited was founded in 1963 and is based in Bengaluru, India.", "fullTimeEmployees": 106, "companyOfficers": [{"maxAge": 1, "name": "Mr. Ajit Gopal Nambiar", "age": 57, "title": "Exec. Chairman & MD", "yearBorn": 1963, "fiscalYear": 2020, "totalPay": 10500000, "exercisedValue": 0, "unexercisedValue": 0}, {"maxAge": 1, "name": "Ms. Dolly  Lohia", "title": "Company Sec. & Compliance Officer", "exercisedValue": 0, "unexercisedValue": 0}, {"maxAge": 1, "name": "Mr. Manmohan  Ganesh", "title": "Chief Operating Officer", "exercisedValue": 0, "unexercisedValue": 0}, {"maxAge": 1, "name": "Mr. Varadarajan  Srinivasan", "age": 64, "title": "Gen. Mang. of Corp. Accounts", "yearBorn": 1956, "fiscalYear": 2009, "exercisedValue": 0, "unexercisedValue": 0}, {"maxAge": 1, "name": "Mr. K.  Vishwanath", "age": 66, "title": "Chief Corp. & Admin. Officer", "yearBorn": 1954, "fiscalYear": 2009, "exercisedValue": 0, "unexercisedValue": 0}, {"maxAge": 1, "name": "Mr. S.  Hariharan", "age": 66, "title": "Head of Taxation and Legal", "yearBorn": 1954, "fiscalYear": 2009, "exercisedValue": 0, "unexercisedValue": 0}, {"maxAge": 1, "name": "Mr. Sharad  Mathur", "age": 58, "title": "VP of Marketing", "yearBorn": 1962, "fiscalYear": 2005, "exercisedValue": 0, "unexercisedValue": 0}, {"maxAge": 1, "name": "Shailesh  Mudaliar", "title": "Chief Human Relations Officer", "exercisedValue": 0, "unexercisedValue": 0}, {"maxAge": 1, "name": "S. H. Katti", "age": 67, "title": "VP", "yearBorn": 1953, "fiscalYear": 2009, "exercisedValue": 0, "unexercisedValue": 0}], "auditRisk": 3, "boardRisk": 1, "compensationRisk": 1, "shareHolderRightsRisk": 3, "overallRisk": 1, "governanceEpochDate": "2021-04-01 05:30:00", "compensationAsOfEpochDate": "2020-12-31 05:30:00", "maxAge": 86400}, "recommendationTrend": {"trend": [{"period": "0m", "strongBuy": 0, "buy": 0, "hold": 0, "sell": 0, "strongSell": 0}, {"period": "-1m", "strongBuy": 0, "buy": 0, "hold": 0, "sell": 0, "strongSell": 0}, {"period": "-2m", "strongBuy": 0, "buy": 0, "hold": 0, "sell": 0, "strongSell": 0}, {"period": "-3m", "strongBuy": 0, "buy": 0, "hold": 0, "sell": 0, "strongSell": 0}], "maxAge": 86400}, "cashflowStatementHistory": {"cashflowStatements": [{"maxAge": 1, "endDate": "2020-03-31", "netIncome": 37502000, "depreciation": 7657000, "changeToNetincome": -200517000, "changeToAccountReceivables": 95793000, "changeToLiabilities": -15537000, "changeToInventory": 62025000, "changeToOperatingActivities": 97459000, "totalCashFromOperatingActivities": 84439000, "capitalExpenditures": -129948000, "otherCashflowsFromInvestingActivities": 1872000, "totalCashflowsFromInvestingActivities": -114976000, "netBorrowings": 26286000, "otherCashflowsFromFinancingActivities": -23211000, "totalCashFromFinancingActivities": 3075000, "changeInCash": -27463000}, {"maxAge": 1, "endDate": "2019-03-31", "netIncome": 9321000, "depreciation": 5005000, "changeToNetincome": 33353000, "changeToAccountReceivables": -99828000, "changeToLiabilities": 26809000, "changeToInventory": 1780000, "changeToOperatingActivities": -41833000, "totalCashFromOperatingActivities": -65336000, "capitalExpenditures": -46837000, "otherCashflowsFromInvestingActivities": 4301000, "totalCashflowsFromInvestingActivities": -37483000, "dividendsPaid": -17000, "netBorrowings": 34708000, "otherCashflowsFromFinancingActivities": -18328000, "totalCashFromFinancingActivities": 16363000, "changeInCash": -86456000}, {"maxAge": 1, "endDate": "2018-03-31", "netIncome": 73453000, "depreciation": 4864000, "changeToNetincome": 35877000, "changeToAccountReceivables": 20216000, "changeToLiabilities": -2007000, "changeToInventory": 54800000, "changeToOperatingActivities": -150037000, "totalCashFromOperatingActivities": 37216000, "capitalExpenditures": -5029000, "otherCashflowsFromInvestingActivities": 4607000, "totalCashflowsFromInvestingActivities": 149578000, "dividendsPaid": -17000, "netBorrowings": -177031000, "otherCashflowsFromFinancingActivities": -18145000, "totalCashFromFinancingActivities": -195193000, "changeInCash": -8399000}, {"maxAge": 1, "endDate": "2017-03-31", "netIncome": 530712000, "depreciation": 6697000, "changeToNetincome": -518779000, "changeToAccountReceivables": -55038000, "changeToLiabilities": 21638000, "changeToInventory": -148122000, "changeToOperatingActivities": -437630000, "totalCashFromOperatingActivities": -600507000, "capitalExpenditures": -5029000, "otherCashflowsFromInvestingActivities": 4349000, "totalCashflowsFromInvestingActivities": 566342000, "dividendsPaid": -17000, "netBorrowings": 174640000, "otherCashflowsFromFinancingActivities": -33632000, "totalCashFromFinancingActivities": 140991000, "changeInCash": 106825000}], "maxAge": 86400}, "indexTrend": {"maxAge": 1, "symbol": "SP5", "peRatio": 19.7411, "pegRatio": 1.34172, "estimates": [{"period": "0q", "growth": 0.549}, {"period": "+1q", "growth": 0.431}, {"period": "0y", "growth": 0.305}, {"period": "+1y", "growth": 0.109}, {"period": "+5y", "growth": 0.120865}, {"period": "-5y"}]}, "defaultKeyStatistics": {"maxAge": 1, "priceHint": 2, "enterpriseValue": 865505984, "profitMargins": 0.22365, "floatShares": 18031115, "sharesOutstanding": 48884800, "heldPercentInsiders": 0.65949994, "heldPercentInstitutions": 0.0, "beta": 1.412973, "category": null, "bookValue": 34.928, "priceToBook": 0.9791571, "fundFamily": null, "legalType": null, "lastFiscalYearEnd": "2020-03-31 05:30:00", "nextFiscalYearEnd": "2022-03-31 05:30:00", "mostRecentQuarter": "2020-12-31 05:30:00", "netIncomeToCommon": 106272000, "trailingEps": 2.188, "lastSplitFactor": null, "enterpriseToRevenue": 1.821, "enterpriseToEbitda": -12.777, "52WeekChange": 1.228013, "SandP52WeekChange": 0.48148263, "lastDividendValue": 2.5, "lastDividendDate": 999475200}, "industryTrend": {"maxAge": 1, "symbol": null, "estimates": []}, "quoteType": {"exchange": "NSI", "quoteType": "EQUITY", "symbol": "BPL.NS", "underlyingSymbol": "BPL.NS", "shortName": "BPL", "longName": "BPL Limited", "firstTradeDateEpochUtc": "2002-07-01 09:15:00", "timeZoneFullName": "Asia/Kolkata", "timeZoneShortName": "IST", "uuid": "72d11882-049b-320c-9f31-1a8418dca71f", "messageBoardId": "finmb_882639", "gmtOffSetMilliseconds": 19800000, "maxAge": 1}, "incomeStatementHistory": {"incomeStatementHistory": [{"maxAge": 1, "endDate": "2020-03-31", "totalRevenue": 945628000, "costOfRevenue": 841860000, "grossProfit": 103768000, "researchDevelopment": {}, "sellingGeneralAdministrative": 102166000, "nonRecurring": {}, "otherOperatingExpenses": 139597000, "totalOperatingExpenses": 1108982000, "operatingIncome": -163354000, "totalOtherIncomeExpenseNet": -10287000, "ebit": -163354000, "interestExpense": -15011000, "incomeBeforeTax": -173641000, "incomeTaxExpense": -211143000, "minorityInterest": {}, "netIncomeFromContinuingOps": 37502000, "discontinuedOperations": {}, "extraordinaryItems": {}, "effectOfAccountingCharges": {}, "otherItems": {}, "netIncome": 37502000, "netIncomeApplicableToCommonShares": 37502000}, {"maxAge": 1, "endDate": "2019-03-31", "totalRevenue": 1402786000, "costOfRevenue": 1156479000, "grossProfit": 246307000, "researchDevelopment": {}, "sellingGeneralAdministrative": 104739000, "nonRecurring": {}, "otherOperatingExpenses": 100704000, "totalOperatingExpenses": 1368217000, "operatingIncome": 34569000, "totalOtherIncomeExpenseNet": 2462000, "ebit": 34569000, "interestExpense": -9690000, "incomeBeforeTax": 37031000, "incomeTaxExpense": 27710000, "minorityInterest": {}, "netIncomeFromContinuingOps": 9321000, "discontinuedOperations": {}, "extraordinaryItems": {}, "effectOfAccountingCharges": {}, "otherItems": {}, "netIncome": 9321000, "netIncomeApplicableToCommonShares": 9321000}, {"maxAge": 1, "endDate": "2018-03-31", "totalRevenue": 1242825000, "costOfRevenue": 947107000, "grossProfit": 295718000, "researchDevelopment": {}, "sellingGeneralAdministrative": 76493000, "nonRecurring": {}, "otherOperatingExpenses": 103168000, "totalOperatingExpenses": 1132160000, "operatingIncome": 110665000, "totalOtherIncomeExpenseNet": 115573000, "ebit": 110665000, "interestExpense": -16725000, "incomeBeforeTax": 226238000, "incomeTaxExpense": 152785000, "minorityInterest": {}, "netIncomeFromContinuingOps": 73453000, "discontinuedOperations": {}, "extraordinaryItems": {}, "effectOfAccountingCharges": {}, "otherItems": {}, "netIncome": 73453000, "netIncomeApplicableToCommonShares": 73453000}, {"maxAge": 1, "endDate": "2017-03-31", "totalRevenue": 939138000, "costOfRevenue": 705307000, "grossProfit": 233831000, "researchDevelopment": {}, "sellingGeneralAdministrative": 87234000, "nonRecurring": {}, "otherOperatingExpenses": 140687000, "totalOperatingExpenses": 939328000, "operatingIncome": -190000, "totalOtherIncomeExpenseNet": 534004000, "ebit": -190000, "interestExpense": -31859000, "incomeBeforeTax": 533814000, "incomeTaxExpense": 3102000, "minorityInterest": {}, "netIncomeFromContinuingOps": 530712000, "discontinuedOperations": {}, "extraordinaryItems": {}, "effectOfAccountingCharges": {}, "otherItems": {}, "netIncome": 530712000, "netIncomeApplicableToCommonShares": 530712000}], "maxAge": 86400}, "fundOwnership": {"maxAge": 1, "ownershipList": []}, "summaryDetail": {"maxAge": 1, "priceHint": 2, "previousClose": 36.0, "open": 34.55, "dayLow": 34.2, "dayHigh": 37.8, "regularMarketPreviousClose": 36.0, "regularMarketOpen": 34.55, "regularMarketDayLow": 34.2, "regularMarketDayHigh": 37.8, "exDividendDate": "2001-09-03 05:30:00", "payoutRatio": 0.0, "beta": 1.412973, "trailingPE": 15.630713, "volume": 1390071, "regularMarketVolume": 1390071, "averageVolume": 193369, "averageVolume10days": 431450, "averageDailyVolume10Day": 431450, "bid": 0.0, "ask": 0.0, "bidSize": 0, "askSize": 0, "marketCap": 1671860224, "fiftyTwoWeekLow": 13.95, "fiftyTwoWeekHigh": 37.8, "priceToSalesTrailing12Months": 3.518454, "fiftyDayAverage": 25.448572, "twoHundredDayAverage": 22.528473, "currency": "INR", "fromCurrency": null, "toCurrency": null, "lastMarket": null, "algorithm": null, "tradeable": false}, "insiderHolders": {"holders": [{"maxAge": 1, "name": "Nambiar International Investment Company Pvt. Ltd.", "relation": "Promoter", "url": "", "transactionDescription": "Sale", "latestTransDate": "2011-12-14", "positionDirect": 568000, "positionDirectDate": "2011-12-14"}], "maxAge": 1}, "calendarEvents": {"maxAge": 1, "earnings": {"earningsDate": []}, "exDividendDate": "2001-09-03 05:30:00"}, "price": {"maxAge": 1, "regularMarketChangePercent": -0.049999975, "regularMarketChange": -1.7999992, "regularMarketTime": "2021-04-30 15:29:44", "priceHint": 2, "regularMarketPrice": 34.2, "regularMarketDayHigh": 37.8, "regularMarketDayLow": 34.2, "regularMarketVolume": 1390071, "averageDailyVolume10Day": 431450, "averageDailyVolume3Month": 193369, "regularMarketPreviousClose": 36.0, "regularMarketSource": "FREE_REALTIME", "regularMarketOpen": 34.55, "exchange": "NSI", "exchangeName": "NSE", "exchangeDataDelayedBy": 15, "marketState": "CLOSED", "quoteType": "EQUITY", "symbol": "BPL.NS", "underlyingSymbol": null, "shortName": "BPL", "longName": "BPL Limited", "currency": "INR", "quoteSourceName": "Delayed Quote", "currencySymbol": "\u20b9", "fromCurrency": null, "toCurrency": null, "lastMarket": null, "marketCap": 1671860224}, "balanceSheetHistory": {"balanceSheetStatements": [{"maxAge": 1, "endDate": "2020-03-31", "cash": 3877000, "shortTermInvestments": 1057392000, "netReceivables": 98491000, "inventory": 76951000, "otherCurrentAssets": 132790000, "totalCurrentAssets": 1369501000, "longTermInvestments": 558694000, "propertyPlantEquipment": 220017000, "intangibleAssets": 274000, "otherAssets": 1617593000, "deferredLongTermAssetCharges": 492941000, "totalAssets": 3766079000, "accountsPayable": 140733000, "otherCurrentLiab": 53576000, "longTermDebt": 26572000, "otherLiab": 23842000, "deferredLongTermLiab": 7000, "totalCurrentLiabilities": 321993000, "totalLiab": 372407000, "commonStock": 488848000, "retainedEarnings": 324783000, "treasuryStock": 884173000, "otherStockholderEquity": 884173000, "totalStockholderEquity": 1697804000, "netTangibleAssets": 1697530000}, {"maxAge": 1, "endDate": "2019-03-31", "cash": 10688000, "shortTermInvestments": 28233000, "netReceivables": 1307285000, "inventory": 138976000, "otherCurrentAssets": 111450000, "totalCurrentAssets": 1596632000, "longTermInvestments": 558694000, "propertyPlantEquipment": 97010000, "intangibleAssets": 333000, "otherAssets": 1419953000, "deferredLongTermAssetCharges": 281798000, "totalAssets": 3672622000, "accountsPayable": 156269000, "otherCurrentLiab": 16023000, "otherLiab": 17686000, "deferredLongTermLiab": 7000, "totalCurrentLiabilities": 301218000, "totalLiab": 318904000, "commonStock": 488848000, "retainedEarnings": 287214000, "treasuryStock": 881788000, "otherStockholderEquity": 881788000, "totalStockholderEquity": 1657850000, "netTangibleAssets": 1657517000}, {"maxAge": 1, "endDate": "2018-03-31", "cash": 10508000, "shortTermInvestments": 110419000, "netReceivables": 1157458000, "inventory": 140757000, "otherCurrentAssets": 108595000, "totalCurrentAssets": 1527737000, "longTermInvestments": 563694000, "propertyPlantEquipment": 55587000, "intangibleAssets": 389000, "otherAssets": 1452458000, "deferredLongTermAssetCharges": 309508000, "totalAssets": 3599865000, "accountsPayable": 129460000, "otherCurrentLiab": 15717000, "otherLiab": 10668000, "deferredLongTermLiab": 7000, "totalCurrentLiabilities": 244781000, "totalLiab": 255449000, "commonStock": 488848000, "retainedEarnings": 277934000, "treasuryStock": 881766000, "otherStockholderEquity": 881766000, "totalStockholderEquity": 1648548000, "netTangibleAssets": 1648159000}, {"maxAge": 1, "endDate": "2017-03-31", "cash": 133776000, "shortTermInvestments": 2050000, "netReceivables": 1114331000, "inventory": 195557000, "otherCurrentAssets": 88441000, "totalCurrentAssets": 1534155000, "longTermInvestments": 558694000, "propertyPlantEquipment": 74088000, "intangibleAssets": 439000, "otherAssets": 1605456000, "deferredLongTermAssetCharges": 462293000, "totalAssets": 3772832000, "accountsPayable": 131468000, "otherCurrentLiab": 82176000, "longTermDebt": 43848000, "otherLiab": 13565000, "deferredLongTermLiab": 7000, "totalCurrentLiabilities": 444679000, "totalLiab": 502092000, "commonStock": 488848000, "retainedEarnings": 204480000, "treasuryStock": 881544000, "otherStockholderEquity": 881544000, "totalStockholderEquity": 1574872000, "netTangibleAssets": 1574433000}], "maxAge": 86400}, "earningsTrend": {"trend": [{"maxAge": 1, "period": "0q", "endDate": null, "growth": {}, "earningsEstimate": {"avg": 0.0, "low": 0.0, "high": 0.0, "yearAgoEps": {}, "numberOfAnalysts": 0, "growth": {}}, "revenueEstimate": {"avg": 0, "low": 0, "high": 0, "numberOfAnalysts": 0, "yearAgoRevenue": {}, "growth": {}}, "epsTrend": {"current": 0.0, "7daysAgo": 0.0, "30daysAgo": 0.0, "60daysAgo": 0.0, "90daysAgo": 0.0}, "epsRevisions": {"upLast7days": 0, "upLast30days": 0, "downLast30days": 0, "downLast90days": {}}}, {"maxAge": 1, "period": "+1q", "endDate": null, "growth": {}, "earningsEstimate": {"avg": 0.0, "low": 0.0, "high": 0.0, "yearAgoEps": {}, "numberOfAnalysts": 0, "growth": {}}, "revenueEstimate": {"avg": 0, "low": 0, "high": 0, "numberOfAnalysts": 0, "yearAgoRevenue": {}, "growth": {}}, "epsTrend": {"current": 0.0, "7daysAgo": 0.0, "30daysAgo": 0.0, "60daysAgo": 0.0, "90daysAgo": 0.0}, "epsRevisions": {"upLast7days": 0, "upLast30days": 0, "downLast30days": 0, "downLast90days": {}}}, {"maxAge": 1, "period": "0y", "endDate": null, "growth": {}, "earningsEstimate": {"avg": 0.0, "low": 0.0, "high": 0.0, "yearAgoEps": {}, "numberOfAnalysts": 0, "growth": {}}, "revenueEstimate": {"avg": 0, "low": 0, "high": 0, "numberOfAnalysts": 0, "yearAgoRevenue": {}, "growth": {}}, "epsTrend": {"current": 0.0, "7daysAgo": 0.0, "30daysAgo": 0.0, "60daysAgo": 0.0, "90daysAgo": 0.0}, "epsRevisions": {"upLast7days": 0, "upLast30days": 0, "downLast30days": 0, "downLast90days": {}}}, {"maxAge": 1, "period": "+1y", "endDate": null, "growth": {}, "earningsEstimate": {"avg": 0.0, "low": 0.0, "high": 0.0, "yearAgoEps": {}, "numberOfAnalysts": 0, "growth": {}}, "revenueEstimate": {"avg": 0, "low": 0, "high": 0, "numberOfAnalysts": 0, "yearAgoRevenue": {}, "growth": {}}, "epsTrend": {"current": 0.0, "7daysAgo": 0.0, "30daysAgo": 0.0, "60daysAgo": 0.0, "90daysAgo": 0.0}, "epsRevisions": {"upLast7days": 0, "upLast30days": 0, "downLast30days": 0, "downLast90days": {}}}, {"maxAge": 1, "period": "+5y", "endDate": null, "growth": {}, "earningsEstimate": {"avg": {}, "low": {}, "high": {}, "yearAgoEps": {}, "numberOfAnalysts": {}, "growth": {}}, "revenueEstimate": {"avg": {}, "low": {}, "high": {}, "numberOfAnalysts": {}, "yearAgoRevenue": {}, "growth": {}}, "epsTrend": {"current": {}, "7daysAgo": {}, "30daysAgo": {}, "60daysAgo": {}, "90daysAgo": {}}, "epsRevisions": {"upLast7days": {}, "upLast30days": {}, "downLast30days": {}, "downLast90days": {}}}, {"maxAge": 1, "period": "-5y", "endDate": null, "growth": -0.09533, "earningsEstimate": {"avg": {}, "low": {}, "high": {}, "yearAgoEps": {}, "numberOfAnalysts": {}, "growth": {}}, "revenueEstimate": {"avg": {}, "low": {}, "high": {}, "numberOfAnalysts": {}, "yearAgoRevenue": {}, "growth": {}}, "epsTrend": {"current": {}, "7daysAgo": {}, "30daysAgo": {}, "60daysAgo": {}, "90daysAgo": {}}, "epsRevisions": {"upLast7days": {}, "upLast30days": {}, "downLast30days": {}, "downLast90days": {}}}], "maxAge": 1}, "institutionOwnership": {"maxAge": 1, "ownershipList": []}, "majorHoldersBreakdown": {"maxAge": 1, "insidersPercentHeld": 0.65949994, "institutionsPercentHeld": 0.0, "institutionsFloatPercentHeld": 0.0, "institutionsCount": 0}, "balanceSheetHistoryQuarterly": {"balanceSheetStatements": [{"maxAge": 1, "endDate": "2020-12-31", "totalStockholderEquity": 1685259000, "netTangibleAssets": 1684895000}, {"maxAge": 1, "endDate": "2020-09-30", "cash": 8035000, "shortTermInvestments": 1046547000, "netReceivables": 123200000, "inventory": 34204000, "otherCurrentAssets": 126139000, "totalCurrentAssets": 1338125000, "longTermInvestments": 558694000, "propertyPlantEquipment": 212950000, "intangibleAssets": 364000, "otherAssets": 1620531000, "deferredLongTermAssetCharges": 492941000, "totalAssets": 3730664000, "accountsPayable": 117751000, "otherCurrentLiab": 1743219000, "longTermDebt": 26613000, "otherLiab": 23542000, "totalCurrentLiabilities": 1995250000, "totalLiab": 2045405000, "commonStock": 488848000, "treasuryStock": 1196411000, "otherStockholderEquity": 1196411000, "totalStockholderEquity": 1685259000, "netTangibleAssets": 1684895000}, {"maxAge": 1, "endDate": "2020-06-30", "totalStockholderEquity": 1697804000, "netTangibleAssets": 1697412000}, {"maxAge": 1, "endDate": "2020-03-31", "cash": 3877000, "shortTermInvestments": 1057392000, "netReceivables": 98491000, "inventory": 76951000, "otherCurrentAssets": 132790000, "totalCurrentAssets": 1369501000, "longTermInvestments": 558694000, "propertyPlantEquipment": 220017000, "intangibleAssets": 274000, "otherAssets": 1617593000, "deferredLongTermAssetCharges": 492941000, "totalAssets": 3766079000, "accountsPayable": 140733000, "otherCurrentLiab": 53576000, "longTermDebt": 26572000, "otherLiab": 23842000, "deferredLongTermLiab": 7000, "totalCurrentLiabilities": 321993000, "totalLiab": 372407000, "commonStock": 488848000, "retainedEarnings": 324783000, "treasuryStock": 884173000, "otherStockholderEquity": 884173000, "totalStockholderEquity": 1697804000, "netTangibleAssets": 1697530000}], "maxAge": 86400}, "earningsHistory": {"history": [{"maxAge": 1, "epsActual": {}, "epsEstimate": {}, "epsDifference": {}, "surprisePercent": {}, "quarter": {}, "period": "-4q"}, {"maxAge": 1, "epsActual": {}, "epsEstimate": {}, "epsDifference": {}, "surprisePercent": {}, "quarter": {}, "period": "-3q"}, {"maxAge": 1, "epsActual": {}, "epsEstimate": {}, "epsDifference": {}, "surprisePercent": {}, "quarter": {}, "period": "-2q"}, {"maxAge": 1, "epsActual": {}, "epsEstimate": {}, "epsDifference": {}, "surprisePercent": {}, "quarter": {}, "period": "-1q"}], "maxAge": 86400}, "summaryProfile": {"address1": "Dynamic House", "address2": "No. 64, Church Street Post Box No. 5194", "city": "Bengaluru", "zip": "560001", "country": "India", "phone": "91 80 2532 7985", "website": "http://www.bpl.in", "industry": "Consumer Electronics", "sector": "Technology", "longBusinessSummary": "BPL Limited manufactures and sells electronic products primarily in India. It offers televisions, washing machines, refrigerators, microwave ovens, air conditioners, dish washers, and soundbars, as well as printed circuit boards. The company provides its products under the BPL brand name. BPL Limited was founded in 1963 and is based in Bengaluru, India.", "fullTimeEmployees": 106, "companyOfficers": [], "maxAge": 86400}, "netSharePurchaseActivity": {"maxAge": 1, "period": "6m", "buyInfoCount": 0, "buyInfoShares": 0, "sellInfoCount": 0, "netInfoCount": 0, "netInfoShares": 0, "netPercentInsiderShares": 0.0, "totalInsiderShares": 32352592}, "insiderTransactions": {"transactions": [{"maxAge": 1, "shares": 1000000, "filerUrl": "", "transactionText": "", "filerName": "Nambiar International Investment Company Pvt. Ltd.", "filerRelation": "Promoter", "moneyText": "", "startDate": "2011-12-14", "ownership": "D"}], "maxAge": 1}, "sectorTrend": {"maxAge": 1, "symbol": null, "estimates": []}, "incomeStatementHistoryQuarterly": {"incomeStatementHistory": [{"maxAge": 1, "endDate": "2020-12-31", "totalRevenue": 103500000, "costOfRevenue": 77030000, "grossProfit": 26470000, "researchDevelopment": {}, "sellingGeneralAdministrative": 16174000, "nonRecurring": {}, "otherOperatingExpenses": 10159000, "totalOperatingExpenses": 107552000, "operatingIncome": -4052000, "totalOtherIncomeExpenseNet": -3797000, "ebit": -4052000, "interestExpense": -7062000, "incomeBeforeTax": -7849000, "incomeTaxExpense": 0, "minorityInterest": {}, "netIncomeFromContinuingOps": -7849000, "discontinuedOperations": {}, "extraordinaryItems": {}, "effectOfAccountingCharges": {}, "otherItems": {}, "netIncome": -7849000, "netIncomeApplicableToCommonShares": -7849000}, {"maxAge": 1, "endDate": "2020-09-30", "totalRevenue": 105720000, "costOfRevenue": 72917000, "grossProfit": 32803000, "researchDevelopment": {}, "sellingGeneralAdministrative": 14853000, "nonRecurring": {}, "otherOperatingExpenses": 14117000, "totalOperatingExpenses": 106191000, "operatingIncome": -471000, "totalOtherIncomeExpenseNet": 237000, "ebit": -471000, "interestExpense": -4351000, "incomeBeforeTax": -234000, "incomeTaxExpense": 0, "minorityInterest": {}, "netIncomeFromContinuingOps": -234000, "discontinuedOperations": {}, "extraordinaryItems": {}, "effectOfAccountingCharges": {}, "otherItems": {}, "netIncome": -234000, "netIncomeApplicableToCommonShares": -234000}, {"maxAge": 1, "endDate": "2020-06-30", "totalRevenue": 79289000, "costOfRevenue": 56660000, "grossProfit": 22629000, "researchDevelopment": {}, "sellingGeneralAdministrative": 16796000, "nonRecurring": {}, "otherOperatingExpenses": 12066000, "totalOperatingExpenses": 89744000, "operatingIncome": -10455000, "totalOtherIncomeExpenseNet": -1855000, "ebit": -10455000, "interestExpense": -3392000, "incomeBeforeTax": -12310000, "incomeTaxExpense": 0, "minorityInterest": {}, "netIncomeFromContinuingOps": -12310000, "discontinuedOperations": {}, "extraordinaryItems": {}, "effectOfAccountingCharges": {}, "otherItems": {}, "netIncome": -12310000, "netIncomeApplicableToCommonShares": -12310000}, {"maxAge": 1, "endDate": "2020-03-31", "totalRevenue": 186660000, "costOfRevenue": 163753000, "grossProfit": 22907000, "researchDevelopment": {}, "sellingGeneralAdministrative": 39330000, "nonRecurring": {}, "otherOperatingExpenses": 24087000, "totalOperatingExpenses": 249070000, "operatingIncome": -62410000, "totalOtherIncomeExpenseNet": -22068000, "ebit": -62410000, "interestExpense": -3392000, "incomeBeforeTax": -84478000, "incomeTaxExpense": -211143000, "minorityInterest": {}, "netIncomeFromContinuingOps": 126665000, "discontinuedOperations": {}, "extraordinaryItems": {}, "effectOfAccountingCharges": {}, "otherItems": {}, "netIncome": 126665000, "netIncomeApplicableToCommonShares": 126665000}], "maxAge": 86400}, "cashflowStatementHistoryQuarterly": {"cashflowStatements": [{"maxAge": 1, "endDate": "2020-12-31", "netIncome": -7849000, "changeToLiabilities": 0}, {"maxAge": 1, "endDate": "2020-09-30", "netIncome": -234000, "changeToLiabilities": 0}, {"maxAge": 1, "endDate": "2020-06-30", "netIncome": -12310000, "changeToLiabilities": 0}, {"maxAge": 1, "endDate": "2020-03-31", "netIncome": 126665000, "changeToLiabilities": 0}], "maxAge": 86400}, "earnings": {"maxAge": 86400, "earningsChart": {"quarterly": [], "earningsDate": []}, "financialsChart": {"yearly": [{"date": 2017, "revenue": 939138000, "earnings": 530712000}, {"date": 2018, "revenue": 1242825000, "earnings": 73453000}, {"date": 2019, "revenue": 1402786000, "earnings": 9321000}, {"date": 2020, "revenue": 945628000, "earnings": 37502000}], "quarterly": [{"date": "1Q2020", "revenue": 186660000, "earnings": 126665000}, {"date": "2Q2020", "revenue": 79289000, "earnings": -12310000}, {"date": "3Q2020", "revenue": 105720000, "earnings": -234000}, {"date": "4Q2020", "revenue": 103500000, "earnings": -7849000}]}, "financialCurrency": "INR"}, "financialData": {"maxAge": 86400, "currentPrice": 34.2, "recommendationKey": "none", "totalCash": 1054582016, "totalCashPerShare": 21.497, "ebitda": -67741000, "totalDebt": 154063008, "totalRevenue": 475168992, "debtToEquity": 9.142, "revenuePerShare": 9.785, "grossProfits": 103768000, "revenueGrowth": -0.641, "grossMargins": 0.22057, "ebitdaMargins": -0.14255999, "operatingMargins": -0.16285999, "profitMargins": 0.22365, "financialCurrency": "INR"}}}