{"BRADYM.BO": {"cashflowStatementHistory": {"cashflowStatements": [{"maxAge": 1, "endDate": "2020-03-31", "netIncome": 18394000, "depreciation": 7689000, "changeToNetincome": 17670000, "changeToAccountReceivables": 34090000, "changeToLiabilities": -25248000, "changeToInventory": 20084000, "totalCashFromOperatingActivities": 72679000, "capitalExpenditures": -2069000, "investments": -1776000, "otherCashflowsFromInvestingActivities": 1104000, "totalCashflowsFromInvestingActivities": -2663000, "netBorrowings": -58571000, "otherCashflowsFromFinancingActivities": -8707000, "totalCashFromFinancingActivities": -67278000, "changeInCash": 2738000}, {"maxAge": 1, "endDate": "2019-03-31", "netIncome": 20727000, "depreciation": 8751000, "changeToNetincome": 8464000, "changeToAccountReceivables": -10090000, "changeToLiabilities": -112000, "changeToInventory": 17868000, "totalCashFromOperatingActivities": 47017000, "capitalExpenditures": -2153000, "investments": -1776000, "otherCashflowsFromInvestingActivities": 555000, "totalCashflowsFromInvestingActivities": -1514000, "netBorrowings": -34453000, "otherCashflowsFromFinancingActivities": -11091000, "totalCashFromFinancingActivities": -45544000, "changeInCash": -41000}, {"maxAge": 1, "endDate": "2018-03-31", "netIncome": -11337000, "depreciation": 7757000, "changeToNetincome": -20327000, "changeToAccountReceivables": 97047000, "changeToLiabilities": -75375000, "changeToInventory": -51096000, "totalCashFromOperatingActivities": -53240000, "capitalExpenditures": -25146000, "investments": 3000, "otherCashflowsFromInvestingActivities": 1648000, "totalCashflowsFromInvestingActivities": 52309000, "netBorrowings": 11287000, "otherCashflowsFromFinancingActivities": -11283000, "totalCashFromFinancingActivities": 4000, "changeInCash": -927000}, {"maxAge": 1, "endDate": "2017-03-31", "netIncome": 593000, "depreciation": 10080000, "changeToNetincome": 8024000, "changeToAccountReceivables": -72494000, "changeToLiabilities": 101564000, "changeToInventory": -11606000, "totalCashFromOperatingActivities": 36243000, "capitalExpenditures": -18712000, "investments": 3000, "otherCashflowsFromInvestingActivities": 2073000, "totalCashflowsFromInvestingActivities": -16639000, "netBorrowings": -7952000, "otherCashflowsFromFinancingActivities": -10670000, "totalCashFromFinancingActivities": -18622000, "changeInCash": 982000}], "maxAge": 86400}, "institutionOwnership": {"maxAge": 1, "ownershipList": []}, "balanceSheetHistoryQuarterly": {"balanceSheetStatements": [{"maxAge": 1, "endDate": "2020-06-30", "totalStockholderEquity": 40155000, "netTangibleAssets": 39836000}, {"maxAge": 1, "endDate": "2020-03-31", "cash": 13704000, "netReceivables": 104000000, "inventory": 132027000, "otherCurrentAssets": 15512000, "totalCurrentAssets": 265243000, "longTermInvestments": 5500000, "propertyPlantEquipment": 94334000, "intangibleAssets": 319000, "otherAssets": 1735000, "totalAssets": 367131000, "accountsPayable": 73291000, "shortLongTermDebt": 174000, "otherCurrentLiab": 32635000, "longTermDebt": 201066000, "otherLiab": 8892000, "totalCurrentLiabilities": 117018000, "totalLiab": 326976000, "commonStock": 22500000, "treasuryStock": 17655000, "otherStockholderEquity": 17655000, "totalStockholderEquity": 40155000, "netTangibleAssets": 39836000}, {"maxAge": 1, "endDate": "2019-12-31", "totalStockholderEquity": 38875000, "netTangibleAssets": 38289000}, {"maxAge": 1, "endDate": "2019-09-30", "cash": 9913000, "netReceivables": 130519000, "inventory": 157287000, "otherCurrentAssets": 8318000, "totalCurrentAssets": 306037000, "longTermInvestments": 5830000, "propertyPlantEquipment": 96708000, "intangibleAssets": 586000, "otherAssets": 9131000, "totalAssets": 418292000, "accountsPayable": 88297000, "otherCurrentLiab": 40843000, "longTermDebt": 206267000, "otherLiab": 8355000, "totalCurrentLiabilities": 164795000, "totalLiab": 379417000, "commonStock": 22500000, "treasuryStock": 16375000, "otherStockholderEquity": 16375000, "totalStockholderEquity": 38875000, "netTangibleAssets": 38289000}], "maxAge": 86400}, "indexTrend": {"maxAge": 1, "symbol": "SP5", "peRatio": 19.7411, "pegRatio": 1.34172, "estimates": [{"period": "0q", "growth": 0.549}, {"period": "+1q", "growth": 0.431}, {"period": "0y", "growth": 0.305}, {"period": "+1y", "growth": 0.109}, {"period": "+5y", "growth": 0.120859005}, {"period": "-5y"}]}, "insiderTransactions": {"transactions": [{"maxAge": 1, "shares": 157500, "filerUrl": "", "transactionText": "", "filerName": "RKS Distributors Pvt Ltd", "filerRelation": "Institution- Corporation", "moneyText": "", "startDate": "2020-07-13", "ownership": "D"}], "maxAge": 1}, "quoteType": {"exchange": "BSE", "quoteType": "EQUITY", "symbol": "BRADYM.BO", "underlyingSymbol": "BRADYM.BO", "shortName": "BRADY & MORRIS ENGINEERING CO.", "longName": "Brady & Morris Engineering Company Limited", "firstTradeDateEpochUtc": "2002-01-18 09:15:00", "timeZoneFullName": "Asia/Kolkata", "timeZoneShortName": "IST", "uuid": "a5771c00-56da-3fba-8355-29af9f873c6c", "messageBoardId": null, "gmtOffSetMilliseconds": 19800000, "maxAge": 1}, "incomeStatementHistory": {"incomeStatementHistory": [{"maxAge": 1, "endDate": "2020-03-31", "totalRevenue": 440036000, "costOfRevenue": 242370000, "grossProfit": 197666000, "researchDevelopment": {}, "sellingGeneralAdministrative": 67294000, "nonRecurring": {}, "otherOperatingExpenses": 73836000, "totalOperatingExpenses": 391189000, "operatingIncome": 48847000, "totalOtherIncomeExpenseNet": -8707000, "ebit": 48847000, "interestExpense": -8707000, "incomeBeforeTax": 40140000, "incomeTaxExpense": 3502000, "minorityInterest": {}, "netIncomeFromContinuingOps": 36638000, "discontinuedOperations": -18244000, "extraordinaryItems": {}, "effectOfAccountingCharges": {}, "otherItems": {}, "netIncome": 18394000, "netIncomeApplicableToCommonShares": 18394000}, {"maxAge": 1, "endDate": "2019-03-31", "totalRevenue": 436630000, "costOfRevenue": 258310000, "grossProfit": 178320000, "researchDevelopment": {}, "sellingGeneralAdministrative": 63573000, "nonRecurring": {}, "otherOperatingExpenses": 69431000, "totalOperatingExpenses": 401474000, "operatingIncome": 35156000, "totalOtherIncomeExpenseNet": -9889000, "ebit": 35156000, "interestExpense": -8457000, "incomeBeforeTax": 25267000, "incomeTaxExpense": 4540000, "minorityInterest": {}, "netIncomeFromContinuingOps": 20727000, "discontinuedOperations": -18244000, "extraordinaryItems": {}, "effectOfAccountingCharges": {}, "otherItems": {}, "netIncome": 20727000, "netIncomeApplicableToCommonShares": 20727000}, {"maxAge": 1, "endDate": "2018-03-31", "totalRevenue": 237601000, "costOfRevenue": 126531000, "grossProfit": 111070000, "researchDevelopment": {}, "sellingGeneralAdministrative": 57848000, "nonRecurring": {}, "otherOperatingExpenses": 78349000, "totalOperatingExpenses": 270576000, "operatingIncome": -32975000, "totalOtherIncomeExpenseNet": 21638000, "ebit": -32975000, "interestExpense": -8577000, "incomeBeforeTax": -11337000, "incomeTaxExpense": 0, "minorityInterest": {}, "netIncomeFromContinuingOps": -11337000, "discontinuedOperations": -18244000, "extraordinaryItems": {}, "effectOfAccountingCharges": {}, "otherItems": {}, "netIncome": -11337000, "netIncomeApplicableToCommonShares": -11337000}, {"maxAge": 1, "endDate": "2017-03-31", "totalRevenue": 361313000, "costOfRevenue": 215346000, "grossProfit": 145967000, "researchDevelopment": {}, "sellingGeneralAdministrative": 58922000, "nonRecurring": {}, "otherOperatingExpenses": 65134000, "totalOperatingExpenses": 349564000, "operatingIncome": 11749000, "totalOtherIncomeExpenseNet": -11156000, "ebit": 11749000, "interestExpense": -10670000, "incomeBeforeTax": 593000, "incomeTaxExpense": 0, "minorityInterest": {}, "netIncomeFromContinuingOps": 593000, "discontinuedOperations": -18244000, "extraordinaryItems": {}, "effectOfAccountingCharges": {}, "otherItems": {}, "netIncome": 593000, "netIncomeApplicableToCommonShares": 593000}], "maxAge": 86400}, "fundOwnership": {"maxAge": 1, "ownershipList": []}, "summaryDetail": {"maxAge": 1, "priceHint": 2, "previousClose": 73.15, "open": 73.15, "dayLow": 73.15, "dayHigh": 73.15, "regularMarketPreviousClose": 73.15, "regularMarketOpen": 73.15, "regularMarketDayLow": 73.15, "regularMarketDayHigh": 73.15, "trailingPE": 13.693374, "volume": 2, "regularMarketVolume": 2, "averageVolume": 479, "averageVolume10days": 479, "averageDailyVolume10Day": 479, "bid": 73.75, "ask": 88.2, "marketCap": 164587504, "fiftyTwoWeekLow": 46.4, "fiftyTwoWeekHigh": 118.4, "fiftyDayAverage": 118.1, "twoHundredDayAverage": 82.33068, "currency": "INR", "fromCurrency": null, "toCurrency": null, "lastMarket": null, "algorithm": null, "tradeable": false}, "incomeStatementHistoryQuarterly": {"incomeStatementHistory": [{"maxAge": 1, "endDate": "2020-06-30", "totalRevenue": 53799000, "costOfRevenue": 31821000, "grossProfit": 21978000, "researchDevelopment": {}, "sellingGeneralAdministrative": 12507000, "nonRecurring": {}, "otherOperatingExpenses": 7199000, "totalOperatingExpenses": 53106000, "operatingIncome": 693000, "totalOtherIncomeExpenseNet": -341000, "ebit": 693000, "interestExpense": -341000, "incomeBeforeTax": 352000, "incomeTaxExpense": 65000, "minorityInterest": {}, "netIncomeFromContinuingOps": 287000, "discontinuedOperations": {}, "extraordinaryItems": {}, "effectOfAccountingCharges": {}, "otherItems": {}, "netIncome": 287000, "netIncomeApplicableToCommonShares": 287000}, {"maxAge": 1, "endDate": "2020-03-31", "totalRevenue": 78758000, "costOfRevenue": 39666000, "grossProfit": 39092000, "researchDevelopment": {}, "sellingGeneralAdministrative": 16195000, "nonRecurring": {}, "otherOperatingExpenses": 13092000, "totalOperatingExpenses": 70977000, "operatingIncome": 7781000, "totalOtherIncomeExpenseNet": -1104000, "ebit": 7781000, "interestExpense": -1104000, "incomeBeforeTax": 6677000, "incomeTaxExpense": -2010000, "minorityInterest": {}, "netIncomeFromContinuingOps": 8687000, "discontinuedOperations": {}, "extraordinaryItems": {}, "effectOfAccountingCharges": {}, "otherItems": {}, "netIncome": 8687000, "netIncomeApplicableToCommonShares": 8687000}, {"maxAge": 1, "endDate": "2019-12-31", "totalRevenue": 137766000, "costOfRevenue": 82074000, "grossProfit": 55692000, "researchDevelopment": {}, "sellingGeneralAdministrative": 16607000, "nonRecurring": {}, "otherOperatingExpenses": 20596000, "totalOperatingExpenses": 121196000, "operatingIncome": 16570000, "totalOtherIncomeExpenseNet": -2298000, "ebit": 16570000, "interestExpense": -2299000, "incomeBeforeTax": 14272000, "incomeTaxExpense": 2628000, "minorityInterest": {}, "netIncomeFromContinuingOps": 11644000, "discontinuedOperations": {}, "extraordinaryItems": {}, "effectOfAccountingCharges": {}, "otherItems": {}, "netIncome": 11644000, "netIncomeApplicableToCommonShares": 11644000}, {"maxAge": 1, "endDate": "2019-09-30", "totalRevenue": 90393000, "costOfRevenue": 39060000, "grossProfit": 51333000, "researchDevelopment": {}, "sellingGeneralAdministrative": 17360000, "nonRecurring": {}, "otherOperatingExpenses": 19369000, "totalOperatingExpenses": 77674000, "operatingIncome": 12719000, "totalOtherIncomeExpenseNet": -2043000, "ebit": 12719000, "interestExpense": -2043000, "incomeBeforeTax": 10676000, "incomeTaxExpense": 1089000, "minorityInterest": {}, "netIncomeFromContinuingOps": 9587000, "discontinuedOperations": {}, "extraordinaryItems": {}, "effectOfAccountingCharges": {}, "otherItems": {}, "netIncome": 9587000, "netIncomeApplicableToCommonShares": 9587000}], "maxAge": 86400}, "cashflowStatementHistoryQuarterly": {"cashflowStatements": [{"maxAge": 1, "endDate": "2020-06-30", "netIncome": 287000, "changeToLiabilities": 0}, {"maxAge": 1, "endDate": "2020-03-31", "netIncome": 8687000, "changeToLiabilities": 0}, {"maxAge": 1, "endDate": "2019-12-31", "netIncome": 11644000, "changeToLiabilities": 0}, {"maxAge": 1, "endDate": "2019-09-30", "netIncome": 9587000, "changeToLiabilities": 0}], "maxAge": 86400}, "insiderHolders": {"holders": [{"maxAge": 1, "name": "RKS Distributors Pvt Ltd", "relation": "Institution- Corporation", "url": "", "transactionDescription": "Acquisition", "latestTransDate": "2020-07-13", "positionDirect": 157500, "positionDirectDate": "2020-07-13"}], "maxAge": 1}, "calendarEvents": {"maxAge": 1, "earnings": {"earningsDate": ["2020-09-11 05:30:S"]}}, "price": {"maxAge": 1, "regularMarketChangePercent": 0.0, "regularMarketChange": 0.0, "regularMarketTime": "2021-04-29 13:28:56", "priceHint": 2, "regularMarketPrice": 73.15, "regularMarketDayHigh": 73.15, "regularMarketDayLow": 73.15, "regularMarketVolume": 2, "averageDailyVolume10Day": 479, "averageDailyVolume3Month": 479, "regularMarketPreviousClose": 73.15, "regularMarketSource": "FREE_REALTIME", "regularMarketOpen": 73.15, "exchange": "BSE", "exchangeName": "BSE", "exchangeDataDelayedBy": 0, "marketState": "CLOSED", "quoteType": "EQUITY", "symbol": "BRADYM.BO", "underlyingSymbol": null, "shortName": "BRADY & MORRIS ENGINEERING CO.", "longName": "Brady & Morris Engineering Company Limited", "currency": "INR", "quoteSourceName": "Delayed Quote", "currencySymbol": "\u20b9", "fromCurrency": null, "toCurrency": null, "lastMarket": null, "marketCap": 164587504}, "balanceSheetHistory": {"balanceSheetStatements": [{"maxAge": 1, "endDate": "2020-03-31", "cash": 13704000, "netReceivables": 104000000, "inventory": 132027000, "otherCurrentAssets": 15512000, "totalCurrentAssets": 265243000, "longTermInvestments": 5500000, "propertyPlantEquipment": 94334000, "intangibleAssets": 319000, "otherAssets": 1735000, "totalAssets": 367131000, "accountsPayable": 73291000, "shortLongTermDebt": 174000, "otherCurrentLiab": 32634000, "longTermDebt": 201066000, "otherLiab": 8893000, "totalCurrentLiabilities": 117017000, "totalLiab": 326976000, "commonStock": 22500000, "treasuryStock": 17655000, "otherStockholderEquity": 17655000, "totalStockholderEquity": 40155000, "netTangibleAssets": 39836000}, {"maxAge": 1, "endDate": "2019-03-31", "cash": 92000, "netReceivables": 153326000, "inventory": 152112000, "otherCurrentAssets": 17305000, "totalCurrentAssets": 323494000, "longTermInvestments": 5830000, "propertyPlantEquipment": 99555000, "intangibleAssets": 855000, "otherAssets": 9013000, "totalAssets": 438747000, "accountsPayable": 106735000, "shortLongTermDebt": 3967000, "otherCurrentLiab": 16274000, "longTermDebt": 202793000, "otherLiab": 7718000, "totalCurrentLiabilities": 204175000, "totalLiab": 416180000, "commonStock": 22500000, "retainedEarnings": -4701000, "treasuryStock": 4768000, "otherStockholderEquity": 4768000, "totalStockholderEquity": 22567000, "netTangibleAssets": 21712000}, {"maxAge": 1, "endDate": "2018-03-31", "cash": 133000, "netReceivables": 128191000, "inventory": 169980000, "otherCurrentAssets": 35999000, "totalCurrentAssets": 335227000, "longTermInvestments": 5058000, "propertyPlantEquipment": 108246000, "intangibleAssets": 197000, "otherAssets": 8163000, "totalAssets": 456891000, "accountsPayable": 108398000, "shortLongTermDebt": 3967000, "otherCurrentLiab": 23265000, "longTermDebt": 206759000, "otherLiab": 8715000, "totalCurrentLiabilities": 238748000, "totalLiab": 455901000, "commonStock": 22500000, "retainedEarnings": -25427000, "treasuryStock": 3917000, "otherStockholderEquity": 3917000, "totalStockholderEquity": 990000, "netTangibleAssets": 793000}, {"maxAge": 1, "endDate": "2017-03-31", "cash": 1060000, "netReceivables": 236288000, "inventory": 118884000, "otherCurrentAssets": 28075000, "totalCurrentAssets": 384831000, "longTermInvestments": 4783000, "propertyPlantEquipment": 135870000, "intangibleAssets": 101000, "otherAssets": 8371000, "totalAssets": 533956000, "accountsPayable": 160228000, "shortLongTermDebt": 3967000, "otherCurrentLiab": 33802000, "longTermDebt": 207091000, "otherLiab": 11674000, "totalCurrentLiabilities": 303111000, "totalLiab": 521876000, "commonStock": 22500000, "retainedEarnings": -25711000, "treasuryStock": 15291000, "otherStockholderEquity": 15291000, "totalStockholderEquity": 12080000, "netTangibleAssets": 11979000}], "maxAge": 86400}, "financialData": {"maxAge": 86400, "currentPrice": 73.15, "recommendationKey": "none", "grossProfits": 197666000, "financialCurrency": "INR"}}}