{"BRAHMINFRA.BO": {"cashflowStatementHistory": {"cashflowStatements": [{"maxAge": 1, "endDate": "2020-03-31", "netIncome": 12190000, "depreciation": 56233000, "changeToNetincome": 54383000, "changeToAccountReceivables": 180610000, "changeToLiabilities": -210405000, "changeToInventory": 374948000, "changeToOperatingActivities": -445579000, "totalCashFromOperatingActivities": 22380000, "otherCashflowsFromInvestingActivities": 102325000, "totalCashflowsFromInvestingActivities": 110794000, "netBorrowings": 449525000, "otherCashflowsFromFinancingActivities": -572816000, "totalCashFromFinancingActivities": -123291000, "changeInCash": 9883000}, {"maxAge": 1, "endDate": "2019-03-31", "netIncome": -2084758, "depreciation": 65456023, "changeToNetincome": 482359493, "changeToAccountReceivables": -138269194, "changeToLiabilities": -233156521, "changeToInventory": -9355535, "changeToOperatingActivities": -445579000, "totalCashFromOperatingActivities": 165506417, "capitalExpenditures": -250656, "investments": -19326324, "otherCashflowsFromInvestingActivities": 984020, "totalCashflowsFromInvestingActivities": -18592960, "netBorrowings": 323467152, "otherCashflowsFromFinancingActivities": -475122961, "totalCashFromFinancingActivities": -151655809, "changeInCash": -4742353}, {"maxAge": 1, "endDate": "2018-03-31", "netIncome": 10498109, "depreciation": 89994167, "changeToNetincome": 315143757, "changeToAccountReceivables": 236759563, "changeToLiabilities": 277844028, "changeToInventory": -170330841, "changeToOperatingActivities": -445579000, "totalCashFromOperatingActivities": 759908783, "capitalExpenditures": -8097823, "investments": -7806023, "otherCashflowsFromInvestingActivities": 984020, "totalCashflowsFromInvestingActivities": -33725620, "netBorrowings": -362671833, "otherCashflowsFromFinancingActivities": -384464001, "totalCashFromFinancingActivities": -747135834, "changeInCash": -20952671}, {"maxAge": 1, "endDate": "2017-03-31", "netIncome": 10459850, "depreciation": 125437527, "changeToNetincome": 388573411, "changeToAccountReceivables": -153095266, "changeToLiabilities": 154284945, "changeToInventory": 149725881, "changeToOperatingActivities": -445579000, "totalCashFromOperatingActivities": 676761676, "capitalExpenditures": -6011778, "investments": 60068380, "otherCashflowsFromInvestingActivities": 2340, "totalCashflowsFromInvestingActivities": 42068587, "dividendsPaid": -16656, "netBorrowings": -368858680, "otherCashflowsFromFinancingActivities": -377476129, "totalCashFromFinancingActivities": -746351465, "changeInCash": -27521202}], "maxAge": 86400}, "institutionOwnership": {"ownershipList": [], "maxAge": 1}, "balanceSheetHistoryQuarterly": {"balanceSheetStatements": [{"maxAge": 1, "endDate": "2020-03-31", "cash": 13859000, "netReceivables": 523936000, "inventory": 3153777000, "otherCurrentAssets": 71167000, "totalCurrentAssets": 3762739000, "longTermInvestments": 1083063000, "propertyPlantEquipment": 264908000, "goodWill": 151221000, "intangibleAssets": 50440000, "otherAssets": 1365088000, "deferredLongTermAssetCharges": 24557000, "totalAssets": 6677459000, "accountsPayable": 403164000, "shortLongTermDebt": 1014401000, "otherCurrentLiab": 197491000, "longTermDebt": 671919000, "otherLiab": 313110000, "minorityInterest": 100000, "totalCurrentLiabilities": 4355711000, "totalLiab": 5340740000, "commonStock": 290184000, "treasuryStock": 1046435000, "otherStockholderEquity": 1046435000, "totalStockholderEquity": 1336619000, "netTangibleAssets": 1134958000}, {"maxAge": 1, "endDate": "2019-12-31", "totalStockholderEquity": 1639222000, "netTangibleAssets": 1444716000}, {"maxAge": 1, "endDate": "2019-09-30", "cash": 31649000, "netReceivables": 839365000, "inventory": 3594217000, "otherCurrentAssets": 670790000, "totalCurrentAssets": 5136021000, "longTermInvestments": 188967000, "propertyPlantEquipment": 286749000, "goodWill": 148303000, "intangibleAssets": 46203000, "otherAssets": 1186880000, "deferredLongTermAssetCharges": 15033000, "totalAssets": 6993123000, "accountsPayable": 375002000, "shortLongTermDebt": 902940000, "otherCurrentLiab": 572138000, "longTermDebt": 167116000, "otherLiab": 732726000, "minorityInterest": 100000, "totalCurrentLiabilities": 4453959000, "totalLiab": 5353801000, "commonStock": 290184000, "treasuryStock": 1349038000, "otherStockholderEquity": 1349038000, "totalStockholderEquity": 1639222000, "netTangibleAssets": 1444716000}, {"maxAge": 1, "endDate": "2019-06-30", "totalStockholderEquity": 1603078995, "netTangibleAssets": 1401042456}], "maxAge": 86400}, "indexTrend": {"maxAge": 1, "symbol": "SP5", "peRatio": 19.7411, "pegRatio": 1.34172, "estimates": [{"period": "0q", "growth": 0.549}, {"period": "+1q", "growth": 0.431}, {"period": "0y", "growth": 0.305}, {"period": "+1y", "growth": 0.109}, {"period": "+5y", "growth": 0.120859005}, {"period": "-5y"}]}, "insiderTransactions": {"transactions": [{"maxAge": 1, "shares": 840000, "filerUrl": "", "transactionText": "", "filerName": "Prithani (Suresh Kumar)", "filerRelation": "Promoter", "moneyText": "", "startDate": "2014-07-30", "ownership": "D"}], "maxAge": 1}, "quoteType": {"exchange": "BSE", "quoteType": "EQUITY", "symbol": "BRAHMINFRA.BO", "underlyingSymbol": "BRAHMINFRA.BO", "shortName": "BRAHMAPUTRA INFRASTRUCTURE LTD", "longName": "Brahmaputra Infrastructure Limited", "firstTradeDateEpochUtc": "2002-02-08 09:15:00", "timeZoneFullName": "Asia/Kolkata", "timeZoneShortName": "IST", "uuid": "72441fbd-84fe-3417-8296-1a13121ec2ff", "gmtOffSetMilliseconds": 19800000, "maxAge": 1}, "incomeStatementHistory": {"incomeStatementHistory": [{"maxAge": 1, "endDate": "2020-03-31", "totalRevenue": 1485854000, "costOfRevenue": 36863000, "grossProfit": 1448991000, "researchDevelopment": {}, "sellingGeneralAdministrative": 43916000, "nonRecurring": {}, "otherOperatingExpenses": 1214268000, "totalOperatingExpenses": 1341861000, "operatingIncome": 143993000, "totalOtherIncomeExpenseNet": -140232000, "ebit": 143993000, "interestExpense": -345345000, "incomeBeforeTax": 3761000, "incomeTaxExpense": -8429000, "minorityInterest": 100000, "netIncomeFromContinuingOps": 12190000, "discontinuedOperations": {}, "extraordinaryItems": {}, "effectOfAccountingCharges": {}, "otherItems": {}, "netIncome": 12190000, "netIncomeApplicableToCommonShares": 12190000}, {"maxAge": 1, "endDate": "2019-03-31", "totalRevenue": 2401006154, "costOfRevenue": 135843293, "grossProfit": 2265162861, "researchDevelopment": {}, "sellingGeneralAdministrative": 58847208, "nonRecurring": {}, "otherOperatingExpenses": 1795570528, "totalOperatingExpenses": 2056273961, "operatingIncome": 344732193, "totalOtherIncomeExpenseNet": -349404014, "ebit": 344732193, "interestExpense": -468479748, "incomeBeforeTax": -4671821, "incomeTaxExpense": -2587063, "minorityInterest": 100000, "netIncomeFromContinuingOps": -2084758, "discontinuedOperations": {}, "extraordinaryItems": {}, "effectOfAccountingCharges": {}, "otherItems": {}, "netIncome": -2084758, "netIncomeApplicableToCommonShares": -2084758}, {"maxAge": 1, "endDate": "2018-03-31", "totalRevenue": 2469893919, "costOfRevenue": 223293510, "grossProfit": 2246600409, "researchDevelopment": {}, "sellingGeneralAdministrative": 65187113, "nonRecurring": {}, "otherOperatingExpenses": 1806350335, "totalOperatingExpenses": 2184825125, "operatingIncome": 285068794, "totalOtherIncomeExpenseNet": -276097710, "ebit": 285068794, "interestExpense": -373366024, "incomeBeforeTax": 8971084, "incomeTaxExpense": -1527025, "minorityInterest": 100000, "netIncomeFromContinuingOps": 10498109, "discontinuedOperations": {}, "extraordinaryItems": {}, "effectOfAccountingCharges": {}, "otherItems": {}, "netIncome": 10498109, "netIncomeApplicableToCommonShares": 10498109}, {"maxAge": 1, "endDate": "2017-03-31", "totalRevenue": 2147470352, "costOfRevenue": 431776061, "grossProfit": 1715694291, "researchDevelopment": {}, "sellingGeneralAdministrative": 90727648, "nonRecurring": {}, "otherOperatingExpenses": 1182015458, "totalOperatingExpenses": 1830490581, "operatingIncome": 316979771, "totalOtherIncomeExpenseNet": -302897052, "ebit": 316979771, "interestExpense": -362381980, "incomeBeforeTax": 14082719, "incomeTaxExpense": 3622869, "minorityInterest": 100000, "netIncomeFromContinuingOps": 10459850, "discontinuedOperations": {}, "extraordinaryItems": {}, "effectOfAccountingCharges": {}, "otherItems": {}, "netIncome": 10459850, "netIncomeApplicableToCommonShares": 10459850}], "maxAge": 86400}, "fundOwnership": {"ownershipList": [], "maxAge": 1}, "summaryDetail": {"maxAge": 1, "priceHint": 2, "previousClose": 16.35, "open": 17.95, "dayLow": 15.0, "dayHigh": 17.95, "regularMarketPreviousClose": 16.35, "regularMarketOpen": 17.95, "regularMarketDayLow": 15.0, "regularMarketDayHigh": 17.95, "trailingPE": 35.930233, "volume": 13794, "regularMarketVolume": 13794, "averageVolume": 9349, "averageVolume10days": 2282, "averageDailyVolume10Day": 2282, "bid": 15.55, "ask": 16.45, "bidSize": 0, "askSize": 0, "marketCap": 448334272, "fiftyTwoWeekLow": 9.44, "fiftyTwoWeekHigh": 22.0, "fiftyDayAverage": 17.605757, "twoHundredDayAverage": 13.516838, "currency": "INR", "fromCurrency": null, "lastMarket": null, "algorithm": null, "tradeable": false}, "incomeStatementHistoryQuarterly": {"incomeStatementHistory": [{"maxAge": 1, "endDate": "2020-03-31", "totalRevenue": 333690000, "costOfRevenue": -19960000, "grossProfit": 353650000, "researchDevelopment": {}, "sellingGeneralAdministrative": 12391000, "nonRecurring": {}, "otherOperatingExpenses": 332624000, "totalOperatingExpenses": 335191000, "operatingIncome": -1501000, "totalOtherIncomeExpenseNet": -6547000, "ebit": -1501000, "interestExpense": -123704000, "incomeBeforeTax": -8048000, "incomeTaxExpense": -8429000, "minorityInterest": 100000, "netIncomeFromContinuingOps": 381000, "discontinuedOperations": {}, "extraordinaryItems": {}, "effectOfAccountingCharges": {}, "otherItems": {}, "netIncome": 381000, "netIncomeApplicableToCommonShares": 381000}, {"maxAge": 1, "endDate": "2019-12-31", "totalRevenue": 304655000, "costOfRevenue": -6395000, "grossProfit": 311050000, "researchDevelopment": {}, "sellingGeneralAdministrative": 10771000, "nonRecurring": {}, "otherOperatingExpenses": 235415000, "totalOperatingExpenses": 251718000, "operatingIncome": 52937000, "totalOtherIncomeExpenseNet": -71983000, "ebit": 52937000, "interestExpense": -91388000, "incomeBeforeTax": -19046000, "incomeTaxExpense": 0, "minorityInterest": 100000, "netIncomeFromContinuingOps": -19046000, "discontinuedOperations": {}, "extraordinaryItems": {}, "effectOfAccountingCharges": {}, "otherItems": {}, "netIncome": -19046000, "netIncomeApplicableToCommonShares": -19046000}, {"maxAge": 1, "endDate": "2019-09-30", "totalRevenue": 394262000, "costOfRevenue": 26372000, "grossProfit": 367890000, "researchDevelopment": {}, "sellingGeneralAdministrative": 10105000, "nonRecurring": {}, "otherOperatingExpenses": 296833000, "totalOperatingExpenses": 345381000, "operatingIncome": 48881000, "totalOtherIncomeExpenseNet": 12151000, "ebit": 48881000, "interestExpense": -32321000, "incomeBeforeTax": 61032000, "incomeTaxExpense": 0, "minorityInterest": 100000, "netIncomeFromContinuingOps": 61032000, "discontinuedOperations": {}, "extraordinaryItems": {}, "effectOfAccountingCharges": {}, "otherItems": {}, "netIncome": 61032000, "netIncomeApplicableToCommonShares": 61032000}, {"maxAge": 1, "endDate": "2019-06-30", "totalRevenue": 423754500, "costOfRevenue": 31609000, "grossProfit": 392145500, "researchDevelopment": {}, "sellingGeneralAdministrative": 10377000, "nonRecurring": {}, "otherOperatingExpenses": 323114500, "totalOperatingExpenses": 377476000, "operatingIncome": 46278500, "totalOtherIncomeExpenseNet": -30851000, "ebit": 46278500, "interestExpense": -62694500, "incomeBeforeTax": 15427500, "incomeTaxExpense": 0, "minorityInterest": 100000, "netIncomeFromContinuingOps": 15427500, "discontinuedOperations": {}, "extraordinaryItems": {}, "effectOfAccountingCharges": {}, "otherItems": {}, "netIncome": 15427500, "netIncomeApplicableToCommonShares": 15427500}], "maxAge": 86400}, "cashflowStatementHistoryQuarterly": {"cashflowStatements": [{"maxAge": 1, "endDate": "2020-03-31", "netIncome": 381000, "changeToLiabilities": 0}, {"maxAge": 1, "endDate": "2019-12-31", "netIncome": -19046000, "changeToLiabilities": 0}, {"maxAge": 1, "endDate": "2019-09-30", "netIncome": 61032000, "depreciation": 12375500, "changeToNetincome": 53469000, "changeToAccountReceivables": -53664500, "changeToLiabilities": 194036000, "changeToInventory": -32746000, "totalCashFromOperatingActivities": 188897500, "investments": 483000, "otherCashflowsFromInvestingActivities": 1458500, "totalCashflowsFromInvestingActivities": 1941500, "netBorrowings": -121902000, "otherCashflowsFromFinancingActivities": -62512500, "totalCashFromFinancingActivities": -184414500, "changeInCash": 6425000}, {"maxAge": 1, "endDate": "2019-06-30", "netIncome": 15427500, "depreciation": 12375500, "changeToNetincome": 53469000, "changeToAccountReceivables": -53664500, "changeToLiabilities": 194036000, "changeToInventory": -32746000, "totalCashFromOperatingActivities": 188897500, "investments": 483000, "otherCashflowsFromInvestingActivities": 1458500, "totalCashflowsFromInvestingActivities": 1941500, "netBorrowings": -121902000, "otherCashflowsFromFinancingActivities": -62512500, "totalCashFromFinancingActivities": -184414500, "changeInCash": 6425000}], "maxAge": 86400}, "insiderHolders": {"holders": [{"maxAge": 1, "name": "Prithani (Suresh Kumar)", "relation": "Promoter", "url": "", "transactionDescription": "Sale", "latestTransDate": "2014-07-30", "positionDirect": 1699983, "positionDirectDate": "2014-07-30"}], "maxAge": 1}, "calendarEvents": {"maxAge": 1, "earnings": {"earningsDate": []}}, "upgradeDowngradeHistory": {"history": [], "maxAge": 86400}, "price": {"maxAge": 1, "regularMarketChangePercent": -0.055045906, "regularMarketChange": -0.9000006, "regularMarketTime": "2021-04-30 15:29:50", "priceHint": 2, "regularMarketPrice": 15.45, "regularMarketDayHigh": 17.95, "regularMarketDayLow": 15.0, "regularMarketVolume": 13794, "averageDailyVolume10Day": 2282, "averageDailyVolume3Month": 9349, "regularMarketPreviousClose": 16.35, "regularMarketSource": "FREE_REALTIME", "regularMarketOpen": 17.95, "exchange": "BSE", "exchangeName": "BSE", "exchangeDataDelayedBy": 0, "marketState": "CLOSED", "quoteType": "EQUITY", "symbol": "BRAHMINFRA.BO", "underlyingSymbol": null, "shortName": "BRAHMAPUTRA INFRASTRUCTURE LTD", "longName": "Brahmaputra Infrastructure Limited", "currency": "INR", "quoteSourceName": "Delayed Quote", "currencySymbol": "\u20b9", "fromCurrency": null, "lastMarket": null, "marketCap": 448334272}, "balanceSheetHistory": {"balanceSheetStatements": [{"maxAge": 1, "endDate": "2020-03-31", "cash": 13859000, "netReceivables": 523936000, "inventory": 3153777000, "otherCurrentAssets": 71167000, "totalCurrentAssets": 3762739000, "longTermInvestments": 1083063000, "propertyPlantEquipment": 264908000, "goodWill": 151221000, "intangibleAssets": 50440000, "otherAssets": 1365088000, "deferredLongTermAssetCharges": 24557000, "totalAssets": 6677459000, "accountsPayable": 403164000, "shortLongTermDebt": 1014401000, "otherCurrentLiab": 197491000, "longTermDebt": 255034000, "otherLiab": 729995000, "minorityInterest": 100000, "totalCurrentLiabilities": 4355711000, "totalLiab": 5340740000, "commonStock": 290184000, "treasuryStock": 1046435000, "otherStockholderEquity": 1046435000, "totalStockholderEquity": 1336619000, "netTangibleAssets": 1134958000}, {"maxAge": 1, "endDate": "2019-03-31", "cash": 12465858, "netReceivables": 1161993862, "inventory": 3528724861, "otherCurrentAssets": 182546405, "totalCurrentAssets": 4896195898, "longTermInvestments": 85312648, "propertyPlantEquipment": 311479894, "goodWill": 153450786, "intangibleAssets": 48585753, "otherAssets": 1324375952, "deferredLongTermAssetCharges": 15033240, "totalAssets": 6819400931, "accountsPayable": 464582584, "shortLongTermDebt": 789911259, "otherCurrentLiab": 57539326, "longTermDebt": 365517566, "otherLiab": 718892462, "deferredLongTermLiab": 4646526, "minorityInterest": 100000, "totalCurrentLiabilities": 4131811908, "totalLiab": 5216221936, "commonStock": 290184000, "retainedEarnings": 1031062063, "treasuryStock": 12000792, "capitalSurplus": 269832140, "otherStockholderEquity": 12000792, "totalStockholderEquity": 1603078995, "netTangibleAssets": 1401042456}, {"maxAge": 1, "endDate": "2018-03-31", "cash": 21394159, "netReceivables": 962215032, "inventory": 3519369326, "otherCurrentAssets": 181151829, "totalCurrentAssets": 4693098013, "longTermInvestments": 65988244, "propertyPlantEquipment": 377188450, "goodWill": 152466766, "intangibleAssets": 41092119, "otherAssets": 1410491149, "deferredLongTermAssetCharges": 12283629, "totalAssets": 6740324741, "accountsPayable": 447823902, "shortLongTermDebt": 707783256, "otherCurrentLiab": 196171359, "longTermDebt": 838088108, "otherLiab": 670370030, "deferredLongTermLiab": 4076805, "minorityInterest": 100000, "totalCurrentLiabilities": 3628677805, "totalLiab": 5137135943, "commonStock": 290184000, "retainedEarnings": 1033146824, "treasuryStock": 9925834, "capitalSurplus": 269832140, "otherStockholderEquity": 9925834, "totalStockholderEquity": 1603088798, "netTangibleAssets": 1409529913}, {"maxAge": 1, "endDate": "2017-03-31", "cash": 29345337, "netReceivables": 1204910211, "inventory": 3349038487, "otherCurrentAssets": 184207676, "totalCurrentAssets": 4771652402, "longTermInvestments": 58256501, "propertyPlantEquipment": 477202381, "goodWill": 126628032, "intangibleAssets": 34883172, "otherAssets": 1394770769, "totalAssets": 6863393257, "accountsPayable": 645010765, "shortLongTermDebt": 412041661, "otherCurrentLiab": 216086705, "longTermDebt": 1240713633, "otherLiab": 613072685, "deferredLongTermLiab": 792183, "minorityInterest": 100000, "totalCurrentLiabilities": 3419283516, "totalLiab": 5273069834, "commonStock": 290184000, "retainedEarnings": 1022648717, "treasuryStock": 6568566, "capitalSurplus": 270822140, "otherStockholderEquity": 6568566, "totalStockholderEquity": 1590223423, "netTangibleAssets": 1428712219}], "maxAge": 86400}, "financialData": {"maxAge": 86400, "currentPrice": 15.45, "recommendationKey": "none", "grossProfits": 1448991000, "financialCurrency": "INR"}}}