{"BRFL.NS": {"assetProfile": {"address1": "DLH Mangal Murti", "address2": "3rd floor Linking Road Santacruz (West)", "city": "Mumbai", "zip": "400054", "country": "India", "phone": "91 22 6106 8800", "fax": "91 22 6106 8830", "website": "http://www.bombayrayon.com", "industry": "Textile Manufacturing", "sector": "Consumer Cyclical", "longBusinessSummary": "Bombay Rayon Fashions Limited, an integrated textile company, manufactures and sells yarn, fabrics, and garments in India. The company also manufactures apparel; and polyester buttons for shirts, coats, outer wear, and trousers, as well as fancy buttons. In addition, it engages in the wholesale, retail, marketing, and distribution of clothing products. Bombay Rayon Fashions Limited also exports its products. The company was founded in 1986 and is headquartered in Mumbai, India.", "fullTimeEmployees": 3645, "companyOfficers": [{"maxAge": 1, "name": "Mr. Aman  Agrawal B.Com., M.B.A., B. Com", "age": 48, "title": "Chairman & MD", "yearBorn": 1972, "fiscalYear": 2020, "totalPay": 24500000, "exercisedValue": 0, "unexercisedValue": 0}, {"maxAge": 1, "name": "Mr. Anand R. Mundra", "age": 64, "title": "Exec. Director of Fin., CFO & Whole-Time Director", "yearBorn": 1956, "fiscalYear": 2020, "totalPay": 4900000, "exercisedValue": 0, "unexercisedValue": 0}, {"maxAge": 1, "name": "Ms. Prachi  Deshpande", "age": 43, "title": "Director of Secretarial & Corp. Affairs, Sec., Compliance Officer and Whole Time Director", "yearBorn": 1977, "fiscalYear": 2020, "totalPay": 2800000, "exercisedValue": 0, "unexercisedValue": 0}, {"maxAge": 1, "name": "Mr. Hemachandra  Raje", "title": "Chief Exec. Officer of Operations", "exercisedValue": 0, "unexercisedValue": 0}, {"maxAge": 1, "name": "Mr. Peermohamed  Sirajudeen", "title": "Gen. Mang. of Accounts & Commercial", "exercisedValue": 0, "unexercisedValue": 0}, {"maxAge": 1, "name": "Mr. D.  Rajagopalan", "title": "Head of Engineering", "exercisedValue": 0, "unexercisedValue": 0}, {"maxAge": 1, "name": "Mr. M.  Gopi", "title": "Head of Processing", "exercisedValue": 0, "unexercisedValue": 0}, {"maxAge": 1, "name": "Mr. Sudhakar  Parab", "title": "Chief Exec. of Processing", "exercisedValue": 0, "unexercisedValue": 0}], "compensationAsOfEpochDate": "2020-12-31 05:30:00", "maxAge": 86400}, "recommendationTrend": {"trend": [{"period": "0m", "strongBuy": 0, "buy": 0, "hold": 0, "sell": 0, "strongSell": 0}, {"period": "-1m", "strongBuy": 0, "buy": 0, "hold": 0, "sell": 0, "strongSell": 0}, {"period": "-2m", "strongBuy": 0, "buy": 0, "hold": 0, "sell": 0, "strongSell": 0}, {"period": "-3m", "strongBuy": 0, "buy": 0, "hold": 0, "sell": 0, "strongSell": 0}], "maxAge": 86400}, "cashflowStatementHistory": {"cashflowStatements": [{"maxAge": 1, "endDate": "2020-03-31", "netIncome": -18292400000, "depreciation": 1382700000, "changeToNetincome": -333900000, "changeToAccountReceivables": -1033600000, "changeToLiabilities": 2246500000, "changeToInventory": 15982700000, "totalCashFromOperatingActivities": -46700000, "otherCashflowsFromInvestingActivities": 8700000, "totalCashflowsFromInvestingActivities": 1466900000, "netBorrowings": 3026000000, "otherCashflowsFromFinancingActivities": -4396500000, "totalCashFromFinancingActivities": -1370500000, "changeInCash": 49700000}, {"maxAge": 1, "endDate": "2019-03-31", "netIncome": -16907000000, "depreciation": 1594200000, "changeToNetincome": -1732000000, "changeToAccountReceivables": -360600000, "changeToLiabilities": 2512400000, "changeToInventory": 15184100000, "totalCashFromOperatingActivities": 293400000, "otherCashflowsFromInvestingActivities": -18800000, "totalCashflowsFromInvestingActivities": 368300000, "netBorrowings": 175800000, "otherCashflowsFromFinancingActivities": -806200000, "totalCashFromFinancingActivities": -630400000, "changeInCash": 31300000}, {"maxAge": 1, "endDate": "2018-03-31", "netIncome": -2856300000, "depreciation": 1595400000, "changeToNetincome": 3341800000, "changeToAccountReceivables": -999500000, "changeToLiabilities": -1270900000, "changeToInventory": -805300000, "totalCashFromOperatingActivities": -991400000, "capitalExpenditures": -104600000, "otherCashflowsFromInvestingActivities": 75600000, "totalCashflowsFromInvestingActivities": -29000000, "netBorrowings": 4765500000, "otherCashflowsFromFinancingActivities": -4230200000, "totalCashFromFinancingActivities": 535300000, "changeInCash": -485100000}, {"maxAge": 1, "endDate": "2017-03-31", "netIncome": -1622800000, "depreciation": 1648900000, "changeToNetincome": 6014700000, "changeToAccountReceivables": -999400000, "changeToLiabilities": -2588700000, "changeToInventory": -5251100000, "totalCashFromOperatingActivities": -2781800000, "capitalExpenditures": -147700000, "investments": 800000, "otherCashflowsFromInvestingActivities": 86200000, "totalCashflowsFromInvestingActivities": -60700000, "netBorrowings": 8329700000, "otherCashflowsFromFinancingActivities": -5769800000, "totalCashFromFinancingActivities": 2559900000, "changeInCash": -282600000}], "maxAge": 86400}, "indexTrend": {"maxAge": 1, "symbol": "SP5", "peRatio": 19.7411, "pegRatio": 1.34172, "estimates": [{"period": "0q", "growth": 0.549}, {"period": "+1q", "growth": 0.431}, {"period": "0y", "growth": 0.305}, {"period": "+1y", "growth": 0.109}, {"period": "+5y", "growth": 0.120865}, {"period": "-5y"}]}, "defaultKeyStatistics": {"maxAge": 1, "priceHint": 2, "enterpriseValue": 52945997824, "profitMargins": 0.0, "floatShares": 211582039, "sharesOutstanding": 317476000, "heldPercentInsiders": 0.87397003, "heldPercentInstitutions": 0.0, "beta": 1.512105, "category": null, "bookValue": 16.28, "priceToBook": 0.43611792, "fundFamily": null, "legalType": null, "lastFiscalYearEnd": "2020-03-31 05:30:00", "nextFiscalYearEnd": "2022-03-31 05:30:00", "mostRecentQuarter": "2020-12-31 05:30:00", "netIncomeToCommon": -9376400384, "trailingEps": -29.539, "lastSplitFactor": null, "enterpriseToRevenue": 31.325, "enterpriseToEbitda": -7.651, "52WeekChange": 0.8441558, "SandP52WeekChange": 0.48148263, "lastDividendValue": 1.5, "lastDividendDate": 1315180800}, "industryTrend": {"maxAge": 1, "symbol": null, "estimates": []}, "quoteType": {"exchange": "NSI", "quoteType": "EQUITY", "symbol": "BRFL.NS", "underlyingSymbol": "BRFL.NS", "shortName": "BOMBAY RAYON FASHIONS LTD", "longName": "Bombay Rayon Fashions Limited", "firstTradeDateEpochUtc": "2005-12-05 09:15:00", "timeZoneFullName": "Asia/Kolkata", "timeZoneShortName": "IST", "uuid": "dc1ade96-5de1-3789-a205-7b22e32041f9", "messageBoardId": "finmb_23229474", "gmtOffSetMilliseconds": 19800000, "maxAge": 1}, "incomeStatementHistory": {"incomeStatementHistory": [{"maxAge": 1, "endDate": "2020-03-31", "totalRevenue": 4884900000, "costOfRevenue": 17468000000, "grossProfit": -12583100000, "researchDevelopment": {}, "sellingGeneralAdministrative": 1574500000, "nonRecurring": {}, "otherOperatingExpenses": 4979600000, "totalOperatingExpenses": 25406100000, "operatingIncome": -20521200000, "totalOtherIncomeExpenseNet": -7691100000, "ebit": -20521200000, "interestExpense": -4399700000, "incomeBeforeTax": -28212300000, "incomeTaxExpense": -9919900000, "minorityInterest": 14900000, "netIncomeFromContinuingOps": -18292400000, "discontinuedOperations": {}, "extraordinaryItems": {}, "effectOfAccountingCharges": {}, "otherItems": {}, "netIncome": -18292400000, "netIncomeApplicableToCommonShares": -18292400000}, {"maxAge": 1, "endDate": "2019-03-31", "totalRevenue": 9736500000, "costOfRevenue": 20212400000, "grossProfit": -10475900000, "researchDevelopment": {}, "sellingGeneralAdministrative": 2643900000, "nonRecurring": {}, "otherOperatingExpenses": 5010800000, "totalOperatingExpenses": 29463600000, "operatingIncome": -19727100000, "totalOtherIncomeExpenseNet": -4531200000, "ebit": -19727100000, "interestExpense": -4424500000, "incomeBeforeTax": -24258300000, "incomeTaxExpense": -7351300000, "minorityInterest": 14900000, "netIncomeFromContinuingOps": -16907000000, "discontinuedOperations": {}, "extraordinaryItems": {}, "effectOfAccountingCharges": {}, "otherItems": {}, "netIncome": -16907000000, "netIncomeApplicableToCommonShares": -16907000000}, {"maxAge": 1, "endDate": "2018-03-31", "totalRevenue": 30992500000, "costOfRevenue": 21341800000, "grossProfit": 9650700000, "researchDevelopment": {}, "sellingGeneralAdministrative": 3338200000, "nonRecurring": {}, "otherOperatingExpenses": 4325900000, "totalOperatingExpenses": 30604300000, "operatingIncome": 388200000, "totalOtherIncomeExpenseNet": -4012300000, "ebit": 388200000, "interestExpense": -4179600000, "incomeBeforeTax": -3624100000, "incomeTaxExpense": -767800000, "minorityInterest": 14900000, "netIncomeFromContinuingOps": -2856300000, "discontinuedOperations": {}, "extraordinaryItems": {}, "effectOfAccountingCharges": {}, "otherItems": {}, "netIncome": -2856300000, "netIncomeApplicableToCommonShares": -2856300000}, {"maxAge": 1, "endDate": "2017-03-31", "totalRevenue": 38948600000, "costOfRevenue": 24867500000, "grossProfit": 14081100000, "researchDevelopment": {}, "sellingGeneralAdministrative": 2921800000, "nonRecurring": {}, "otherOperatingExpenses": 5158600000, "totalOperatingExpenses": 34613400000, "operatingIncome": 4335200000, "totalOtherIncomeExpenseNet": -6507700000, "ebit": 4335200000, "interestExpense": -6650400000, "incomeBeforeTax": -2172500000, "incomeTaxExpense": -549700000, "minorityInterest": 14900000, "netIncomeFromContinuingOps": -1622800000, "discontinuedOperations": {}, "extraordinaryItems": {}, "effectOfAccountingCharges": {}, "otherItems": {}, "netIncome": -1622800000, "netIncomeApplicableToCommonShares": -1622800000}], "maxAge": 86400}, "fundOwnership": {"maxAge": 1, "ownershipList": []}, "summaryDetail": {"maxAge": 1, "priceHint": 2, "previousClose": 6.95, "open": 6.9, "dayLow": 6.7, "dayHigh": 7.3, "regularMarketPreviousClose": 6.95, "regularMarketOpen": 6.9, "regularMarketDayLow": 6.7, "regularMarketDayHigh": 7.3, "exDividendDate": "2011-09-05 05:30:00", "payoutRatio": 0.0, "beta": 1.512105, "volume": 97739, "regularMarketVolume": 97739, "averageVolume": 255525, "averageVolume10days": 78789, "averageDailyVolume10Day": 78789, "bid": 0.0, "ask": 0.0, "bidSize": 0, "askSize": 0, "marketCap": 2254079488, "fiftyTwoWeekLow": 3.55, "fiftyTwoWeekHigh": 15.4, "priceToSalesTrailing12Months": 1.333617, "fiftyDayAverage": 7.172727, "twoHundredDayAverage": 9.744327, "currency": "INR", "fromCurrency": null, "toCurrency": null, "lastMarket": null, "algorithm": null, "tradeable": false}, "insiderHolders": {"holders": [{"maxAge": 1, "name": "AAA United B V", "relation": "Promoter", "url": "", "transactionDescription": "Sale", "latestTransDate": "2021-03-12", "positionDirect": 43898124, "positionDirectDate": "2021-03-12"}, {"maxAge": 1, "name": "Agrawal (Prashant)", "relation": "Promoter", "url": "", "transactionDescription": "Sale", "latestTransDate": "2018-06-28", "positionDirect": 4541139, "positionDirectDate": "2018-06-28"}, {"maxAge": 1, "name": "Bombay Rayon Clothing Ltd", "relation": "Promoter", "url": "", "transactionDescription": "Sale", "latestTransDate": "2018-10-03", "positionDirect": 5005481, "positionDirectDate": "2018-10-03"}, {"maxAge": 1, "name": "Citigroup Global Markets Mauritius Pvt Ltd", "relation": "Investment Advisor", "url": "", "transactionDescription": "Sale", "latestTransDate": "2010-03-11", "positionDirect": 3516000, "positionDirectDate": "2010-03-11"}, {"maxAge": 1, "name": "Mogre (Uday C)", "relation": "Director (Executive)", "url": "", "transactionDescription": "Sale", "latestTransDate": "2010-03-11", "positionDirect": 24832, "positionDirectDate": "2010-03-11"}, {"maxAge": 1, "name": "Reliance Capital Trustee Co Ltd - Reliance", "relation": "Investment Management Company", "url": "", "transactionDescription": "Sale", "latestTransDate": "2011-06-15", "positionDirect": 3661059, "positionDirectDate": "2011-06-15"}, {"maxAge": 1, "name": "Reynold Shirting Pvt. Ltd.", "relation": "Institution- Corporation", "url": "", "transactionDescription": "Acquisition", "latestTransDate": "2010-04-01", "positionDirect": 9400000, "positionDirectDate": "2010-04-01"}], "maxAge": 1}, "calendarEvents": {"maxAge": 1, "earnings": {"earningsDate": ["2019-08-13 05:30:S", "2019-08-17 05:30:S"]}, "exDividendDate": "2011-09-05 05:30:00"}, "price": {"maxAge": 1, "regularMarketChangePercent": 0.021582749, "regularMarketChange": 0.1500001, "regularMarketTime": "2021-04-30 15:29:52", "priceHint": 2, "regularMarketPrice": 7.1, "regularMarketDayHigh": 7.3, "regularMarketDayLow": 6.7, "regularMarketVolume": 97739, "averageDailyVolume10Day": 78789, "averageDailyVolume3Month": 255525, "regularMarketPreviousClose": 6.95, "regularMarketSource": "FREE_REALTIME", "regularMarketOpen": 6.9, "exchange": "NSI", "exchangeName": "NSE", "exchangeDataDelayedBy": 15, "marketState": "CLOSED", "quoteType": "EQUITY", "symbol": "BRFL.NS", "underlyingSymbol": null, "shortName": "BOMBAY RAYON FASHIONS LTD", "longName": "Bombay Rayon Fashions Limited", "currency": "INR", "quoteSourceName": "Delayed Quote", "currencySymbol": "\u20b9", "fromCurrency": null, "toCurrency": null, "lastMarket": null, "marketCap": 2254079488}, "balanceSheetHistory": {"balanceSheetStatements": [{"maxAge": 1, "endDate": "2020-03-31", "cash": 351900000, "netReceivables": 14140700000, "inventory": 6150900000, "otherCurrentAssets": 2737300000, "totalCurrentAssets": 23380800000, "longTermInvestments": 231000000, "propertyPlantEquipment": 23043900000, "intangibleAssets": 1465400000, "otherAssets": 18187700000, "deferredLongTermAssetCharges": 16681300000, "totalAssets": 66308800000, "accountsPayable": 5975000000, "shortLongTermDebt": 6468200000, "otherCurrentLiab": 273200000, "longTermDebt": 10416900000, "otherLiab": 117100000, "minorityInterest": 14900000, "totalCurrentLiabilities": 47450300000, "totalLiab": 57984300000, "commonStock": 3174800000, "retainedEarnings": -40319500000, "treasuryStock": 38200000, "capitalSurplus": 45416100000, "otherStockholderEquity": 38200000, "totalStockholderEquity": 8309600000, "netTangibleAssets": 6844200000}, {"maxAge": 1, "endDate": "2019-03-31", "cash": 302200000, "netReceivables": 14483300000, "inventory": 22133600000, "otherCurrentAssets": 3187500000, "totalCurrentAssets": 40106600000, "longTermInvestments": 231000000, "propertyPlantEquipment": 29372500000, "intangibleAssets": 1466800000, "otherAssets": 8327400000, "deferredLongTermAssetCharges": 6736300000, "totalAssets": 79504300000, "accountsPayable": 6304200000, "shortLongTermDebt": 4304300000, "otherCurrentLiab": 191500000, "longTermDebt": 11051000000, "otherLiab": 179300000, "minorityInterest": 14900000, "totalCurrentLiabilities": 41668600000, "totalLiab": 52898900000, "commonStock": 3174800000, "retainedEarnings": -22027300000, "treasuryStock": 26900000, "capitalSurplus": 45416100000, "otherStockholderEquity": 26900000, "totalStockholderEquity": 26590500000, "netTangibleAssets": 25123700000}, {"maxAge": 1, "endDate": "2018-03-31", "cash": 271000000, "netReceivables": 17274000000, "inventory": 37317700000, "otherCurrentAssets": 3263500000, "totalCurrentAssets": 58126200000, "longTermInvestments": 231000000, "propertyPlantEquipment": 31703300000, "intangibleAssets": 1469100000, "otherAssets": 1860300000, "totalAssets": 93389900000, "accountsPayable": 6886500000, "shortLongTermDebt": 1898900000, "otherCurrentLiab": 200100000, "longTermDebt": 12332500000, "otherLiab": 798100000, "minorityInterest": 14900000, "totalCurrentLiabilities": 36751000000, "totalLiab": 49881600000, "commonStock": 3174800000, "retainedEarnings": -5120200000, "treasuryStock": 22700000, "capitalSurplus": 45416100000, "otherStockholderEquity": 22700000, "totalStockholderEquity": 43493400000, "netTangibleAssets": 42024300000}, {"maxAge": 1, "endDate": "2017-03-31", "cash": 756200000, "netReceivables": 15232200000, "inventory": 36512400000, "otherCurrentAssets": 3703900000, "totalCurrentAssets": 56204700000, "longTermInvestments": 231000000, "propertyPlantEquipment": 33167200000, "intangibleAssets": 1469900000, "otherAssets": 2450200000, "totalAssets": 93523000000, "accountsPayable": 5901600000, "shortLongTermDebt": 2765900000, "otherCurrentLiab": 141300000, "longTermDebt": 16653400000, "otherLiab": 1537400000, "minorityInterest": 14900000, "totalCurrentLiabilities": 48146200000, "totalLiab": 66337000000, "commonStock": 1859900000, "retainedEarnings": -2263900000, "treasuryStock": 22700000, "capitalSurplus": 27552400000, "otherStockholderEquity": 22700000, "totalStockholderEquity": 27171100000, "netTangibleAssets": 25701200000}], "maxAge": 86400}, "earningsTrend": {"trend": [{"maxAge": 1, "period": "0q", "endDate": null, "growth": {}, "earningsEstimate": {"avg": 0.0, "low": 0.0, "high": 0.0, "yearAgoEps": {}, "numberOfAnalysts": 0, "growth": {}}, "revenueEstimate": {"avg": 0, "low": 0, "high": 0, "numberOfAnalysts": 0, "yearAgoRevenue": {}, "growth": {}}, "epsTrend": {"current": 0.0, "7daysAgo": 0.0, "30daysAgo": 0.0, "60daysAgo": 0.0, "90daysAgo": 0.0}, "epsRevisions": {"upLast7days": 0, "upLast30days": 0, "downLast30days": 0, "downLast90days": {}}}, {"maxAge": 1, "period": "+1q", "endDate": null, "growth": {}, "earningsEstimate": {"avg": 0.0, "low": 0.0, "high": 0.0, "yearAgoEps": {}, "numberOfAnalysts": 0, "growth": {}}, "revenueEstimate": {"avg": 0, "low": 0, "high": 0, "numberOfAnalysts": 0, "yearAgoRevenue": {}, "growth": {}}, "epsTrend": {"current": 0.0, "7daysAgo": 0.0, "30daysAgo": 0.0, "60daysAgo": 0.0, "90daysAgo": 0.0}, "epsRevisions": {"upLast7days": 0, "upLast30days": 0, "downLast30days": 0, "downLast90days": {}}}, {"maxAge": 1, "period": "0y", "endDate": null, "growth": {}, "earningsEstimate": {"avg": 0.0, "low": 0.0, "high": 0.0, "yearAgoEps": {}, "numberOfAnalysts": 0, "growth": {}}, "revenueEstimate": {"avg": 0, "low": 0, "high": 0, "numberOfAnalysts": 0, "yearAgoRevenue": {}, "growth": {}}, "epsTrend": {"current": 0.0, "7daysAgo": 0.0, "30daysAgo": 0.0, "60daysAgo": 0.0, "90daysAgo": 0.0}, "epsRevisions": {"upLast7days": 0, "upLast30days": 0, "downLast30days": 0, "downLast90days": {}}}, {"maxAge": 1, "period": "+1y", "endDate": null, "growth": {}, "earningsEstimate": {"avg": 0.0, "low": 0.0, "high": 0.0, "yearAgoEps": {}, "numberOfAnalysts": 0, "growth": {}}, "revenueEstimate": {"avg": 0, "low": 0, "high": 0, "numberOfAnalysts": 0, "yearAgoRevenue": {}, "growth": {}}, "epsTrend": {"current": 0.0, "7daysAgo": 0.0, "30daysAgo": 0.0, "60daysAgo": 0.0, "90daysAgo": 0.0}, "epsRevisions": {"upLast7days": 0, "upLast30days": 0, "downLast30days": 0, "downLast90days": {}}}, {"maxAge": 1, "period": "+5y", "endDate": null, "growth": {}, "earningsEstimate": {"avg": {}, "low": {}, "high": {}, "yearAgoEps": {}, "numberOfAnalysts": {}, "growth": {}}, "revenueEstimate": {"avg": {}, "low": {}, "high": {}, "numberOfAnalysts": {}, "yearAgoRevenue": {}, "growth": {}}, "epsTrend": {"current": {}, "7daysAgo": {}, "30daysAgo": {}, "60daysAgo": {}, "90daysAgo": {}}, "epsRevisions": {"upLast7days": {}, "upLast30days": {}, "downLast30days": {}, "downLast90days": {}}}, {"maxAge": 1, "period": "-5y", "endDate": null, "growth": -0.11337, "earningsEstimate": {"avg": {}, "low": {}, "high": {}, "yearAgoEps": {}, "numberOfAnalysts": {}, "growth": {}}, "revenueEstimate": {"avg": {}, "low": {}, "high": {}, "numberOfAnalysts": {}, "yearAgoRevenue": {}, "growth": {}}, "epsTrend": {"current": {}, "7daysAgo": {}, "30daysAgo": {}, "60daysAgo": {}, "90daysAgo": {}}, "epsRevisions": {"upLast7days": {}, "upLast30days": {}, "downLast30days": {}, "downLast90days": {}}}], "maxAge": 1}, "institutionOwnership": {"maxAge": 1, "ownershipList": []}, "majorHoldersBreakdown": {"maxAge": 1, "insidersPercentHeld": 0.87397003, "institutionsPercentHeld": 0.0, "institutionsFloatPercentHeld": 0.0, "institutionsCount": 0}, "balanceSheetHistoryQuarterly": {"balanceSheetStatements": [{"maxAge": 1, "endDate": "2020-12-31", "totalStockholderEquity": 5166000000, "netTangibleAssets": 3701200000}, {"maxAge": 1, "endDate": "2020-09-30", "cash": 361200000, "netReceivables": 13768600000, "inventory": 5641500000, "otherCurrentAssets": 1799500000, "totalCurrentAssets": 21570800000, "longTermInvestments": 241800000, "propertyPlantEquipment": 20948800000, "intangibleAssets": 1464800000, "otherAssets": 19315100000, "deferredLongTermAssetCharges": 17861200000, "totalAssets": 63541300000, "accountsPayable": 5730900000, "shortLongTermDebt": 8863600000, "otherCurrentLiab": 1362800000, "longTermDebt": 9674800000, "otherLiab": 117100000, "minorityInterest": 14900000, "totalCurrentLiabilities": 48568500000, "totalLiab": 58360400000, "commonStock": 3174800000, "treasuryStock": 1991200000, "otherStockholderEquity": 1991200000, "totalStockholderEquity": 5166000000, "netTangibleAssets": 3701200000}, {"maxAge": 1, "endDate": "2020-06-30", "totalStockholderEquity": 8309600000, "netTangibleAssets": 6844200000}, {"maxAge": 1, "endDate": "2020-03-31", "cash": 351900000, "netReceivables": 14140700000, "inventory": 6150900000, "otherCurrentAssets": 2737300000, "totalCurrentAssets": 23380800000, "longTermInvestments": 231000000, "propertyPlantEquipment": 23043900000, "intangibleAssets": 1465400000, "otherAssets": 18187700000, "deferredLongTermAssetCharges": 16681300000, "totalAssets": 66308800000, "accountsPayable": 5975000000, "shortLongTermDebt": 6468200000, "otherCurrentLiab": 273200000, "longTermDebt": 10416900000, "otherLiab": 117100000, "minorityInterest": 14900000, "totalCurrentLiabilities": 47450300000, "totalLiab": 57984300000, "commonStock": 3174800000, "retainedEarnings": -40319500000, "treasuryStock": 38200000, "capitalSurplus": 45416100000, "otherStockholderEquity": 38200000, "totalStockholderEquity": 8309600000, "netTangibleAssets": 6844200000}], "maxAge": 86400}, "earningsHistory": {"history": [{"maxAge": 1, "epsActual": {}, "epsEstimate": {}, "epsDifference": {}, "surprisePercent": {}, "quarter": {}, "period": "-4q"}, {"maxAge": 1, "epsActual": {}, "epsEstimate": {}, "epsDifference": {}, "surprisePercent": {}, "quarter": {}, "period": "-3q"}, {"maxAge": 1, "epsActual": {}, "epsEstimate": {}, "epsDifference": {}, "surprisePercent": {}, "quarter": {}, "period": "-2q"}, {"maxAge": 1, "epsActual": {}, "epsEstimate": {}, "epsDifference": {}, "surprisePercent": {}, "quarter": {}, "period": "-1q"}], "maxAge": 86400}, "summaryProfile": {"address1": "DLH Mangal Murti", "address2": "3rd floor Linking Road Santacruz (West)", "city": "Mumbai", "zip": "400054", "country": "India", "phone": "91 22 6106 8800", "fax": "91 22 6106 8830", "website": "http://www.bombayrayon.com", "industry": "Textile Manufacturing", "sector": "Consumer Cyclical", "longBusinessSummary": "Bombay Rayon Fashions Limited, an integrated textile company, manufactures and sells yarn, fabrics, and garments in India. The company also manufactures apparel; and polyester buttons for shirts, coats, outer wear, and trousers, as well as fancy buttons. In addition, it engages in the wholesale, retail, marketing, and distribution of clothing products. Bombay Rayon Fashions Limited also exports its products. The company was founded in 1986 and is headquartered in Mumbai, India.", "fullTimeEmployees": 3645, "companyOfficers": [], "maxAge": 86400}, "netSharePurchaseActivity": {"maxAge": 1, "period": "6m", "buyInfoCount": 0, "buyInfoShares": 0, "sellInfoCount": 0, "netInfoCount": 0, "netInfoShares": 0, "netPercentInsiderShares": 0.0, "totalInsiderShares": 277356512}, "insiderTransactions": {"transactions": [{"maxAge": 1, "shares": 1311175, "value": 137017, "filerUrl": "", "transactionText": "Sale at price 0.10 per share.", "filerName": "AAA United B V", "filerRelation": "Promoter", "moneyText": "", "startDate": "2021-03-12", "ownership": "D"}, {"maxAge": 1, "shares": 1826406, "value": 195060, "filerUrl": "", "transactionText": "Sale at price 0.11 per share.", "filerName": "AAA United B V", "filerRelation": "Promoter", "moneyText": "", "startDate": "2021-03-08", "ownership": "D"}, {"maxAge": 1, "shares": 1114613, "value": 132861, "filerUrl": "", "transactionText": "Sale at price 0.12 per share.", "filerName": "AAA United B V", "filerRelation": "Promoter", "moneyText": "", "startDate": "2021-03-04", "ownership": "D"}, {"maxAge": 1, "shares": 766059, "value": 89399, "filerUrl": "", "transactionText": "Sale at price 0.12 per share.", "filerName": "AAA United B V", "filerRelation": "Promoter", "moneyText": "", "startDate": "2021-02-25", "ownership": "D"}, {"maxAge": 1, "shares": 149636, "value": 17776, "filerUrl": "", "transactionText": "Sale at price 0.12 per share.", "filerName": "AAA United B V", "filerRelation": "Promoter", "moneyText": "", "startDate": "2021-02-22", "ownership": "D"}, {"maxAge": 1, "shares": 606301, "value": 77242, "filerUrl": "", "transactionText": "Sale at price 0.13 per share.", "filerName": "AAA United B V", "filerRelation": "Promoter", "moneyText": "", "startDate": "2021-02-19", "ownership": "D"}, {"maxAge": 1, "shares": 542919, "value": 88061, "filerUrl": "", "transactionText": "Sale at price 0.16 per share.", "filerName": "AAA United B V", "filerRelation": "Promoter", "moneyText": "", "startDate": "2020-12-31", "ownership": "D"}, {"maxAge": 1, "shares": 1689529, "filerUrl": "", "transactionText": "", "filerName": "Bombay Rayon Clothing Ltd", "filerRelation": "Promoter", "moneyText": "", "startDate": "2018-10-03", "ownership": "D"}, {"maxAge": 1, "shares": 1419258, "filerUrl": "", "transactionText": "", "filerName": "Agrawal (Prashant)", "filerRelation": "Promoter", "moneyText": "", "startDate": "2018-06-28", "ownership": "D"}, {"maxAge": 1, "shares": 38824, "filerUrl": "", "transactionText": "", "filerName": "AAA United B V", "filerRelation": "Promoter", "moneyText": "", "startDate": "2018-06-19", "ownership": "D"}, {"maxAge": 1, "shares": 87508, "filerUrl": "", "transactionText": "", "filerName": "AAA United B V", "filerRelation": "Promoter", "moneyText": "", "startDate": "2018-05-30", "ownership": "D"}, {"maxAge": 1, "shares": 68896, "filerUrl": "", "transactionText": "", "filerName": "AAA United B V", "filerRelation": "Promoter", "moneyText": "", "startDate": "2018-05-24", "ownership": "D"}, {"maxAge": 1, "shares": 53925, "filerUrl": "", "transactionText": "", "filerName": "AAA United B V", "filerRelation": "Promoter", "moneyText": "", "startDate": "2018-05-09", "ownership": "D"}, {"maxAge": 1, "shares": 65411, "filerUrl": "", "transactionText": "", "filerName": "AAA United B V", "filerRelation": "Promoter", "moneyText": "", "startDate": "2017-12-20", "ownership": "D"}, {"maxAge": 1, "shares": 470603, "filerUrl": "", "transactionText": "", "filerName": "AAA United B V", "filerRelation": "Promoter", "moneyText": "", "startDate": "2017-12-19", "ownership": "D"}, {"maxAge": 1, "shares": 1682000, "filerUrl": "", "transactionText": "", "filerName": "Reliance Capital Trustee Co Ltd - Reliance", "filerRelation": "Investment Management Company", "moneyText": "", "startDate": "2011-06-15", "ownership": "D"}, {"maxAge": 1, "shares": 5800000, "filerUrl": "", "transactionText": "", "filerName": "Reynold Shirting Pvt. Ltd.", "filerRelation": "Institution- Corporation", "moneyText": "", "startDate": "2010-04-01", "ownership": "D"}, {"maxAge": 1, "shares": 100000, "filerUrl": "", "transactionText": "", "filerName": "Citigroup Global Markets Mauritius Pvt Ltd", "filerRelation": "Investment Advisor", "moneyText": "", "startDate": "2010-03-11", "ownership": "D"}, {"maxAge": 1, "shares": 5000, "filerUrl": "", "transactionText": "", "filerName": "Mogre (Uday C)", "filerRelation": "Director (Executive)", "moneyText": "", "startDate": "2010-03-11", "ownership": "D"}, {"maxAge": 1, "shares": 495500, "filerUrl": "", "transactionText": "", "filerName": "Reliance Capital Trustee Co Ltd - Reliance", "filerRelation": "UNREPORTED", "moneyText": "", "startDate": "2010-01-28", "ownership": "D"}, {"maxAge": 1, "shares": 10000, "filerUrl": "", "transactionText": "", "filerName": "Mogre (Uday C)", "filerRelation": "Director (Executive)", "moneyText": "", "startDate": "2010-01-18", "ownership": "D"}], "maxAge": 1}, "sectorTrend": {"maxAge": 1, "symbol": null, "estimates": []}, "incomeStatementHistoryQuarterly": {"incomeStatementHistory": [{"maxAge": 1, "endDate": "2020-12-31", "totalRevenue": 491300000, "costOfRevenue": 235800000, "grossProfit": 255500000, "researchDevelopment": {}, "sellingGeneralAdministrative": 182300000, "nonRecurring": {}, "otherOperatingExpenses": 857900000, "totalOperatingExpenses": 1562400000, "operatingIncome": -1071100000, "totalOtherIncomeExpenseNet": -3429100000, "ebit": -1071100000, "interestExpense": -639200000, "incomeBeforeTax": -4500200000, "incomeTaxExpense": -844300000, "minorityInterest": {}, "netIncomeFromContinuingOps": -3655900000, "discontinuedOperations": {}, "extraordinaryItems": {}, "effectOfAccountingCharges": {}, "otherItems": {}, "netIncome": -3655900000, "netIncomeApplicableToCommonShares": -3655900000}, {"maxAge": 1, "endDate": "2020-09-30", "totalRevenue": 200000000, "costOfRevenue": 549300000, "grossProfit": -349300000, "researchDevelopment": {}, "sellingGeneralAdministrative": 155500000, "nonRecurring": {}, "otherOperatingExpenses": 743500000, "totalOperatingExpenses": 1766000000, "operatingIncome": -1566000000, "totalOtherIncomeExpenseNet": -659500000, "ebit": -1566000000, "interestExpense": -639200000, "incomeBeforeTax": -2225500000, "incomeTaxExpense": -600800000, "minorityInterest": 14900000, "netIncomeFromContinuingOps": -1624700000, "discontinuedOperations": {}, "extraordinaryItems": {}, "effectOfAccountingCharges": {}, "otherItems": {}, "netIncome": -1624700000, "netIncomeApplicableToCommonShares": -1624700000}, {"maxAge": 1, "endDate": "2020-06-30", "totalRevenue": 100000000, "costOfRevenue": 156400000, "grossProfit": -56400000, "researchDevelopment": {}, "sellingGeneralAdministrative": 34100000, "nonRecurring": {}, "otherOperatingExpenses": 533000000, "totalOperatingExpenses": 1032100000, "operatingIncome": -932100000, "totalOtherIncomeExpenseNet": -1166000000, "ebit": -932100000, "interestExpense": -1170100000, "incomeBeforeTax": -2098100000, "incomeTaxExpense": -579100000, "minorityInterest": 14900000, "netIncomeFromContinuingOps": -1519000000, "discontinuedOperations": {}, "extraordinaryItems": {}, "effectOfAccountingCharges": {}, "otherItems": {}, "netIncome": -1519000000, "netIncomeApplicableToCommonShares": -1519000000}, {"maxAge": 1, "endDate": "2020-03-31", "totalRevenue": 898900000, "costOfRevenue": 4199400000, "grossProfit": -3300500000, "researchDevelopment": {}, "sellingGeneralAdministrative": 363000000, "nonRecurring": {}, "otherOperatingExpenses": 638400000, "totalOperatingExpenses": 5473700000, "operatingIncome": -4574800000, "totalOtherIncomeExpenseNet": -1295800000, "ebit": -4574800000, "interestExpense": -1243400000, "incomeBeforeTax": -5870600000, "incomeTaxExpense": -3293800000, "minorityInterest": 14900000, "netIncomeFromContinuingOps": -2576800000, "discontinuedOperations": {}, "extraordinaryItems": {}, "effectOfAccountingCharges": {}, "otherItems": {}, "netIncome": -2576800000, "netIncomeApplicableToCommonShares": -2576800000}], "maxAge": 86400}, "cashflowStatementHistoryQuarterly": {"cashflowStatements": [{"maxAge": 1, "endDate": "2020-12-31", "netIncome": -3655900000, "changeToLiabilities": 0}, {"maxAge": 1, "endDate": "2020-09-30", "netIncome": -1624700000, "changeToLiabilities": 0}, {"maxAge": 1, "endDate": "2020-06-30", "netIncome": -1519000000, "changeToLiabilities": 0}, {"maxAge": 1, "endDate": "2020-03-31", "netIncome": -2576800000, "changeToLiabilities": 0}], "maxAge": 86400}, "earnings": {"maxAge": 86400, "earningsChart": {"quarterly": [], "earningsDate": ["2019-08-13 05:30:S", "2019-08-17 05:30:S"]}, "financialsChart": {"yearly": [{"date": 2017, "revenue": 38948600000, "earnings": -1622800000}, {"date": 2018, "revenue": 30992500000, "earnings": -2856300000}, {"date": 2019, "revenue": 9736500000, "earnings": -16907000000}, {"date": 2020, "revenue": 4884900000, "earnings": -18292400000}], "quarterly": [{"date": "1Q2020", "revenue": 898900000, "earnings": -2576800000}, {"date": "2Q2020", "revenue": 100000000, "earnings": -1519000000}, {"date": "3Q2020", "revenue": 200000000, "earnings": -1624700000}, {"date": "4Q2020", "revenue": 491300000, "earnings": -3655900000}]}, "financialCurrency": "INR"}, "financialData": {"maxAge": 86400, "currentPrice": 7.1, "targetHighPrice": 234.0, "targetLowPrice": 234.0, "targetMeanPrice": 234.0, "targetMedianPrice": 234.0, "recommendationMean": 4.0, "recommendationKey": "underperform", "numberOfAnalystOpinions": 1, "totalCash": 361200000, "totalCashPerShare": 1.138, "ebitda": -6919925248, "totalDebt": 51086700544, "totalRevenue": 1690200064, "debtToEquity": 986.058, "revenuePerShare": 5.324, "grossProfits": -12583100000, "revenueGrowth": -0.623, "grossMargins": -2.04159, "ebitdaMargins": 0.0, "operatingMargins": -4.81836, "profitMargins": 0.0, "financialCurrency": "INR"}}}