{"BRFL.BO": {"recommendationTrend": {"trend": [{"period": "0m", "strongBuy": 0, "buy": 0, "hold": 0, "sell": 0, "strongSell": 0}, {"period": "-1m", "strongBuy": 0, "buy": 0, "hold": 0, "sell": 0, "strongSell": 0}, {"period": "-2m", "strongBuy": 0, "buy": 0, "hold": 0, "sell": 0, "strongSell": 0}, {"period": "-3m", "strongBuy": 0, "buy": 0, "hold": 0, "sell": 0, "strongSell": 0}], "maxAge": 86400}, "cashflowStatementHistory": {"cashflowStatements": [{"maxAge": 1, "endDate": "2020-03-31", "netIncome": -18292400000, "depreciation": 1382700000, "changeToNetincome": -333900000, "changeToAccountReceivables": -1033600000, "changeToLiabilities": 2246500000, "changeToInventory": 15982700000, "totalCashFromOperatingActivities": -46700000, "otherCashflowsFromInvestingActivities": 8700000, "totalCashflowsFromInvestingActivities": 1466900000, "netBorrowings": 3026000000, "otherCashflowsFromFinancingActivities": -4396500000, "totalCashFromFinancingActivities": -1370500000, "changeInCash": 49700000}, {"maxAge": 1, "endDate": "2019-03-31", "netIncome": -16907000000, "depreciation": 1594200000, "changeToNetincome": -1732000000, "changeToAccountReceivables": -360600000, "changeToLiabilities": 2512400000, "changeToInventory": 15184100000, "totalCashFromOperatingActivities": 293400000, "otherCashflowsFromInvestingActivities": -18800000, "totalCashflowsFromInvestingActivities": 368300000, "netBorrowings": 175800000, "otherCashflowsFromFinancingActivities": -806200000, "totalCashFromFinancingActivities": -630400000, "changeInCash": 31300000}, {"maxAge": 1, "endDate": "2018-03-31", "netIncome": -2856300000, "depreciation": 1595400000, "changeToNetincome": 3341800000, "changeToAccountReceivables": -999500000, "changeToLiabilities": -1270900000, "changeToInventory": -805300000, "totalCashFromOperatingActivities": -991400000, "capitalExpenditures": -104600000, "otherCashflowsFromInvestingActivities": 75600000, "totalCashflowsFromInvestingActivities": -29000000, "netBorrowings": 4765500000, "otherCashflowsFromFinancingActivities": -4230200000, "totalCashFromFinancingActivities": 535300000, "changeInCash": -485100000}, {"maxAge": 1, "endDate": "2017-03-31", "netIncome": -1622800000, "depreciation": 1648900000, "changeToNetincome": 6014700000, "changeToAccountReceivables": -999400000, "changeToLiabilities": -2588700000, "changeToInventory": -5251100000, "totalCashFromOperatingActivities": -2781800000, "capitalExpenditures": -147700000, "investments": 800000, "otherCashflowsFromInvestingActivities": 86200000, "totalCashflowsFromInvestingActivities": -60700000, "netBorrowings": 8329700000, "otherCashflowsFromFinancingActivities": -5769800000, "totalCashFromFinancingActivities": 2559900000, "changeInCash": -282600000}], "maxAge": 86400}, "institutionOwnership": {"maxAge": 1, "ownershipList": []}, "balanceSheetHistoryQuarterly": {"balanceSheetStatements": [{"maxAge": 1, "endDate": "2020-06-30", "totalStockholderEquity": 8309600000, "netTangibleAssets": 6844200000}, {"maxAge": 1, "endDate": "2020-03-31", "cash": 351900000, "netReceivables": 14140700000, "inventory": 6150900000, "otherCurrentAssets": 2737300000, "totalCurrentAssets": 23380800000, "longTermInvestments": 231000000, "propertyPlantEquipment": 23043900000, "intangibleAssets": 1465400000, "otherAssets": 18187700000, "deferredLongTermAssetCharges": 16681300000, "totalAssets": 66308800000, "accountsPayable": 5975000000, "shortLongTermDebt": 6468200000, "otherCurrentLiab": 273200000, "longTermDebt": 10416900000, "otherLiab": 117100000, "minorityInterest": 14900000, "totalCurrentLiabilities": 47450300000, "totalLiab": 57984300000, "commonStock": 3174800000, "retainedEarnings": -40319500000, "treasuryStock": 38200000, "capitalSurplus": 45416100000, "otherStockholderEquity": 38200000, "totalStockholderEquity": 8309600000, "netTangibleAssets": 6844200000}, {"maxAge": 1, "endDate": "2019-12-31", "totalStockholderEquity": 16900200000, "netTangibleAssets": 15434400000}, {"maxAge": 1, "endDate": "2019-09-30", "cash": 269100000, "netReceivables": 14835400000, "inventory": 13348900000, "otherCurrentAssets": 1789500000, "totalCurrentAssets": 30242900000, "longTermInvestments": 231000000, "propertyPlantEquipment": 25462700000, "intangibleAssets": 1465800000, "otherAssets": 13763400000, "deferredLongTermAssetCharges": 12269100000, "totalAssets": 71165800000, "accountsPayable": 5698800000, "shortLongTermDebt": 6466600000, "otherCurrentLiab": 1503900000, "longTermDebt": 10168600000, "otherLiab": 197300000, "minorityInterest": 14900000, "totalCurrentLiabilities": 43884800000, "totalLiab": 54250700000, "commonStock": 3174800000, "treasuryStock": 13725400000, "otherStockholderEquity": 13725400000, "totalStockholderEquity": 16900200000, "netTangibleAssets": 15434400000}], "maxAge": 86400}, "earningsHistory": {"history": [{"maxAge": 1, "epsActual": {}, "epsEstimate": {}, "epsDifference": {}, "surprisePercent": {}, "quarter": {}, "period": "-4q"}, {"maxAge": 1, "epsActual": {}, "epsEstimate": {}, "epsDifference": {}, "surprisePercent": {}, "quarter": {}, "period": "-3q"}, {"maxAge": 1, "epsActual": {}, "epsEstimate": {}, "epsDifference": {}, "surprisePercent": {}, "quarter": {}, "period": "-2q"}, {"maxAge": 1, "epsActual": {}, "epsEstimate": {}, "epsDifference": {}, "surprisePercent": {}, "quarter": {}, "period": "-1q"}], "maxAge": 86400}, "indexTrend": {"maxAge": 1, "symbol": "SP5", "peRatio": 19.7411, "pegRatio": 1.34172, "estimates": [{"period": "0q", "growth": 0.549}, {"period": "+1q", "growth": 0.431}, {"period": "0y", "growth": 0.305}, {"period": "+1y", "growth": 0.109}, {"period": "+5y", "growth": 0.120865}, {"period": "-5y"}]}, "industryTrend": {"maxAge": 1, "symbol": null, "estimates": []}, "insiderTransactions": {"transactions": [{"maxAge": 1, "shares": 1689529, "filerUrl": "", "transactionText": "", "filerName": "Bombay Rayon Clothing Ltd", "filerRelation": "Promoter", "moneyText": "", "startDate": "2018-10-03", "ownership": "D"}, {"maxAge": 1, "shares": 1419258, "filerUrl": "", "transactionText": "", "filerName": "Agrawal (Prashant)", "filerRelation": "Promoter", "moneyText": "", "startDate": "2018-06-28", "ownership": "D"}, {"maxAge": 1, "shares": 38824, "filerUrl": "", "transactionText": "", "filerName": "AAA United B V", "filerRelation": "Promoter", "moneyText": "", "startDate": "2018-06-19", "ownership": "D"}, {"maxAge": 1, "shares": 87508, "filerUrl": "", "transactionText": "", "filerName": "AAA United B V", "filerRelation": "Promoter", "moneyText": "", "startDate": "2018-05-30", "ownership": "D"}, {"maxAge": 1, "shares": 68896, "filerUrl": "", "transactionText": "", "filerName": "AAA United B V", "filerRelation": "Promoter", "moneyText": "", "startDate": "2018-05-24", "ownership": "D"}, {"maxAge": 1, "shares": 53925, "filerUrl": "", "transactionText": "", "filerName": "AAA United B V", "filerRelation": "Promoter", "moneyText": "", "startDate": "2018-05-09", "ownership": "D"}, {"maxAge": 1, "shares": 65411, "filerUrl": "", "transactionText": "", "filerName": "AAA United B V", "filerRelation": "Promoter", "moneyText": "", "startDate": "2017-12-20", "ownership": "D"}, {"maxAge": 1, "shares": 470603, "filerUrl": "", "transactionText": "", "filerName": "AAA United B V", "filerRelation": "Promoter", "moneyText": "", "startDate": "2017-12-19", "ownership": "D"}, {"maxAge": 1, "shares": 1682000, "filerUrl": "", "transactionText": "", "filerName": "Reliance Capital Trustee Co Ltd - Reliance", "filerRelation": "Investment Management Company", "moneyText": "", "startDate": "2011-06-15", "ownership": "D"}, {"maxAge": 1, "shares": 5800000, "filerUrl": "", "transactionText": "", "filerName": "Reynold Shirting Pvt. Ltd.", "filerRelation": "Institution- Corporation", "moneyText": "", "startDate": "2010-04-01", "ownership": "D"}, {"maxAge": 1, "shares": 5000, "filerUrl": "", "transactionText": "", "filerName": "Mogre (Uday C)", "filerRelation": "Director (Executive)", "moneyText": "", "startDate": "2010-03-11", "ownership": "D"}, {"maxAge": 1, "shares": 100000, "filerUrl": "", "transactionText": "", "filerName": "Citigroup Global Markets Mauritius Pvt Ltd", "filerRelation": "Investment Advisor", "moneyText": "", "startDate": "2010-03-11", "ownership": "D"}, {"maxAge": 1, "shares": 495500, "filerUrl": "", "transactionText": "", "filerName": "Reliance Capital Trustee Co Ltd - Reliance", "filerRelation": "UNREPORTED", "moneyText": "", "startDate": "2010-01-28", "ownership": "D"}, {"maxAge": 1, "shares": 10000, "filerUrl": "", "transactionText": "", "filerName": "Mogre (Uday C)", "filerRelation": "Director (Executive)", "moneyText": "", "startDate": "2010-01-18", "ownership": "D"}], "maxAge": 1}, "quoteType": {"exchange": "BSE", "quoteType": "EQUITY", "symbol": "BRFL.BO", "underlyingSymbol": "BRFL.BO", "shortName": "BOMBAY RAYON FASHIONS LTD.", "longName": "Bombay Rayon Fashions Limited", "firstTradeDateEpochUtc": "2005-12-05 09:15:00", "timeZoneFullName": "Asia/Kolkata", "timeZoneShortName": "IST", "uuid": "3ae0fc84-a7ae-338c-83ec-00e5d94bda65", "messageBoardId": null, "gmtOffSetMilliseconds": 19800000, "maxAge": 1}, "incomeStatementHistory": {"incomeStatementHistory": [{"maxAge": 1, "endDate": "2020-03-31", "totalRevenue": 4884900000, "costOfRevenue": 17468000000, "grossProfit": -12583100000, "researchDevelopment": {}, "sellingGeneralAdministrative": 1574500000, "nonRecurring": {}, "otherOperatingExpenses": 4979600000, "totalOperatingExpenses": 25406100000, "operatingIncome": -20521200000, "totalOtherIncomeExpenseNet": -7691100000, "ebit": -20521200000, "interestExpense": -4399700000, "incomeBeforeTax": -28212300000, "incomeTaxExpense": -9919900000, "minorityInterest": 14900000, "netIncomeFromContinuingOps": -18292400000, "discontinuedOperations": {}, "extraordinaryItems": {}, "effectOfAccountingCharges": {}, "otherItems": {}, "netIncome": -18292400000, "netIncomeApplicableToCommonShares": -18292400000}, {"maxAge": 1, "endDate": "2019-03-31", "totalRevenue": 9736500000, "costOfRevenue": 20212400000, "grossProfit": -10475900000, "researchDevelopment": {}, "sellingGeneralAdministrative": 2643900000, "nonRecurring": {}, "otherOperatingExpenses": 5010800000, "totalOperatingExpenses": 29463600000, "operatingIncome": -19727100000, "totalOtherIncomeExpenseNet": -4531200000, "ebit": -19727100000, "interestExpense": -4424500000, "incomeBeforeTax": -24258300000, "incomeTaxExpense": -7351300000, "minorityInterest": 14900000, "netIncomeFromContinuingOps": -16907000000, "discontinuedOperations": {}, "extraordinaryItems": {}, "effectOfAccountingCharges": {}, "otherItems": {}, "netIncome": -16907000000, "netIncomeApplicableToCommonShares": -16907000000}, {"maxAge": 1, "endDate": "2018-03-31", "totalRevenue": 30992500000, "costOfRevenue": 21341800000, "grossProfit": 9650700000, "researchDevelopment": {}, "sellingGeneralAdministrative": 3338200000, "nonRecurring": {}, "otherOperatingExpenses": 4325900000, "totalOperatingExpenses": 30604300000, "operatingIncome": 388200000, "totalOtherIncomeExpenseNet": -4012300000, "ebit": 388200000, "interestExpense": -4179600000, "incomeBeforeTax": -3624100000, "incomeTaxExpense": -767800000, "minorityInterest": 14900000, "netIncomeFromContinuingOps": -2856300000, "discontinuedOperations": {}, "extraordinaryItems": {}, "effectOfAccountingCharges": {}, "otherItems": {}, "netIncome": -2856300000, "netIncomeApplicableToCommonShares": -2856300000}, {"maxAge": 1, "endDate": "2017-03-31", "totalRevenue": 38948600000, "costOfRevenue": 24867500000, "grossProfit": 14081100000, "researchDevelopment": {}, "sellingGeneralAdministrative": 2921800000, "nonRecurring": {}, "otherOperatingExpenses": 5158600000, "totalOperatingExpenses": 34613400000, "operatingIncome": 4335200000, "totalOtherIncomeExpenseNet": -6507700000, "ebit": 4335200000, "interestExpense": -6650400000, "incomeBeforeTax": -2172500000, "incomeTaxExpense": -549700000, "minorityInterest": 14900000, "netIncomeFromContinuingOps": -1622800000, "discontinuedOperations": {}, "extraordinaryItems": {}, "effectOfAccountingCharges": {}, "otherItems": {}, "netIncome": -1622800000, "netIncomeApplicableToCommonShares": -1622800000}], "maxAge": 86400}, "fundOwnership": {"maxAge": 1, "ownershipList": []}, "summaryDetail": {"maxAge": 1, "priceHint": 2, "previousClose": 6.96, "open": 6.91, "dayLow": 6.79, "dayHigh": 7.3, "regularMarketPreviousClose": 6.96, "regularMarketOpen": 6.91, "regularMarketDayLow": 6.79, "regularMarketDayHigh": 7.3, "volume": 40941, "regularMarketVolume": 40941, "averageVolume": 39430, "averageVolume10days": 35384, "averageDailyVolume10Day": 35384, "bid": 7.09, "ask": 7.11, "bidSize": 0, "askSize": 0, "marketCap": 2200730112, "fiftyTwoWeekLow": 2.77, "fiftyTwoWeekHigh": 15.85, "fiftyDayAverage": 11.177428, "twoHundredDayAverage": 10.892774, "currency": "INR", "fromCurrency": null, "toCurrency": null, "lastMarket": null, "algorithm": null, "tradeable": false}, "sectorTrend": {"maxAge": 1, "symbol": null, "estimates": []}, "incomeStatementHistoryQuarterly": {"incomeStatementHistory": [{"maxAge": 1, "endDate": "2020-06-30", "totalRevenue": 100000000, "costOfRevenue": 156400000, "grossProfit": -56400000, "researchDevelopment": {}, "sellingGeneralAdministrative": 34100000, "nonRecurring": {}, "otherOperatingExpenses": 533000000, "totalOperatingExpenses": 1032100000, "operatingIncome": -932100000, "totalOtherIncomeExpenseNet": -1166000000, "ebit": -932100000, "interestExpense": -1170100000, "incomeBeforeTax": -2098100000, "incomeTaxExpense": -579100000, "minorityInterest": {}, "netIncomeFromContinuingOps": -1519000000, "discontinuedOperations": {}, "extraordinaryItems": {}, "effectOfAccountingCharges": {}, "otherItems": {}, "netIncome": -1519000000, "netIncomeApplicableToCommonShares": -1519000000}, {"maxAge": 1, "endDate": "2020-03-31", "totalRevenue": 898900000, "costOfRevenue": 4199400000, "grossProfit": -3300500000, "researchDevelopment": {}, "sellingGeneralAdministrative": 363000000, "nonRecurring": {}, "otherOperatingExpenses": 638400000, "totalOperatingExpenses": 5473700000, "operatingIncome": -4574800000, "totalOtherIncomeExpenseNet": -1295800000, "ebit": -4574800000, "interestExpense": -1243400000, "incomeBeforeTax": -5870600000, "incomeTaxExpense": -3293800000, "minorityInterest": 14900000, "netIncomeFromContinuingOps": -2576800000, "discontinuedOperations": {}, "extraordinaryItems": {}, "effectOfAccountingCharges": {}, "otherItems": {}, "netIncome": -2576800000, "netIncomeApplicableToCommonShares": -2576800000}, {"maxAge": 1, "endDate": "2019-12-31", "totalRevenue": 1304900000, "costOfRevenue": 3817400000, "grossProfit": -2512500000, "researchDevelopment": {}, "sellingGeneralAdministrative": 377800000, "nonRecurring": {}, "otherOperatingExpenses": 1508200000, "totalOperatingExpenses": 6063400000, "operatingIncome": -4758500000, "totalOtherIncomeExpenseNet": -2521800000, "ebit": -4758500000, "interestExpense": -1112100000, "incomeBeforeTax": -7280300000, "incomeTaxExpense": -1253800000, "minorityInterest": 14900000, "netIncomeFromContinuingOps": -6026500000, "discontinuedOperations": {}, "extraordinaryItems": {}, "effectOfAccountingCharges": {}, "otherItems": {}, "netIncome": -6026500000, "netIncomeApplicableToCommonShares": -6026500000}, {"maxAge": 1, "endDate": "2019-09-30", "totalRevenue": 1088900000, "costOfRevenue": 5257000000, "grossProfit": -4168100000, "researchDevelopment": {}, "sellingGeneralAdministrative": 418400000, "nonRecurring": {}, "otherOperatingExpenses": 1447100000, "totalOperatingExpenses": 7483000000, "operatingIncome": -6394100000, "totalOtherIncomeExpenseNet": -1241600000, "ebit": -6394100000, "interestExpense": -1048100000, "incomeBeforeTax": -7635700000, "incomeTaxExpense": -3012100000, "minorityInterest": 14900000, "netIncomeFromContinuingOps": -4623600000, "discontinuedOperations": {}, "extraordinaryItems": {}, "effectOfAccountingCharges": {}, "otherItems": {}, "netIncome": -4623600000, "netIncomeApplicableToCommonShares": -4623600000}], "maxAge": 86400}, "cashflowStatementHistoryQuarterly": {"cashflowStatements": [{"maxAge": 1, "endDate": "2020-06-30", "netIncome": -1519000000, "changeToLiabilities": 0}, {"maxAge": 1, "endDate": "2020-03-31", "netIncome": -2576800000, "changeToLiabilities": 0}, {"maxAge": 1, "endDate": "2019-12-31", "netIncome": -6026500000, "changeToLiabilities": 0}, {"maxAge": 1, "endDate": "2019-09-30", "netIncome": -4623600000, "changeToLiabilities": 0}], "maxAge": 86400}, "insiderHolders": {"holders": [{"maxAge": 1, "name": "AAA United B V", "relation": "Promoter", "url": "", "transactionDescription": "Sale", "latestTransDate": "2018-06-19", "positionDirect": 50215233, "positionDirectDate": "2018-06-19"}, {"maxAge": 1, "name": "Agrawal (Prashant)", "relation": "Promoter", "url": "", "transactionDescription": "Sale", "latestTransDate": "2018-06-28", "positionDirect": 4541139, "positionDirectDate": "2018-06-28"}, {"maxAge": 1, "name": "Bombay Rayon Clothing Ltd", "relation": "Promoter", "url": "", "transactionDescription": "Sale", "latestTransDate": "2018-10-03", "positionDirect": 5005481, "positionDirectDate": "2018-10-03"}, {"maxAge": 1, "name": "Citigroup Global Markets Mauritius Pvt Ltd", "relation": "Investment Advisor", "url": "", "transactionDescription": "Sale", "latestTransDate": "2010-03-11", "positionDirect": 3516000, "positionDirectDate": "2010-03-11"}, {"maxAge": 1, "name": "Mogre (Uday C)", "relation": "Director (Executive)", "url": "", "transactionDescription": "Sale", "latestTransDate": "2010-03-11", "positionDirect": 24832, "positionDirectDate": "2010-03-11"}, {"maxAge": 1, "name": "Reliance Capital Trustee Co Ltd - Reliance", "relation": "Investment Management Company", "url": "", "transactionDescription": "Sale", "latestTransDate": "2011-06-15", "positionDirect": 3661059, "positionDirectDate": "2011-06-15"}, {"maxAge": 1, "name": "Reynold Shirting Pvt. Ltd.", "relation": "Institution- Corporation", "url": "", "transactionDescription": "Acquisition", "latestTransDate": "2010-04-01", "positionDirect": 9400000, "positionDirectDate": "2010-04-01"}], "maxAge": 1}, "earnings": {"maxAge": 86400, "earningsChart": {"quarterly": [], "earningsDate": ["2020-09-15 05:30:S"]}, "financialsChart": {"yearly": [{"date": 2017, "revenue": 38948600000, "earnings": -1622800000}, {"date": 2018, "revenue": 30992500000, "earnings": -2856300000}, {"date": 2019, "revenue": 9736500000, "earnings": -16907000000}, {"date": 2020, "revenue": 4884900000, "earnings": -18292400000}], "quarterly": [{"date": "3Q2019", "revenue": 1088900000, "earnings": -4623600000}, {"date": "4Q2019", "revenue": 1304900000, "earnings": -6026500000}, {"date": "1Q2020", "revenue": 898900000, "earnings": -2576800000}, {"date": "2Q2020", "revenue": 100000000, "earnings": -1519000000}]}, "financialCurrency": "INR"}, "calendarEvents": {"maxAge": 1, "earnings": {"earningsDate": ["2020-09-15 05:30:S"]}}, "price": {"maxAge": 1, "regularMarketChangePercent": 0.020114923, "regularMarketChange": 0.13999987, "regularMarketTime": "2021-04-30 15:29:48", "priceHint": 2, "regularMarketPrice": 7.1, "regularMarketDayHigh": 7.3, "regularMarketDayLow": 6.79, "regularMarketVolume": 40941, "averageDailyVolume10Day": 35384, "averageDailyVolume3Month": 39430, "regularMarketPreviousClose": 6.96, "regularMarketSource": "FREE_REALTIME", "regularMarketOpen": 6.91, "exchange": "BSE", "exchangeName": "BSE", "exchangeDataDelayedBy": 0, "marketState": "CLOSED", "quoteType": "EQUITY", "symbol": "BRFL.BO", "underlyingSymbol": null, "shortName": "BOMBAY RAYON FASHIONS LTD.", "longName": "Bombay Rayon Fashions Limited", "currency": "INR", "quoteSourceName": "Delayed Quote", "currencySymbol": "\u20b9", "fromCurrency": null, "toCurrency": null, "lastMarket": null, "marketCap": 2200730112}, "balanceSheetHistory": {"balanceSheetStatements": [{"maxAge": 1, "endDate": "2020-03-31", "cash": 351900000, "netReceivables": 14140700000, "inventory": 6150900000, "otherCurrentAssets": 2737300000, "totalCurrentAssets": 23380800000, "longTermInvestments": 231000000, "propertyPlantEquipment": 23043900000, "intangibleAssets": 1465400000, "otherAssets": 18187700000, "deferredLongTermAssetCharges": 16681300000, "totalAssets": 66308800000, "accountsPayable": 5975000000, "shortLongTermDebt": 6468200000, "otherCurrentLiab": 273200000, "longTermDebt": 10416900000, "otherLiab": 117100000, "minorityInterest": 14900000, "totalCurrentLiabilities": 47450300000, "totalLiab": 57984300000, "commonStock": 3174800000, "retainedEarnings": -40319500000, "treasuryStock": 38200000, "capitalSurplus": 45416100000, "otherStockholderEquity": 38200000, "totalStockholderEquity": 8309600000, "netTangibleAssets": 6844200000}, {"maxAge": 1, "endDate": "2019-03-31", "cash": 302200000, "netReceivables": 14483300000, "inventory": 22133600000, "otherCurrentAssets": 3187500000, "totalCurrentAssets": 40106600000, "longTermInvestments": 231000000, "propertyPlantEquipment": 29372500000, "intangibleAssets": 1466800000, "otherAssets": 8327400000, "deferredLongTermAssetCharges": 6736300000, "totalAssets": 79504300000, "accountsPayable": 6304200000, "shortLongTermDebt": 4304300000, "otherCurrentLiab": 191500000, "longTermDebt": 11051000000, "otherLiab": 179300000, "minorityInterest": 14900000, "totalCurrentLiabilities": 41668600000, "totalLiab": 52898900000, "commonStock": 3174800000, "retainedEarnings": -22027300000, "treasuryStock": 26900000, "capitalSurplus": 45416100000, "otherStockholderEquity": 26900000, "totalStockholderEquity": 26590500000, "netTangibleAssets": 25123700000}, {"maxAge": 1, "endDate": "2018-03-31", "cash": 271000000, "netReceivables": 17274000000, "inventory": 37317700000, "otherCurrentAssets": 3263500000, "totalCurrentAssets": 58126200000, "longTermInvestments": 231000000, "propertyPlantEquipment": 31703300000, "intangibleAssets": 1469100000, "otherAssets": 1860300000, "totalAssets": 93389900000, "accountsPayable": 6886500000, "shortLongTermDebt": 1898900000, "otherCurrentLiab": 200100000, "longTermDebt": 12332500000, "otherLiab": 798100000, "minorityInterest": 14900000, "totalCurrentLiabilities": 36751000000, "totalLiab": 49881600000, "commonStock": 3174800000, "retainedEarnings": -5120200000, "treasuryStock": 22700000, "capitalSurplus": 45416100000, "otherStockholderEquity": 22700000, "totalStockholderEquity": 43493400000, "netTangibleAssets": 42024300000}, {"maxAge": 1, "endDate": "2017-03-31", "cash": 756200000, "netReceivables": 15232200000, "inventory": 36512400000, "otherCurrentAssets": 3703900000, "totalCurrentAssets": 56204700000, "longTermInvestments": 231000000, "propertyPlantEquipment": 33167200000, "intangibleAssets": 1469900000, "otherAssets": 2450200000, "totalAssets": 93523000000, "accountsPayable": 5901600000, "shortLongTermDebt": 2765900000, "otherCurrentLiab": 141300000, "longTermDebt": 16653400000, "otherLiab": 1537400000, "minorityInterest": 14900000, "totalCurrentLiabilities": 48146200000, "totalLiab": 66337000000, "commonStock": 1859900000, "retainedEarnings": -2263900000, "treasuryStock": 22700000, "capitalSurplus": 27552400000, "otherStockholderEquity": 22700000, "totalStockholderEquity": 27171100000, "netTangibleAssets": 25701200000}], "maxAge": 86400}, "earningsTrend": {"trend": [{"maxAge": 1, "period": "0q", "endDate": null, "growth": {}, "earningsEstimate": {"avg": 0.0, "low": 0.0, "high": 0.0, "yearAgoEps": {}, "numberOfAnalysts": 0, "growth": {}}, "revenueEstimate": {"avg": 0, "low": 0, "high": 0, "numberOfAnalysts": 0, "yearAgoRevenue": {}, "growth": {}}, "epsTrend": {"current": 0.0, "7daysAgo": 0.0, "30daysAgo": 0.0, "60daysAgo": 0.0, "90daysAgo": 0.0}, "epsRevisions": {"upLast7days": 0, "upLast30days": 0, "downLast30days": 0, "downLast90days": {}}}, {"maxAge": 1, "period": "+1q", "endDate": null, "growth": {}, "earningsEstimate": {"avg": 0.0, "low": 0.0, "high": 0.0, "yearAgoEps": {}, "numberOfAnalysts": 0, "growth": {}}, "revenueEstimate": {"avg": 0, "low": 0, "high": 0, "numberOfAnalysts": 0, "yearAgoRevenue": {}, "growth": {}}, "epsTrend": {"current": 0.0, "7daysAgo": 0.0, "30daysAgo": 0.0, "60daysAgo": 0.0, "90daysAgo": 0.0}, "epsRevisions": {"upLast7days": 0, "upLast30days": 0, "downLast30days": 0, "downLast90days": {}}}, {"maxAge": 1, "period": "0y", "endDate": null, "growth": {}, "earningsEstimate": {"avg": 0.0, "low": 0.0, "high": 0.0, "yearAgoEps": {}, "numberOfAnalysts": 0, "growth": {}}, "revenueEstimate": {"avg": 0, "low": 0, "high": 0, "numberOfAnalysts": 0, "yearAgoRevenue": {}, "growth": {}}, "epsTrend": {"current": 0.0, "7daysAgo": 0.0, "30daysAgo": 0.0, "60daysAgo": 0.0, "90daysAgo": 0.0}, "epsRevisions": {"upLast7days": 0, "upLast30days": 0, "downLast30days": 0, "downLast90days": {}}}, {"maxAge": 1, "period": "+1y", "endDate": null, "growth": {}, "earningsEstimate": {"avg": 0.0, "low": 0.0, "high": 0.0, "yearAgoEps": {}, "numberOfAnalysts": 0, "growth": {}}, "revenueEstimate": {"avg": 0, "low": 0, "high": 0, "numberOfAnalysts": 0, "yearAgoRevenue": {}, "growth": {}}, "epsTrend": {"current": 0.0, "7daysAgo": 0.0, "30daysAgo": 0.0, "60daysAgo": 0.0, "90daysAgo": 0.0}, "epsRevisions": {"upLast7days": 0, "upLast30days": 0, "downLast30days": 0, "downLast90days": {}}}, {"maxAge": 1, "period": "+5y", "endDate": null, "growth": {}, "earningsEstimate": {"avg": {}, "low": {}, "high": {}, "yearAgoEps": {}, "numberOfAnalysts": {}, "growth": {}}, "revenueEstimate": {"avg": {}, "low": {}, "high": {}, "numberOfAnalysts": {}, "yearAgoRevenue": {}, "growth": {}}, "epsTrend": {"current": {}, "7daysAgo": {}, "30daysAgo": {}, "60daysAgo": {}, "90daysAgo": {}}, "epsRevisions": {"upLast7days": {}, "upLast30days": {}, "downLast30days": {}, "downLast90days": {}}}, {"maxAge": 1, "period": "-5y", "endDate": null, "growth": {}, "earningsEstimate": {"avg": {}, "low": {}, "high": {}, "yearAgoEps": {}, "numberOfAnalysts": {}, "growth": {}}, "revenueEstimate": {"avg": {}, "low": {}, "high": {}, "numberOfAnalysts": {}, "yearAgoRevenue": {}, "growth": {}}, "epsTrend": {"current": {}, "7daysAgo": {}, "30daysAgo": {}, "60daysAgo": {}, "90daysAgo": {}}, "epsRevisions": {"upLast7days": {}, "upLast30days": {}, "downLast30days": {}, "downLast90days": {}}}], "maxAge": 1}, "financialData": {"maxAge": 86400, "currentPrice": 7.1, "targetHighPrice": 234.0, "targetLowPrice": 234.0, "targetMeanPrice": 234.0, "targetMedianPrice": 234.0, "recommendationKey": "none", "numberOfAnalystOpinions": 1, "grossProfits": -12583100000, "financialCurrency": "INR"}}}