{"BRIGADE.BO": {"recommendationTrend": {"trend": [{"period": "0m", "strongBuy": 0, "buy": 0, "hold": 0, "sell": 0, "strongSell": 0}, {"period": "-1m", "strongBuy": 0, "buy": 0, "hold": 0, "sell": 0, "strongSell": 0}, {"period": "-2m", "strongBuy": 0, "buy": 0, "hold": 0, "sell": 0, "strongSell": 0}, {"period": "-3m", "strongBuy": 0, "buy": 0, "hold": 0, "sell": 0, "strongSell": 0}], "maxAge": 86400}, "cashflowStatementHistory": {"cashflowStatements": [{"maxAge": 1, "endDate": "2020-03-31", "netIncome": 1305800000, "depreciation": 1892700000, "changeToNetincome": 3065600000, "changeToAccountReceivables": -99100000, "changeToLiabilities": -1074900000, "changeToInventory": -3825600000, "changeToOperatingActivities": 3356700000, "totalCashFromOperatingActivities": 4648900000, "capitalExpenditures": -7414500000, "investments": 6900000, "otherCashflowsFromInvestingActivities": 154800000, "totalCashflowsFromInvestingActivities": -7165800000, "dividendsPaid": -574700000, "netBorrowings": 7324000000, "otherCashflowsFromFinancingActivities": -3840600000, "totalCashFromFinancingActivities": 3209800000, "changeInCash": 692900000, "issuanceOfStock": 301100000}, {"maxAge": 1, "endDate": "2019-03-31", "netIncome": 2399100000, "depreciation": 1381600000, "changeToNetincome": 3236400000, "changeToAccountReceivables": -2465200000, "changeToLiabilities": 816200000, "changeToInventory": -6645200000, "changeToOperatingActivities": 5930800000, "totalCashFromOperatingActivities": 4672100000, "capitalExpenditures": -6285200000, "investments": 1315300000, "otherCashflowsFromInvestingActivities": 170000000, "totalCashflowsFromInvestingActivities": -4519600000, "dividendsPaid": -327800000, "netBorrowings": 3924900000, "otherCashflowsFromFinancingActivities": -3154500000, "totalCashFromFinancingActivities": 447900000, "changeInCash": 600400000, "issuanceOfStock": 5300000}, {"maxAge": 1, "endDate": "2018-03-31", "netIncome": 1392000000, "depreciation": 1347200000, "changeToNetincome": 1859600000, "changeToAccountReceivables": -1401200000, "changeToLiabilities": 103400000, "changeToInventory": -434500000, "changeToOperatingActivities": -2408600000, "totalCashFromOperatingActivities": 487300000, "capitalExpenditures": -9157200000, "investments": -1886800000, "otherCashflowsFromInvestingActivities": 184300000, "totalCashflowsFromInvestingActivities": -10842200000, "dividendsPaid": -408000000, "netBorrowings": 8001600000, "otherCashflowsFromFinancingActivities": -2308800000, "totalCashFromFinancingActivities": 10316800000, "changeInCash": -38100000, "issuanceOfStock": 5032000000}, {"maxAge": 1, "endDate": "2017-03-31", "netIncome": 1530800000, "depreciation": 1201700000, "changeToNetincome": 2356100000, "changeToAccountReceivables": 43300000, "changeToLiabilities": 921600000, "changeToInventory": -24300000, "changeToOperatingActivities": -2074700000, "totalCashFromOperatingActivities": 3978300000, "capitalExpenditures": -3689500000, "investments": 220800000, "otherCashflowsFromInvestingActivities": 119200000, "totalCashflowsFromInvestingActivities": -3345900000, "dividendsPaid": -800000, "netBorrowings": 1746500000, "otherCashflowsFromFinancingActivities": -2349900000, "totalCashFromFinancingActivities": -578700000, "changeInCash": 53700000, "issuanceOfStock": 25500000}], "maxAge": 86400}, "institutionOwnership": {"maxAge": 1, "ownershipList": []}, "balanceSheetHistoryQuarterly": {"balanceSheetStatements": [{"maxAge": 1, "endDate": "2020-06-30", "totalStockholderEquity": 22811300000, "netTangibleAssets": 22560600000}, {"maxAge": 1, "endDate": "2020-03-31", "cash": 2398900000, "shortTermInvestments": 673600000, "netReceivables": 4617300000, "inventory": 52093600000, "otherCurrentAssets": 2844300000, "totalCurrentAssets": 63115200000, "longTermInvestments": 559400000, "propertyPlantEquipment": 31009700000, "goodWill": 43000000, "intangibleAssets": 207700000, "otherAssets": 27674500000, "deferredLongTermAssetCharges": 1474500000, "totalAssets": 122609500000, "accountsPayable": 5004900000, "shortLongTermDebt": 6108600000, "otherCurrentLiab": 43124100000, "longTermDebt": 38670500000, "otherLiab": 1775100000, "minorityInterest": 1658700000, "totalCurrentLiabilities": 56981900000, "totalLiab": 98139500000, "commonStock": 2043800000, "retainedEarnings": 8688100000, "treasuryStock": 986700000, "capitalSurplus": 11092700000, "otherStockholderEquity": 986700000, "totalStockholderEquity": 22811300000, "netTangibleAssets": 22560600000}, {"maxAge": 1, "endDate": "2019-12-31", "totalStockholderEquity": 22703700000, "netTangibleAssets": 22465000000}, {"maxAge": 1, "endDate": "2019-09-30", "cash": 2143300000, "shortTermInvestments": 268400000, "netReceivables": 4122700000, "inventory": 49268900000, "otherCurrentAssets": 3489800000, "totalCurrentAssets": 59293100000, "longTermInvestments": 1495500000, "propertyPlantEquipment": 29286000000, "goodWill": 43000000, "intangibleAssets": 195700000, "otherAssets": 23849900000, "deferredLongTermAssetCharges": 1172400000, "totalAssets": 114163200000, "accountsPayable": 6783900000, "otherCurrentLiab": 43093400000, "longTermDebt": 36236700000, "otherLiab": 2383700000, "minorityInterest": 1958200000, "totalCurrentLiabilities": 50880900000, "totalLiab": 89501300000, "commonStock": 2043000000, "treasuryStock": 20660700000, "otherStockholderEquity": 20660700000, "totalStockholderEquity": 22703700000, "netTangibleAssets": 22465000000}], "maxAge": 86400}, "earningsHistory": {"history": [{"maxAge": 1, "epsActual": 2.52, "epsEstimate": 2.0, "epsDifference": 0.52, "surprisePercent": 0.26, "quarter": "2016-09-30", "period": "-4q"}, {"maxAge": 1, "epsActual": 6.5, "epsEstimate": 2.55, "epsDifference": 3.95, "surprisePercent": 1.5489999, "quarter": "2017-03-31", "period": "-3q"}, {"maxAge": 1, "epsActual": 2.45, "epsEstimate": 2.7, "epsDifference": -0.25, "surprisePercent": -0.093, "quarter": "2017-06-30", "period": "-2q"}, {"maxAge": 1, "epsActual": 3.58, "epsEstimate": 2.86, "epsDifference": 0.72, "surprisePercent": 0.252, "quarter": "2017-12-31", "period": "-1q"}], "maxAge": 86400}, "indexTrend": {"maxAge": 1, "symbol": "SP5", "peRatio": 19.7411, "pegRatio": 1.34172, "estimates": [{"period": "0q", "growth": 0.549}, {"period": "+1q", "growth": 0.431}, {"period": "0y", "growth": 0.305}, {"period": "+1y", "growth": 0.109}, {"period": "+5y", "growth": 0.120865}, {"period": "-5y"}]}, "industryTrend": {"maxAge": 1, "symbol": null, "estimates": []}, "insiderTransactions": {"transactions": [{"maxAge": 1, "shares": 5000, "filerUrl": "", "transactionText": "", "filerName": "Jayaprakasan (K R)", "filerRelation": "UNREPORTED", "moneyText": "", "startDate": "2019-11-15", "ownership": "D"}, {"maxAge": 1, "shares": 10000, "filerUrl": "", "transactionText": "", "filerName": "Jayaprakasan (K R)", "filerRelation": "UNREPORTED", "moneyText": "", "startDate": "2019-11-14", "ownership": "D"}, {"maxAge": 1, "shares": 10000, "filerUrl": "", "transactionText": "", "filerName": "Jayaprakasan (K R)", "filerRelation": "UNREPORTED", "moneyText": "", "startDate": "2019-11-13", "ownership": "D"}, {"maxAge": 1, "shares": 10000, "filerUrl": "", "transactionText": "", "filerName": "Mathew (Roshin)", "filerRelation": "UNREPORTED", "moneyText": "", "startDate": "2019-09-09", "ownership": "D"}, {"maxAge": 1, "shares": 10000, "filerUrl": "", "transactionText": "", "filerName": "Mathew (Roshin)", "filerRelation": "UNREPORTED", "moneyText": "", "startDate": "2019-09-06", "ownership": "D"}, {"maxAge": 1, "shares": 4000, "filerUrl": "", "transactionText": "", "filerName": "Mukherjee (Arindam)", "filerRelation": "UNREPORTED", "moneyText": "", "startDate": "2019-08-30", "ownership": "D"}, {"maxAge": 1, "shares": 0, "filerUrl": "", "transactionText": "", "filerName": "Sriram (G P)", "filerRelation": "UNREPORTED", "moneyText": "", "startDate": "2019-04-03", "ownership": "I"}, {"maxAge": 1, "shares": 10400, "filerUrl": "", "transactionText": "", "filerName": "Mukherjee (Arindam)", "filerRelation": "UNREPORTED", "moneyText": "", "startDate": "2019-03-19", "ownership": "D"}, {"maxAge": 1, "shares": 4000, "filerUrl": "", "transactionText": "", "filerName": "Mohan (A)", "filerRelation": "UNREPORTED", "moneyText": "", "startDate": "2019-03-18", "ownership": "D"}, {"maxAge": 1, "shares": 1750, "filerUrl": "", "transactionText": "", "filerName": "Mohan (Jagan W P)", "filerRelation": "UNREPORTED", "moneyText": "", "startDate": "2018-12-26", "ownership": "D"}, {"maxAge": 1, "shares": 1746, "filerUrl": "", "transactionText": "", "filerName": "Mohan (Jagan W P)", "filerRelation": "UNREPORTED", "moneyText": "", "startDate": "2018-12-24", "ownership": "D"}, {"maxAge": 1, "shares": 4000, "filerUrl": "", "transactionText": "", "filerName": "Mohan (Jagan W P)", "filerRelation": "UNREPORTED", "moneyText": "", "startDate": "2018-12-20", "ownership": "D"}, {"maxAge": 1, "shares": 1000, "filerUrl": "", "transactionText": "", "filerName": "Mohan (Jagan W P)", "filerRelation": "UNREPORTED", "moneyText": "", "startDate": "2018-12-20", "ownership": "D"}, {"maxAge": 1, "shares": 9400, "filerUrl": "", "transactionText": "", "filerName": "Mysore Holdings Pvt Ltd", "filerRelation": "Promoter", "moneyText": "", "startDate": "2018-11-22", "ownership": "D"}, {"maxAge": 1, "shares": 5000, "filerUrl": "", "transactionText": "", "filerName": "Mysore Holdings Pvt Ltd", "filerRelation": "Promoter", "moneyText": "", "startDate": "2018-11-21", "ownership": "D"}, {"maxAge": 1, "shares": 1479, "filerUrl": "", "transactionText": "", "filerName": "Mysore Holdings Pvt Ltd", "filerRelation": "Promoter", "moneyText": "", "startDate": "2018-11-20", "ownership": "D"}, {"maxAge": 1, "shares": 2744, "filerUrl": "", "transactionText": "", "filerName": "Mysore Holdings Pvt Ltd", "filerRelation": "Promoter", "moneyText": "", "startDate": "2018-11-19", "ownership": "D"}, {"maxAge": 1, "shares": 5000, "filerUrl": "", "transactionText": "", "filerName": "Mysore Holdings Pvt Ltd", "filerRelation": "Promoter", "moneyText": "", "startDate": "2018-11-16", "ownership": "D"}, {"maxAge": 1, "shares": 5000, "filerUrl": "", "transactionText": "", "filerName": "Mysore Holdings Pvt Ltd", "filerRelation": "Promoter", "moneyText": "", "startDate": "2018-10-24", "ownership": "D"}, {"maxAge": 1, "shares": 5000, "filerUrl": "", "transactionText": "", "filerName": "Mysore Holdings Pvt Ltd", "filerRelation": "Promoter", "moneyText": "", "startDate": "2018-10-23", "ownership": "D"}, {"maxAge": 1, "shares": 10000, "filerUrl": "", "transactionText": "", "filerName": "Mysore Holdings Pvt Ltd", "filerRelation": "Promoter", "moneyText": "", "startDate": "2018-10-22", "ownership": "D"}], "maxAge": 1}, "quoteType": {"exchange": "BSE", "quoteType": "EQUITY", "symbol": "BRIGADE.BO", "underlyingSymbol": "BRIGADE.BO", "shortName": "BRIGADE ENTERPRISES LTD.", "longName": "Brigade Enterprises Limited", "firstTradeDateEpochUtc": "2007-12-31 09:15:00", "timeZoneFullName": "Asia/Kolkata", "timeZoneShortName": "IST", "uuid": "dcfa4333-2204-334a-9e8f-7c13c1d7ab0f", "messageBoardId": null, "gmtOffSetMilliseconds": 19800000, "maxAge": 1}, "incomeStatementHistory": {"incomeStatementHistory": [{"maxAge": 1, "endDate": "2020-03-31", "totalRevenue": 26321600000, "costOfRevenue": 13733400000, "grossProfit": 12588200000, "researchDevelopment": {}, "sellingGeneralAdministrative": 2861600000, "nonRecurring": {}, "otherOperatingExpenses": 3084200000, "totalOperatingExpenses": 21604000000, "operatingIncome": 4717600000, "totalOtherIncomeExpenseNet": -3104100000, "ebit": 4717600000, "interestExpense": -3179700000, "incomeBeforeTax": 1613500000, "incomeTaxExpense": 473500000, "minorityInterest": 1658700000, "netIncomeFromContinuingOps": 1140000000, "discontinuedOperations": {}, "extraordinaryItems": {}, "effectOfAccountingCharges": {}, "otherItems": {}, "netIncome": 1305800000, "netIncomeApplicableToCommonShares": 1305800000}, {"maxAge": 1, "endDate": "2019-03-31", "totalRevenue": 29727800000, "costOfRevenue": 16352700000, "grossProfit": 13375100000, "researchDevelopment": {}, "sellingGeneralAdministrative": 2618700000, "nonRecurring": {}, "otherOperatingExpenses": 2851100000, "totalOperatingExpenses": 23224800000, "operatingIncome": 6503000000, "totalOtherIncomeExpenseNet": -2228800000, "ebit": 6503000000, "interestExpense": -2657300000, "incomeBeforeTax": 4274200000, "incomeTaxExpense": 1455200000, "minorityInterest": 1884300000, "netIncomeFromContinuingOps": 2819000000, "discontinuedOperations": {}, "extraordinaryItems": {}, "effectOfAccountingCharges": {}, "otherItems": {}, "netIncome": 2399100000, "netIncomeApplicableToCommonShares": 2399100000}, {"maxAge": 1, "endDate": "2018-03-31", "totalRevenue": 18972000000, "costOfRevenue": 8778900000, "grossProfit": 10193100000, "researchDevelopment": {}, "sellingGeneralAdministrative": 2207100000, "nonRecurring": {}, "otherOperatingExpenses": 2437300000, "totalOperatingExpenses": 14804000000, "operatingIncome": 4168000000, "totalOtherIncomeExpenseNet": -2211000000, "ebit": 4168000000, "interestExpense": -2479000000, "incomeBeforeTax": 1957000000, "incomeTaxExpense": 628200000, "minorityInterest": 2230600000, "netIncomeFromContinuingOps": 1328800000, "discontinuedOperations": {}, "extraordinaryItems": {}, "effectOfAccountingCharges": {}, "otherItems": {}, "netIncome": 1392000000, "netIncomeApplicableToCommonShares": 1392000000}, {"maxAge": 1, "endDate": "2017-03-31", "totalRevenue": 20241400000, "costOfRevenue": 10302700000, "grossProfit": 9938700000, "researchDevelopment": {}, "sellingGeneralAdministrative": 2092000000, "nonRecurring": {}, "otherOperatingExpenses": 2043900000, "totalOperatingExpenses": 15669800000, "operatingIncome": 4571600000, "totalOtherIncomeExpenseNet": -2168000000, "ebit": 4571600000, "interestExpense": -2397400000, "incomeBeforeTax": 2403600000, "incomeTaxExpense": 731600000, "minorityInterest": 2274400000, "netIncomeFromContinuingOps": 1672000000, "discontinuedOperations": {}, "extraordinaryItems": {}, "effectOfAccountingCharges": {}, "otherItems": {}, "netIncome": 1530800000, "netIncomeApplicableToCommonShares": 1530800000}], "maxAge": 86400}, "fundOwnership": {"maxAge": 1, "ownershipList": [{"maxAge": 1, "reportDate": "2020-07-31", "organization": "Financial Investors Tr-ALPS/Kotak India Growth Fund", "pctHeld": 0.0033000002, "position": 676711, "value": 94976388}, {"maxAge": 1, "reportDate": "2020-07-31", "organization": "Vanguard Global ex U.S. Real Estate Index Fund", "pctHeld": 0.0023999999, "position": 493453, "value": 69256128}, {"maxAge": 1, "reportDate": "2020-07-31", "organization": "DFA Emerging Markets Core Equity Portfolio", "pctHeld": 0.0023, "position": 464573, "value": 65202820}, {"maxAge": 1, "reportDate": "2020-07-31", "organization": "DFA Investment Dimensions-DFA Emerging Mkts Value", "pctHeld": 0.0021, "position": 441309, "value": 61937718}, {"maxAge": 1, "reportDate": "2020-07-31", "organization": "DFA Emerging Markets Small Cap Series", "pctHeld": 0.0018000001, "position": 371988, "value": 52208515}, {"maxAge": 1, "reportDate": "2020-07-31", "organization": "DFA T.A. World Ex U.S. Core Equity Portfolio", "pctHeld": 0.0002, "position": 37262, "value": 5229721}, {"maxAge": 1, "reportDate": "2020-07-31", "organization": "DFA Investment Dimensions-Emerging Markets Social Core Equity", "pctHeld": 0.0002, "position": 32571, "value": 4571339}, {"maxAge": 1, "reportDate": "2020-07-31", "organization": "DFA Investment Dimensions-World Ex U.S. Core Equity Port", "pctHeld": 0.0001, "position": 23168, "value": 3251628}, {"maxAge": 1, "reportDate": "2020-05-31", "organization": "DBX ETF Trust-X-trackers International Real Estate ETF", "pctHeld": 0.0001, "position": 21055, "value": 2111816}, {"maxAge": 1, "reportDate": "2020-08-31", "organization": "SPDR (R) Idx Shares-SPDR (R) Emerging Markets Small Cap ETF", "pctHeld": 0.0001, "position": 17344, "value": 3023926}]}, "summaryDetail": {"maxAge": 1, "priceHint": 2, "previousClose": 253.2, "open": 252.2, "dayLow": 249.95, "dayHigh": 256.3, "regularMarketPreviousClose": 253.2, "regularMarketOpen": 252.2, "regularMarketDayLow": 249.95, "regularMarketDayHigh": 256.3, "trailingPE": 140.57768, "forwardPE": 17.07425, "volume": 8434, "regularMarketVolume": 8434, "averageVolume": 12152, "averageVolume10days": 10422, "averageDailyVolume10Day": 10422, "bid": 249.9, "ask": 253.0, "bidSize": 0, "askSize": 0, "marketCap": 51729145856, "fiftyTwoWeekLow": 90.7, "fiftyTwoWeekHigh": 294.65, "fiftyDayAverage": 264.74857, "twoHundredDayAverage": 208.7343, "trailingAnnualDividendRate": 1.0, "trailingAnnualDividendYield": 0.003949447, "currency": "INR", "fromCurrency": null, "toCurrency": null, "lastMarket": null, "algorithm": null, "tradeable": false}, "sectorTrend": {"maxAge": 1, "symbol": null, "estimates": []}, "incomeStatementHistoryQuarterly": {"incomeStatementHistory": [{"maxAge": 1, "endDate": "2020-06-30", "totalRevenue": 2033300000, "costOfRevenue": 753300000, "grossProfit": 1280000000, "researchDevelopment": {}, "sellingGeneralAdministrative": 421400000, "nonRecurring": {}, "otherOperatingExpenses": 384600000, "totalOperatingExpenses": 2115100000, "operatingIncome": -81800000, "totalOtherIncomeExpenseNet": -776200000, "ebit": -81800000, "interestExpense": -891100000, "incomeBeforeTax": -858000000, "incomeTaxExpense": -219000000, "minorityInterest": {}, "netIncomeFromContinuingOps": -639000000, "discontinuedOperations": {}, "extraordinaryItems": {}, "effectOfAccountingCharges": {}, "otherItems": {}, "netIncome": -526900000, "netIncomeApplicableToCommonShares": -526900000}, {"maxAge": 1, "endDate": "2020-03-31", "totalRevenue": 6359200000, "costOfRevenue": 3582200000, "grossProfit": 2777000000, "researchDevelopment": {}, "sellingGeneralAdministrative": 999500000, "nonRecurring": {}, "otherOperatingExpenses": 415800000, "totalOperatingExpenses": 5565100000, "operatingIncome": 794100000, "totalOtherIncomeExpenseNet": -932000000, "ebit": 794100000, "interestExpense": -581600000, "incomeBeforeTax": -137900000, "incomeTaxExpense": -27700000, "minorityInterest": 1658700000, "netIncomeFromContinuingOps": -110200000, "discontinuedOperations": {}, "extraordinaryItems": {}, "effectOfAccountingCharges": {}, "otherItems": {}, "netIncome": 26800000, "netIncomeApplicableToCommonShares": 26800000}, {"maxAge": 1, "endDate": "2019-12-31", "totalRevenue": 5522500000, "costOfRevenue": 2430900000, "grossProfit": 3091600000, "researchDevelopment": {}, "sellingGeneralAdministrative": 619900000, "nonRecurring": {}, "otherOperatingExpenses": 916100000, "totalOperatingExpenses": 4467700000, "operatingIncome": 1054800000, "totalOtherIncomeExpenseNet": -694500000, "ebit": 1054800000, "interestExpense": -862800000, "incomeBeforeTax": 360300000, "incomeTaxExpense": -48900000, "minorityInterest": 1658700000, "netIncomeFromContinuingOps": 409200000, "discontinuedOperations": {}, "extraordinaryItems": {}, "effectOfAccountingCharges": {}, "otherItems": {}, "netIncome": 493300000, "netIncomeApplicableToCommonShares": 493300000}, {"maxAge": 1, "endDate": "2019-09-30", "totalRevenue": 7352700000, "costOfRevenue": 3874200000, "grossProfit": 3478500000, "researchDevelopment": {}, "sellingGeneralAdministrative": 614100000, "nonRecurring": {}, "otherOperatingExpenses": 962300000, "totalOperatingExpenses": 5923600000, "operatingIncome": 1429100000, "totalOtherIncomeExpenseNet": -771400000, "ebit": 1429100000, "interestExpense": -939500000, "incomeBeforeTax": 657700000, "incomeTaxExpense": 281300000, "minorityInterest": 1958200000, "netIncomeFromContinuingOps": 376400000, "discontinuedOperations": {}, "extraordinaryItems": {}, "effectOfAccountingCharges": {}, "otherItems": {}, "netIncome": 373700000, "netIncomeApplicableToCommonShares": 373700000}], "maxAge": 86400}, "cashflowStatementHistoryQuarterly": {"cashflowStatements": [{"maxAge": 1, "endDate": "2020-06-30", "netIncome": -526900000, "depreciation": 555800000, "changeToNetincome": 793100000, "changeToLiabilities": 0, "totalCashFromOperatingActivities": 822000000, "capitalExpenditures": -1192000000, "investments": -893000000, "totalCashflowsFromInvestingActivities": -2155000000, "netBorrowings": 1010000000, "otherCashflowsFromFinancingActivities": -558000000, "totalCashFromFinancingActivities": 452000000, "changeInCash": -881000000}, {"maxAge": 1, "endDate": "2020-03-31", "netIncome": 26800000, "depreciation": 535500000, "changeToNetincome": 2767800000, "changeToAccountReceivables": -99100000, "changeToLiabilities": -1074900000, "changeToInventory": -3825600000, "changeToOperatingActivities": 3356700000, "totalCashFromOperatingActivities": 1714900000, "capitalExpenditures": -1703500000, "investments": -480100000, "otherCashflowsFromInvestingActivities": 154800000, "totalCashflowsFromInvestingActivities": -1628800000, "dividendsPaid": -222700000, "netBorrowings": 2569000000, "otherCashflowsFromFinancingActivities": -2080600000, "totalCashFromFinancingActivities": 267800000, "changeInCash": 353900000, "issuanceOfStock": 2100000}, {"maxAge": 1, "endDate": "2019-12-31", "netIncome": 493300000, "depreciation": 500800000, "changeToNetincome": 683900000, "changeToAccountReceivables": -99100000, "changeToLiabilities": 0, "changeToInventory": -3825600000, "changeToOperatingActivities": 3356700000, "totalCashFromOperatingActivities": 1678000000, "capitalExpenditures": -2016000000, "investments": 167000000, "otherCashflowsFromInvestingActivities": 154800000, "totalCashflowsFromInvestingActivities": -1539000000, "dividendsPaid": -30000000, "netBorrowings": 1165000000, "otherCashflowsFromFinancingActivities": -786000000, "totalCashFromFinancingActivities": 351000000, "changeInCash": 490000000, "issuanceOfStock": 2000000}, {"maxAge": 1, "endDate": "2019-09-30", "netIncome": 373700000, "depreciation": 473000000, "changeToNetincome": 1931300000, "changeToAccountReceivables": 616400000, "changeToLiabilities": 704200000, "changeToInventory": -1223400000, "changeToOperatingActivities": -2337000000, "totalCashFromOperatingActivities": 538200000, "capitalExpenditures": -1875700000, "investments": 432600000, "otherCashflowsFromInvestingActivities": 55700000, "totalCashflowsFromInvestingActivities": -1359500000, "dividendsPaid": -328400000, "netBorrowings": 3205500000, "otherCashflowsFromFinancingActivities": -1553800000, "totalCashFromFinancingActivities": 1620300000, "changeInCash": 799000000, "issuanceOfStock": 297000000}], "maxAge": 86400}, "insiderHolders": {"holders": [{"maxAge": 1, "name": "Jayaprakasan (K R)", "relation": "UNREPORTED", "url": "", "transactionDescription": "Other", "latestTransDate": "2019-11-15", "positionDirect": 51901, "positionDirectDate": "2019-11-15"}, {"maxAge": 1, "name": "Mathew (Roshin)", "relation": "UNREPORTED", "url": "", "transactionDescription": "Sale", "latestTransDate": "2019-09-09", "positionDirect": 20000, "positionDirectDate": "2019-09-09"}, {"maxAge": 1, "name": "Mohan (A)", "relation": "UNREPORTED", "url": "", "transactionDescription": "Sale", "latestTransDate": "2019-03-18", "positionDirect": 12000, "positionDirectDate": "2019-03-18"}, {"maxAge": 1, "name": "Mohan (Jagan W P)", "relation": "UNREPORTED", "url": "", "transactionDescription": "Sale", "latestTransDate": "2018-12-26", "positionDirect": 33973, "positionDirectDate": "2018-12-26"}, {"maxAge": 1, "name": "Mukherjee (Arindam)", "relation": "UNREPORTED", "url": "", "transactionDescription": "Sale", "latestTransDate": "2019-08-30", "positionDirect": 27350, "positionDirectDate": "2019-08-30"}, {"maxAge": 1, "name": "Mysore Holdings Pvt Ltd", "relation": "Promoter", "url": "", "transactionDescription": "Acquisition", "latestTransDate": "2018-11-22", "positionDirect": 319779, "positionDirectDate": "2018-11-22"}, {"maxAge": 1, "name": "Sriram (G P)", "relation": "UNREPORTED", "url": "", "transactionDescription": "Sale", "latestTransDate": "2019-04-03", "positionIndirect": 225, "positionIndirectDate": 1554249600}], "maxAge": 1}, "earnings": {"maxAge": 86400, "earningsChart": {"quarterly": [{"date": "3Q2016", "actual": 2.52, "estimate": 2.0}, {"date": "1Q2017", "actual": 6.5, "estimate": 2.55}, {"date": "2Q2017", "actual": 2.45, "estimate": 2.7}, {"date": "4Q2017", "actual": 3.58, "estimate": 2.86}], "currentQuarterEstimateDate": "1Q", "currentQuarterEstimateYear": 2018, "earningsDate": ["2020-08-12 05:30:S"]}, "financialsChart": {"yearly": [{"date": 2017, "revenue": 20241400000, "earnings": 1530800000}, {"date": 2018, "revenue": 18972000000, "earnings": 1392000000}, {"date": 2019, "revenue": 29727800000, "earnings": 2399100000}, {"date": 2020, "revenue": 26321600000, "earnings": 1305800000}], "quarterly": [{"date": "3Q2019", "revenue": 7352700000, "earnings": 373700000}, {"date": "4Q2019", "revenue": 5522500000, "earnings": 493300000}, {"date": "1Q2020", "revenue": 6359200000, "earnings": 26800000}, {"date": "2Q2020", "revenue": 2033300000, "earnings": -526900000}]}, "financialCurrency": "INR"}, "calendarEvents": {"maxAge": 1, "earnings": {"earningsDate": ["2020-08-12 05:30:S"], "revenueAverage": 4335400000, "revenueLow": 4800000000, "revenueHigh": 5414000000}}, "price": {"maxAge": 1, "regularMarketChangePercent": -0.0100711025, "regularMarketChange": -2.550003, "regularMarketTime": "2021-04-30 15:24:54", "priceHint": 2, "regularMarketPrice": 250.65, "regularMarketDayHigh": 256.3, "regularMarketDayLow": 249.95, "regularMarketVolume": 8434, "averageDailyVolume10Day": 10422, "averageDailyVolume3Month": 12152, "regularMarketPreviousClose": 253.2, "regularMarketSource": "FREE_REALTIME", "regularMarketOpen": 252.2, "exchange": "BSE", "exchangeName": "BSE", "exchangeDataDelayedBy": 0, "marketState": "CLOSED", "quoteType": "EQUITY", "symbol": "BRIGADE.BO", "underlyingSymbol": null, "shortName": "BRIGADE ENTERPRISES LTD.", "longName": "Brigade Enterprises Limited", "currency": "INR", "quoteSourceName": "Delayed Quote", "currencySymbol": "\u20b9", "fromCurrency": null, "toCurrency": null, "lastMarket": null, "marketCap": 51729145856}, "balanceSheetHistory": {"balanceSheetStatements": [{"maxAge": 1, "endDate": "2020-03-31", "cash": 2398900000, "shortTermInvestments": 673600000, "netReceivables": 4617300000, "inventory": 52093600000, "otherCurrentAssets": 2844300000, "totalCurrentAssets": 63115200000, "longTermInvestments": 559400000, "propertyPlantEquipment": 31009700000, "goodWill": 43000000, "intangibleAssets": 207700000, "otherAssets": 27674500000, "deferredLongTermAssetCharges": 1474500000, "totalAssets": 122609500000, "accountsPayable": 5004900000, "shortLongTermDebt": 6108600000, "otherCurrentLiab": 43124100000, "longTermDebt": 38670500000, "otherLiab": 1775100000, "minorityInterest": 1658700000, "totalCurrentLiabilities": 56981900000, "totalLiab": 98139500000, "commonStock": 2043800000, "retainedEarnings": 8688100000, "treasuryStock": 986700000, "capitalSurplus": 11092700000, "otherStockholderEquity": 986700000, "totalStockholderEquity": 22811300000, "netTangibleAssets": 22560600000}, {"maxAge": 1, "endDate": "2019-03-31", "cash": 1810300000, "shortTermInvestments": 409900000, "netReceivables": 4441800000, "inventory": 48160600000, "otherCurrentAssets": 2168900000, "totalCurrentAssets": 57618300000, "longTermInvestments": 563400000, "propertyPlantEquipment": 29135600000, "goodWill": 43000000, "intangibleAssets": 209800000, "otherAssets": 20428500000, "deferredLongTermAssetCharges": 1140800000, "totalAssets": 107998600000, "accountsPayable": 6080800000, "shortLongTermDebt": 4076300000, "otherCurrentLiab": 37155400000, "longTermDebt": 33155500000, "otherLiab": 1685700000, "minorityInterest": 1884300000, "totalCurrentLiabilities": 49579100000, "totalLiab": 84420300000, "commonStock": 1361800000, "retainedEarnings": 7912000000, "treasuryStock": 664500000, "capitalSurplus": 11755700000, "otherStockholderEquity": 664500000, "totalStockholderEquity": 21694000000, "netTangibleAssets": 21441200000}, {"maxAge": 1, "endDate": "2018-03-31", "cash": 1177000000, "shortTermInvestments": 292000000, "netReceivables": 4065900000, "inventory": 21794700000, "otherCurrentAssets": 1821500000, "totalCurrentAssets": 31047600000, "longTermInvestments": 545700000, "propertyPlantEquipment": 29275900000, "goodWill": 43000000, "intangibleAssets": 186000000, "otherAssets": 17120500000, "deferredLongTermAssetCharges": 121300000, "totalAssets": 78218700000, "accountsPayable": 5264600000, "shortLongTermDebt": 5116400000, "otherCurrentLiab": 10645400000, "longTermDebt": 26330800000, "otherLiab": 2106000000, "minorityInterest": 2230600000, "totalCurrentLiabilities": 24681100000, "totalLiab": 53117900000, "commonStock": 1360700000, "retainedEarnings": 9173000000, "treasuryStock": 588500000, "capitalSurplus": 11748000000, "otherStockholderEquity": 588500000, "totalStockholderEquity": 22870200000, "netTangibleAssets": 22641200000}, {"maxAge": 1, "endDate": "2017-03-31", "cash": 1082900000, "shortTermInvestments": 282500000, "netReceivables": 2772500000, "inventory": 22639100000, "otherCurrentAssets": 1144600000, "totalCurrentAssets": 27999700000, "longTermInvestments": 540100000, "propertyPlantEquipment": 20244100000, "goodWill": 43000000, "intangibleAssets": 187100000, "otherAssets": 14506100000, "deferredLongTermAssetCharges": 20600000, "totalAssets": 63520100000, "accountsPayable": 5161200000, "shortLongTermDebt": 7592600000, "otherCurrentLiab": 10580100000, "longTermDebt": 15884700000, "otherLiab": 1766900000, "minorityInterest": 2274400000, "totalCurrentLiabilities": 26645000000, "totalLiab": 44296600000, "commonStock": 1136600000, "retainedEarnings": 8208700000, "treasuryStock": 567700000, "capitalSurplus": 7036100000, "otherStockholderEquity": 567700000, "totalStockholderEquity": 16949100000, "netTangibleAssets": 16719000000}], "maxAge": 86400}, "earningsTrend": {"trend": [{"maxAge": 1, "period": "0q", "endDate": "2018-03-31", "growth": {}, "earningsEstimate": {"avg": 0.0, "low": 0.0, "high": 0.0, "yearAgoEps": 2.52, "numberOfAnalysts": 0, "growth": {}}, "revenueEstimate": {"avg": 4335400000, "low": 4800000000, "high": 5414000000, "numberOfAnalysts": 4, "yearAgoRevenue": 5537400000, "growth": -0.21700001}, "epsTrend": {"current": 0.0, "7daysAgo": 0.0, "30daysAgo": 0.0, "60daysAgo": 0.0, "90daysAgo": 0.0}, "epsRevisions": {"upLast7days": 0, "upLast30days": 0, "downLast30days": 0, "downLast90days": {}}}, {"maxAge": 1, "period": "+1q", "endDate": "2018-06-30", "growth": {}, "earningsEstimate": {"avg": 0.0, "low": 0.0, "high": 0.0, "yearAgoEps": 6.5, "numberOfAnalysts": 0, "growth": {}}, "revenueEstimate": {"avg": 6991100000, "low": 4799000000, "high": 4881000000, "numberOfAnalysts": 2, "yearAgoRevenue": 5550400000, "growth": 0.26}, "epsTrend": {"current": 0.0, "7daysAgo": 0.0, "30daysAgo": 0.0, "60daysAgo": 0.0, "90daysAgo": 0.0}, "epsRevisions": {"upLast7days": 0, "upLast30days": 0, "downLast30days": 0, "downLast90days": {}}}, {"maxAge": 1, "period": "0y", "endDate": "2018-03-31", "growth": {}, "earningsEstimate": {"avg": 0.0, "low": 0.0, "high": 0.0, "yearAgoEps": {}, "numberOfAnalysts": 0, "growth": {}}, "revenueEstimate": {"avg": 18972000000, "low": 19472000000, "high": 20444000000, "numberOfAnalysts": 6, "yearAgoRevenue": 20241400000, "growth": -0.063}, "epsTrend": {"current": 0.0, "7daysAgo": 11.4, "30daysAgo": 11.4, "60daysAgo": 11.4, "90daysAgo": 11.4}, "epsRevisions": {"upLast7days": 0, "upLast30days": 0, "downLast30days": 0, "downLast90days": {}}}, {"maxAge": 1, "period": "+1y", "endDate": "2019-03-31", "growth": {}, "earningsEstimate": {"avg": 0.0, "low": 0.0, "high": 0.0, "yearAgoEps": {}, "numberOfAnalysts": 0, "growth": {}}, "revenueEstimate": {"avg": 25624200000, "low": 20984000000, "high": 30564000000, "numberOfAnalysts": 8, "yearAgoRevenue": 18972000000, "growth": 0.35099998}, "epsTrend": {"current": 0.0, "7daysAgo": 14.68, "30daysAgo": 14.68, "60daysAgo": 14.68, "90daysAgo": 14.68}, "epsRevisions": {"upLast7days": 0, "upLast30days": 1, "downLast30days": 0, "downLast90days": {}}}, {"maxAge": 1, "period": "+5y", "endDate": null, "growth": 0.139, "earningsEstimate": {"avg": {}, "low": {}, "high": {}, "yearAgoEps": {}, "numberOfAnalysts": {}, "growth": {}}, "revenueEstimate": {"avg": {}, "low": {}, "high": {}, "numberOfAnalysts": {}, "yearAgoRevenue": {}, "growth": {}}, "epsTrend": {"current": {}, "7daysAgo": {}, "30daysAgo": {}, "60daysAgo": {}, "90daysAgo": {}}, "epsRevisions": {"upLast7days": {}, "upLast30days": {}, "downLast30days": {}, "downLast90days": {}}}, {"maxAge": 1, "period": "-5y", "endDate": null, "growth": {}, "earningsEstimate": {"avg": {}, "low": {}, "high": {}, "yearAgoEps": {}, "numberOfAnalysts": {}, "growth": {}}, "revenueEstimate": {"avg": {}, "low": {}, "high": {}, "numberOfAnalysts": {}, "yearAgoRevenue": {}, "growth": {}}, "epsTrend": {"current": {}, "7daysAgo": {}, "30daysAgo": {}, "60daysAgo": {}, "90daysAgo": {}}, "epsRevisions": {"upLast7days": {}, "upLast30days": {}, "downLast30days": {}, "downLast90days": {}}}], "maxAge": 1}, "financialData": {"maxAge": 86400, "currentPrice": 250.65, "targetHighPrice": 304.0, "targetLowPrice": 260.0, "targetMeanPrice": 290.88, "targetMedianPrice": 294.5, "recommendationKey": "none", "numberOfAnalystOpinions": 8, "grossProfits": 12588200000, "financialCurrency": "INR"}}}