{"BRIGHTBR.BO": {"cashflowStatementHistory": {"cashflowStatements": [{"maxAge": 1, "endDate": "2020-03-31", "netIncome": 34555000, "depreciation": 59045000, "changeToNetincome": 60148000, "changeToAccountReceivables": -292639000, "changeToLiabilities": -61908000, "changeToInventory": 28555000, "changeToOperatingActivities": 326325000, "totalCashFromOperatingActivities": 154081000, "capitalExpenditures": -43572000, "investments": -31336000, "otherCashflowsFromInvestingActivities": 1401000, "totalCashflowsFromInvestingActivities": -73309000, "dividendsPaid": -27369000, "netBorrowings": 13017000, "otherCashflowsFromFinancingActivities": -54215000, "totalCashFromFinancingActivities": -68567000, "changeInCash": 12205000}, {"maxAge": 1, "endDate": "2019-03-31", "netIncome": 20031000, "depreciation": 57675000, "changeToNetincome": 61635000, "changeToAccountReceivables": 24963000, "changeToLiabilities": -31487000, "changeToInventory": -3536000, "changeToOperatingActivities": -23961000, "totalCashFromOperatingActivities": 105320000, "capitalExpenditures": -101936000, "investments": 32678000, "otherCashflowsFromInvestingActivities": 665000, "totalCashflowsFromInvestingActivities": -66684000, "dividendsPaid": -11360000, "netBorrowings": 43477000, "otherCashflowsFromFinancingActivities": -64503000, "totalCashFromFinancingActivities": -32386000, "changeInCash": 6250000}, {"maxAge": 1, "endDate": "2018-03-31", "netIncome": 12035000, "depreciation": 54593000, "changeToNetincome": 49010000, "changeToAccountReceivables": -35984000, "changeToLiabilities": 20616000, "changeToInventory": -18808000, "changeToOperatingActivities": -2875000, "totalCashFromOperatingActivities": 78587000, "capitalExpenditures": -98242000, "investments": 46349000, "otherCashflowsFromInvestingActivities": 575000, "totalCashflowsFromInvestingActivities": -39755000, "dividendsPaid": -13562000, "netBorrowings": 10531000, "otherCashflowsFromFinancingActivities": -58119000, "totalCashFromFinancingActivities": -61150000, "changeInCash": -22318000}, {"maxAge": 1, "endDate": "2017-03-31", "netIncome": -2618000, "depreciation": 48580000, "changeToNetincome": 31269000, "changeToAccountReceivables": -43292000, "changeToLiabilities": 82957000, "changeToInventory": -34300000, "changeToOperatingActivities": 31974000, "totalCashFromOperatingActivities": 114570000, "capitalExpenditures": -74677000, "investments": 4630000, "otherCashflowsFromInvestingActivities": 1643000, "totalCashflowsFromInvestingActivities": -67887000, "dividendsPaid": -13963000, "netBorrowings": 33911000, "otherCashflowsFromFinancingActivities": -44818000, "totalCashFromFinancingActivities": -24870000, "changeInCash": 21813000}], "maxAge": 86400}, "institutionOwnership": {"ownershipList": [], "maxAge": 1}, "balanceSheetHistoryQuarterly": {"balanceSheetStatements": [{"maxAge": 1, "endDate": "2020-06-30", "totalStockholderEquity": 438864000, "netTangibleAssets": 438864000}, {"maxAge": 1, "endDate": "2020-03-31", "cash": 33677000, "shortTermInvestments": 67190000, "netReceivables": 459784000, "inventory": 122544000, "otherCurrentAssets": 9912000, "totalCurrentAssets": 693107000, "longTermInvestments": 5951000, "propertyPlantEquipment": 437386000, "otherAssets": 51872000, "deferredLongTermAssetCharges": 15338000, "totalAssets": 1188316000, "accountsPayable": 182278000, "otherCurrentLiab": 405634000, "longTermDebt": 48088000, "otherLiab": 40355000, "totalCurrentLiabilities": 661009000, "totalLiab": 749452000, "commonStock": 56760000, "treasuryStock": 382104000, "otherStockholderEquity": 382104000, "totalStockholderEquity": 438864000, "netTangibleAssets": 438864000}, {"maxAge": 1, "endDate": "2019-12-31", "totalStockholderEquity": 455741000, "netTangibleAssets": 455741000}, {"maxAge": 1, "endDate": "2019-09-30", "cash": 22769000, "shortTermInvestments": 40472000, "netReceivables": 243692000, "inventory": 120469000, "otherCurrentAssets": 8419000, "totalCurrentAssets": 435821000, "longTermInvestments": 5950000, "propertyPlantEquipment": 436219000, "otherAssets": 54608000, "deferredLongTermAssetCharges": 14744000, "totalAssets": 932598000, "accountsPayable": 226427000, "otherCurrentLiab": 97580000, "longTermDebt": 42370000, "otherLiab": 42368000, "totalCurrentLiabilities": 392119000, "totalLiab": 476857000, "commonStock": 56760000, "treasuryStock": 398981000, "otherStockholderEquity": 398981000, "totalStockholderEquity": 455741000, "netTangibleAssets": 455741000}], "maxAge": 86400}, "indexTrend": {"maxAge": 1, "symbol": "SP5", "peRatio": 19.7411, "pegRatio": 1.34172, "estimates": [{"period": "0q", "growth": 0.549}, {"period": "+1q", "growth": 0.431}, {"period": "0y", "growth": 0.305}, {"period": "+1y", "growth": 0.109}, {"period": "+5y", "growth": 0.120859005}, {"period": "-5y"}]}, "insiderTransactions": {"transactions": [{"maxAge": 1, "shares": 400, "value": 321, "filerUrl": "", "transactionText": "Acquisition at price 0.80 per share.", "filerName": "T W Bhojwani Leasing Pvt Ltd", "filerRelation": "Promoter", "moneyText": "", "startDate": "2020-11-13", "ownership": "D"}, {"maxAge": 1, "shares": 344, "value": 257, "filerUrl": "", "transactionText": "Acquisition at price 0.75 per share.", "filerName": "Shah (Chirag)", "filerRelation": "UNREPORTED", "moneyText": "", "startDate": "2020-11-10", "ownership": "D"}, {"maxAge": 1, "shares": 93, "value": 75, "filerUrl": "", "transactionText": "Acquisition at price 0.81 per share.", "filerName": "T W Bhojwani Leasing Pvt Ltd", "filerRelation": "Promoter", "moneyText": "", "startDate": "2020-11-06", "ownership": "D"}, {"maxAge": 1, "shares": 768, "value": 619, "filerUrl": "", "transactionText": "Acquisition at price 0.81 per share.", "filerName": "T W Bhojwani Leasing Pvt Ltd", "filerRelation": "Promoter", "moneyText": "", "startDate": "2020-11-04", "ownership": "D"}, {"maxAge": 1, "shares": 1000, "value": 886, "filerUrl": "", "transactionText": "Acquisition at price 0.89 per share.", "filerName": "T W Bhojwani Leasing Pvt Ltd", "filerRelation": "Promoter", "moneyText": "", "startDate": "2020-09-29", "ownership": "D"}, {"maxAge": 1, "shares": 1000, "value": 804, "filerUrl": "", "transactionText": "Acquisition at price 0.80 per share.", "filerName": "T W Bhojwani Leasing Pvt Ltd", "filerRelation": "Promoter", "moneyText": "", "startDate": "2020-09-24", "ownership": "D"}, {"maxAge": 1, "shares": 500, "filerUrl": "", "transactionText": "", "filerName": "Shah (Chirag)", "filerRelation": "UNREPORTED", "moneyText": "", "startDate": "2020-03-31", "ownership": "D"}, {"maxAge": 1, "shares": 39270, "filerUrl": "", "transactionText": "", "filerName": "T W Bhojwani Leasing Pvt Ltd", "filerRelation": "Promoter", "moneyText": "", "startDate": "2020-03-31", "ownership": "D"}, {"maxAge": 1, "shares": 500, "filerUrl": "", "transactionText": "", "filerName": "Shah (Chirag)", "filerRelation": "Chief Financial Officer", "moneyText": "", "startDate": "2019-12-11", "ownership": "D"}, {"maxAge": 1, "shares": 11000, "filerUrl": "", "transactionText": "", "filerName": "T W Bhojwani Leasing Pvt Ltd", "filerRelation": "Promoter", "moneyText": "", "startDate": "2019-09-27", "ownership": "D"}, {"maxAge": 1, "shares": 438, "filerUrl": "", "transactionText": "", "filerName": "T W Bhojwani Leasing Pvt Ltd", "filerRelation": "Promoter", "moneyText": "", "startDate": "2019-09-26", "ownership": "D"}, {"maxAge": 1, "shares": 51, "filerUrl": "", "transactionText": "", "filerName": "T W Bhojwani Leasing Pvt Ltd", "filerRelation": "Promoter", "moneyText": "", "startDate": "2019-09-05", "ownership": "D"}, {"maxAge": 1, "shares": 1500, "filerUrl": "", "transactionText": "", "filerName": "T W Bhojwani Leasing Pvt Ltd", "filerRelation": "Promoter", "moneyText": "", "startDate": "2019-08-29", "ownership": "D"}, {"maxAge": 1, "shares": 25800, "filerUrl": "", "transactionText": "", "filerName": "T W Bhojwani Leasing Pvt Ltd", "filerRelation": "Promoter", "moneyText": "", "startDate": "2019-08-19", "ownership": "D"}, {"maxAge": 1, "shares": 2000, "filerUrl": "", "transactionText": "", "filerName": "T W Bhojwani Leasing Pvt Ltd", "filerRelation": "Promoter", "moneyText": "", "startDate": "2019-06-28", "ownership": "D"}, {"maxAge": 1, "shares": 26000, "filerUrl": "", "transactionText": "", "filerName": "T W Bhojwani Leasing Pvt Ltd", "filerRelation": "Promoter", "moneyText": "", "startDate": "2019-06-18", "ownership": "D"}, {"maxAge": 1, "shares": 3000, "filerUrl": "", "transactionText": "", "filerName": "T W Bhojwani Leasing Pvt Ltd", "filerRelation": "Promoter", "moneyText": "", "startDate": "2019-05-30", "ownership": "D"}, {"maxAge": 1, "shares": 80714, "filerUrl": "", "transactionText": "", "filerName": "T W Bhojwani Leasing Pvt Ltd", "filerRelation": "Promoter", "moneyText": "", "startDate": "2019-03-27", "ownership": "D"}, {"maxAge": 1, "shares": 700, "filerUrl": "", "transactionText": "", "filerName": "Shah (Chirag)", "filerRelation": "UNREPORTED", "moneyText": "", "startDate": "2019-03-25", "ownership": "D"}, {"maxAge": 1, "shares": 4123, "filerUrl": "", "transactionText": "", "filerName": "T W Bhojwani Leasing Pvt Ltd", "filerRelation": "Promoter", "moneyText": "", "startDate": "2014-03-06", "ownership": "D"}, {"maxAge": 1, "shares": 15975, "filerUrl": "", "transactionText": "", "filerName": "T W Bhojwani Leasing Pvt Ltd", "filerRelation": "Promoter", "moneyText": "", "startDate": "2014-02-18", "ownership": "D"}, {"maxAge": 1, "shares": 3100, "filerUrl": "", "transactionText": "", "filerName": "T W Bhojwani Leasing Pvt Ltd", "filerRelation": "Promoter", "moneyText": "", "startDate": "2014-02-13", "ownership": "D"}, {"maxAge": 1, "shares": 3200, "filerUrl": "", "transactionText": "", "filerName": "T W Bhojwani Leasing Pvt Ltd", "filerRelation": "Promoter", "moneyText": "", "startDate": "2014-02-12", "ownership": "D"}, {"maxAge": 1, "shares": 1500, "filerUrl": "", "transactionText": "", "filerName": "T W Bhojwani Leasing Pvt Ltd", "filerRelation": "Promoter", "moneyText": "", "startDate": "2014-02-11", "ownership": "D"}, {"maxAge": 1, "shares": 100, "filerUrl": "", "transactionText": "", "filerName": "T W Bhojwani Leasing Pvt Ltd", "filerRelation": "Promoter", "moneyText": "", "startDate": "2014-01-24", "ownership": "D"}, {"maxAge": 1, "shares": 100, "filerUrl": "", "transactionText": "", "filerName": "T W Bhojwani Leasing Pvt Ltd", "filerRelation": "Promoter", "moneyText": "", "startDate": "2014-01-23", "ownership": "D"}, {"maxAge": 1, "shares": 241, "filerUrl": "", "transactionText": "", "filerName": "T W Bhojwani Leasing Pvt Ltd", "filerRelation": "Promoter", "moneyText": "", "startDate": "2014-01-22", "ownership": "D"}, {"maxAge": 1, "shares": 1250, "filerUrl": "", "transactionText": "", "filerName": "T W Bhojwani Leasing Pvt Ltd", "filerRelation": "Promoter", "moneyText": "", "startDate": "2014-01-16", "ownership": "D"}, {"maxAge": 1, "shares": 360, "filerUrl": "", "transactionText": "", "filerName": "T W Bhojwani Leasing Pvt Ltd", "filerRelation": "Promoter", "moneyText": "", "startDate": "2014-01-15", "ownership": "D"}, {"maxAge": 1, "shares": 300, "filerUrl": "", "transactionText": "", "filerName": "T W Bhojwani Leasing Pvt Ltd", "filerRelation": "Promoter", "moneyText": "", "startDate": "2014-01-13", "ownership": "D"}], "maxAge": 1}, "quoteType": {"exchange": "BSE", "quoteType": "EQUITY", "symbol": "BRIGHTBR.BO", "underlyingSymbol": "BRIGHTBR.BO", "shortName": "BRIGHT BROTHERS LTD.", "longName": "Bright Brothers Limited", "firstTradeDateEpochUtc": "2002-01-15 09:15:00", "timeZoneFullName": "Asia/Kolkata", "timeZoneShortName": "IST", "uuid": "b93c4213-9dde-3e1f-a857-9666a505e734", "gmtOffSetMilliseconds": 19800000, "maxAge": 1}, "incomeStatementHistory": {"incomeStatementHistory": [{"maxAge": 1, "endDate": "2020-03-31", "totalRevenue": 2178711000, "costOfRevenue": 1466031000, "grossProfit": 712680000, "researchDevelopment": {}, "sellingGeneralAdministrative": 191131000, "nonRecurring": {}, "otherOperatingExpenses": 363681000, "totalOperatingExpenses": 2079888000, "operatingIncome": 98823000, "totalOtherIncomeExpenseNet": -52747000, "ebit": 98823000, "interestExpense": -54215000, "incomeBeforeTax": 46076000, "incomeTaxExpense": 11521000, "minorityInterest": {}, "netIncomeFromContinuingOps": 34555000, "discontinuedOperations": {}, "extraordinaryItems": {}, "effectOfAccountingCharges": {}, "otherItems": {}, "netIncome": 34555000, "netIncomeApplicableToCommonShares": 34555000}, {"maxAge": 1, "endDate": "2019-03-31", "totalRevenue": 2307864000, "costOfRevenue": 1654912000, "grossProfit": 652952000, "researchDevelopment": {}, "sellingGeneralAdministrative": 177462000, "nonRecurring": {}, "otherOperatingExpenses": 338881000, "totalOperatingExpenses": 2228810000, "operatingIncome": 79054000, "totalOtherIncomeExpenseNet": -58043000, "ebit": 79054000, "interestExpense": -62167000, "incomeBeforeTax": 21011000, "incomeTaxExpense": 980000, "minorityInterest": {}, "netIncomeFromContinuingOps": 20031000, "discontinuedOperations": {}, "extraordinaryItems": {}, "effectOfAccountingCharges": {}, "otherItems": {}, "netIncome": 20031000, "netIncomeApplicableToCommonShares": 20031000}, {"maxAge": 1, "endDate": "2018-03-31", "totalRevenue": 2144170000, "costOfRevenue": 1516041000, "grossProfit": 628129000, "researchDevelopment": {}, "sellingGeneralAdministrative": 162477000, "nonRecurring": {}, "otherOperatingExpenses": 351928000, "totalOperatingExpenses": 2085039000, "operatingIncome": 59131000, "totalOtherIncomeExpenseNet": -47804000, "ebit": 59131000, "interestExpense": -58119000, "incomeBeforeTax": 11327000, "incomeTaxExpense": -708000, "minorityInterest": {}, "netIncomeFromContinuingOps": 12035000, "discontinuedOperations": {}, "extraordinaryItems": {}, "effectOfAccountingCharges": {}, "otherItems": {}, "netIncome": 12035000, "netIncomeApplicableToCommonShares": 12035000}, {"maxAge": 1, "endDate": "2017-03-31", "totalRevenue": 1835347000, "costOfRevenue": 1318851000, "grossProfit": 516496000, "researchDevelopment": {}, "sellingGeneralAdministrative": 140524000, "nonRecurring": {}, "otherOperatingExpenses": 298925000, "totalOperatingExpenses": 1806760000, "operatingIncome": 28587000, "totalOtherIncomeExpenseNet": -28505000, "ebit": 28587000, "interestExpense": -44818000, "incomeBeforeTax": 82000, "incomeTaxExpense": 2700000, "minorityInterest": {}, "netIncomeFromContinuingOps": -2618000, "discontinuedOperations": {}, "extraordinaryItems": {}, "effectOfAccountingCharges": {}, "otherItems": {}, "netIncome": -2618000, "netIncomeApplicableToCommonShares": -2618000}], "maxAge": 86400}, "fundOwnership": {"ownershipList": [], "maxAge": 1}, "summaryDetail": {"maxAge": 1, "priceHint": 2, "previousClose": 83.1, "open": 87.45, "dayLow": 80.6, "dayHigh": 87.45, "regularMarketPreviousClose": 83.1, "regularMarketOpen": 87.45, "regularMarketDayLow": 80.6, "regularMarketDayHigh": 87.45, "volume": 2942, "regularMarketVolume": 2942, "averageVolume": 2684, "averageVolume10days": 1138, "averageDailyVolume10Day": 1138, "bid": 82.0, "ask": 84.5, "bidSize": 0, "askSize": 0, "marketCap": 464927648, "fiftyTwoWeekLow": 44.2, "fiftyTwoWeekHigh": 91.0, "fiftyDayAverage": 78.40455, "twoHundredDayAverage": 64.96581, "trailingAnnualDividendRate": 2.0, "trailingAnnualDividendYield": 0.024067389, "currency": "INR", "fromCurrency": null, "lastMarket": null, "algorithm": null, "tradeable": false}, "incomeStatementHistoryQuarterly": {"incomeStatementHistory": [{"maxAge": 1, "endDate": "2020-06-30", "totalRevenue": 166363000, "costOfRevenue": 110147000, "grossProfit": 56216000, "researchDevelopment": {}, "sellingGeneralAdministrative": 26918000, "nonRecurring": {}, "otherOperatingExpenses": 33017000, "totalOperatingExpenses": 185033000, "operatingIncome": -18670000, "totalOtherIncomeExpenseNet": -2455000, "ebit": -18670000, "interestExpense": -6605000, "incomeBeforeTax": -21125000, "incomeTaxExpense": -3335000, "minorityInterest": {}, "netIncomeFromContinuingOps": -17790000, "discontinuedOperations": {}, "extraordinaryItems": {}, "effectOfAccountingCharges": {}, "otherItems": {}, "netIncome": -17790000, "netIncomeApplicableToCommonShares": -17790000}, {"maxAge": 1, "endDate": "2020-03-31", "totalRevenue": 457794000, "costOfRevenue": 307254000, "grossProfit": 150540000, "researchDevelopment": {}, "sellingGeneralAdministrative": 47721000, "nonRecurring": {}, "otherOperatingExpenses": 73221000, "totalOperatingExpenses": 443202000, "operatingIncome": 14592000, "totalOtherIncomeExpenseNet": -12950000, "ebit": 14592000, "interestExpense": -11554000, "incomeBeforeTax": 1642000, "incomeTaxExpense": 11367000, "minorityInterest": {}, "netIncomeFromContinuingOps": -9725000, "discontinuedOperations": {}, "extraordinaryItems": {}, "effectOfAccountingCharges": {}, "otherItems": {}, "netIncome": -9725000, "netIncomeApplicableToCommonShares": -9725000}, {"maxAge": 1, "endDate": "2019-12-31", "totalRevenue": 509576000, "costOfRevenue": 333707000, "grossProfit": 175869000, "researchDevelopment": {}, "sellingGeneralAdministrative": 49669000, "nonRecurring": {}, "otherOperatingExpenses": 90654000, "totalOperatingExpenses": 488947000, "operatingIncome": 20629000, "totalOtherIncomeExpenseNet": -11582000, "ebit": 20629000, "interestExpense": -13702000, "incomeBeforeTax": 9047000, "incomeTaxExpense": -282000, "minorityInterest": {}, "netIncomeFromContinuingOps": 9329000, "discontinuedOperations": {}, "extraordinaryItems": {}, "effectOfAccountingCharges": {}, "otherItems": {}, "netIncome": 9329000, "netIncomeApplicableToCommonShares": 9329000}, {"maxAge": 1, "endDate": "2019-09-30", "totalRevenue": 597160000, "costOfRevenue": 402818000, "grossProfit": 194342000, "researchDevelopment": {}, "sellingGeneralAdministrative": 49584000, "nonRecurring": {}, "otherOperatingExpenses": 99371000, "totalOperatingExpenses": 565545000, "operatingIncome": 31615000, "totalOtherIncomeExpenseNet": -14607000, "ebit": 31615000, "interestExpense": -14167000, "incomeBeforeTax": 17008000, "incomeTaxExpense": 158000, "minorityInterest": {}, "netIncomeFromContinuingOps": 16850000, "discontinuedOperations": {}, "extraordinaryItems": {}, "effectOfAccountingCharges": {}, "otherItems": {}, "netIncome": 16850000, "netIncomeApplicableToCommonShares": 16850000}], "maxAge": 86400}, "cashflowStatementHistoryQuarterly": {"cashflowStatements": [{"maxAge": 1, "endDate": "2020-06-30", "netIncome": -17790000, "changeToLiabilities": 0}, {"maxAge": 1, "endDate": "2020-03-31", "netIncome": -9725000, "changeToLiabilities": 0}, {"maxAge": 1, "endDate": "2019-12-31", "netIncome": 9329000, "changeToLiabilities": 0}, {"maxAge": 1, "endDate": "2019-09-30", "netIncome": 16850000, "changeToLiabilities": 0}], "maxAge": 86400}, "insiderHolders": {"holders": [{"maxAge": 1, "name": "Shah (Chirag)", "relation": "UNREPORTED", "url": "", "transactionDescription": "Acquisition", "latestTransDate": "2020-11-10", "positionDirect": 4925, "positionDirectDate": "2020-11-10"}, {"maxAge": 1, "name": "T W Bhojwani Leasing Pvt Ltd", "relation": "Promoter", "url": "", "transactionDescription": "Acquisition", "latestTransDate": "2020-11-13", "positionDirect": 1030750, "positionDirectDate": "2020-11-13"}], "maxAge": 1}, "calendarEvents": {"maxAge": 1, "earnings": {"earningsDate": []}}, "upgradeDowngradeHistory": {"history": [], "maxAge": 86400}, "price": {"maxAge": 1, "regularMarketChangePercent": -0.015042118, "regularMarketChange": -1.25, "regularMarketTime": "2021-04-30 15:29:46", "priceHint": 2, "regularMarketPrice": 81.85, "regularMarketDayHigh": 87.45, "regularMarketDayLow": 80.6, "regularMarketVolume": 2942, "averageDailyVolume10Day": 1138, "averageDailyVolume3Month": 2684, "regularMarketPreviousClose": 83.1, "regularMarketSource": "FREE_REALTIME", "regularMarketOpen": 87.45, "exchange": "BSE", "exchangeName": "BSE", "exchangeDataDelayedBy": 0, "marketState": "CLOSED", "quoteType": "EQUITY", "symbol": "BRIGHTBR.BO", "underlyingSymbol": null, "shortName": "BRIGHT BROTHERS LTD.", "longName": "Bright Brothers Limited", "currency": "INR", "quoteSourceName": "Delayed Quote", "currencySymbol": "\u20b9", "fromCurrency": null, "lastMarket": null, "marketCap": 464927648}, "balanceSheetHistory": {"balanceSheetStatements": [{"maxAge": 1, "endDate": "2020-03-31", "cash": 33677000, "shortTermInvestments": 67190000, "netReceivables": 459784000, "inventory": 122544000, "otherCurrentAssets": 9912000, "totalCurrentAssets": 693107000, "longTermInvestments": 5951000, "propertyPlantEquipment": 437386000, "otherAssets": 51872000, "deferredLongTermAssetCharges": 15338000, "totalAssets": 1188316000, "accountsPayable": 182278000, "otherCurrentLiab": 405634000, "longTermDebt": 48088000, "otherLiab": 40355000, "totalCurrentLiabilities": 661009000, "totalLiab": 749452000, "commonStock": 56760000, "treasuryStock": 382104000, "otherStockholderEquity": 382104000, "totalStockholderEquity": 438864000, "netTangibleAssets": 438864000}, {"maxAge": 1, "endDate": "2019-03-31", "cash": 18505000, "shortTermInvestments": 36798000, "netReceivables": 168881000, "inventory": 151099000, "otherCurrentAssets": 9295000, "totalCurrentAssets": 387544000, "longTermInvestments": 5950000, "propertyPlantEquipment": 453327000, "otherAssets": 39728000, "deferredLongTermAssetCharges": 3282000, "totalAssets": 886549000, "accountsPayable": 244186000, "shortLongTermDebt": 23622000, "otherCurrentLiab": 45877000, "longTermDebt": 37072000, "otherLiab": 28549000, "totalCurrentLiabilities": 384663000, "totalLiab": 450284000, "commonStock": 56760000, "retainedEarnings": 221450000, "treasuryStock": 61355000, "capitalSurplus": 96700000, "otherStockholderEquity": 61355000, "totalStockholderEquity": 436265000, "netTangibleAssets": 436265000}, {"maxAge": 1, "endDate": "2018-03-31", "cash": 12255000, "shortTermInvestments": 67643000, "netReceivables": 194311000, "inventory": 147563000, "otherCurrentAssets": 11650000, "totalCurrentAssets": 435390000, "longTermInvestments": 5956000, "propertyPlantEquipment": 409065000, "intangibleAssets": 1910000, "otherAssets": 36607000, "deferredLongTermAssetCharges": 3282000, "totalAssets": 888928000, "accountsPayable": 275673000, "shortLongTermDebt": 16541000, "otherCurrentLiab": 76700000, "longTermDebt": 9516000, "otherLiab": 31749000, "totalCurrentLiabilities": 416974000, "totalLiab": 458239000, "commonStock": 56760000, "retainedEarnings": 215115000, "treasuryStock": 62114000, "capitalSurplus": 96700000, "otherStockholderEquity": 62114000, "totalStockholderEquity": 430689000, "netTangibleAssets": 428779000}, {"maxAge": 1, "endDate": "2017-03-31", "cash": 34573000, "shortTermInvestments": 104947000, "netReceivables": 161681000, "inventory": 128755000, "otherCurrentAssets": 21487000, "totalCurrentAssets": 453390000, "longTermInvestments": 7172000, "propertyPlantEquipment": 377308000, "intangibleAssets": 797000, "otherAssets": 32009000, "deferredLongTermAssetCharges": 3282000, "totalAssets": 870676000, "accountsPayable": 255057000, "otherCurrentLiab": 90266000, "longTermDebt": 22986000, "otherLiab": 51622000, "totalCurrentLiabilities": 364847000, "totalLiab": 439455000, "commonStock": 56760000, "retainedEarnings": 216746000, "treasuryStock": 61015000, "capitalSurplus": 96700000, "otherStockholderEquity": 61015000, "totalStockholderEquity": 431221000, "netTangibleAssets": 430424000}], "maxAge": 86400}, "financialData": {"maxAge": 86400, "currentPrice": 81.85, "recommendationKey": "none", "grossProfits": 712680000, "financialCurrency": "INR"}}}