{"BRIJLEAS.BO": {"cashflowStatementHistory": {"cashflowStatements": [{"maxAge": 1, "endDate": "2020-03-31", "netIncome": 276497, "depreciation": 16342, "changeToNetincome": 268366, "changeToLiabilities": 0, "changeToOperatingActivities": -15753791, "totalCashFromOperatingActivities": -15192588, "otherCashflowsFromInvestingActivities": -125000, "totalCashflowsFromInvestingActivities": -125000, "otherCashflowsFromFinancingActivities": -120866, "totalCashFromFinancingActivities": -120866, "changeInCash": -15438453}, {"maxAge": 1, "endDate": "2019-03-31", "netIncome": 932033, "depreciation": 34935, "changeToNetincome": 223939, "changeToLiabilities": 0, "changeToOperatingActivities": 13755883, "totalCashFromOperatingActivities": 14946790, "otherCashflowsFromInvestingActivities": -125000, "totalCashflowsFromInvestingActivities": -125000, "otherCashflowsFromFinancingActivities": -120866, "totalCashFromFinancingActivities": -120866, "changeInCash": 14946790}, {"maxAge": 1, "endDate": "2018-03-31", "netIncome": -17551, "depreciation": 11000, "changeToNetincome": -4065449, "changeToAccountReceivables": 21957000, "changeToLiabilities": 2145000, "changeToOperatingActivities": 13755883, "totalCashFromOperatingActivities": 20030000, "investments": -5000, "otherCashflowsFromInvestingActivities": 4152000, "totalCashflowsFromInvestingActivities": 4147000, "netBorrowings": -23947000, "otherCashflowsFromFinancingActivities": -120866, "totalCashFromFinancingActivities": -23947000, "changeInCash": 230000}, {"maxAge": 1, "endDate": "2017-03-31", "netIncome": -38427, "depreciation": 11000, "changeToNetincome": -2717573, "changeToAccountReceivables": -19368000, "changeToLiabilities": 16000, "changeToOperatingActivities": 13755883, "totalCashFromOperatingActivities": -22097000, "capitalExpenditures": -49000, "investments": -5000, "otherCashflowsFromInvestingActivities": 2868000, "totalCashflowsFromInvestingActivities": 2819000, "netBorrowings": 19234000, "otherCashflowsFromFinancingActivities": -120866, "totalCashFromFinancingActivities": 19234000, "changeInCash": -42000}], "maxAge": 86400}, "institutionOwnership": {"maxAge": 1, "ownershipList": []}, "balanceSheetHistoryQuarterly": {"balanceSheetStatements": [{"maxAge": 1, "endDate": "2020-06-30", "totalStockholderEquity": 27736974, "netTangibleAssets": 27736974}, {"maxAge": 1, "endDate": "2020-03-31", "cash": 46819, "netReceivables": 48032268, "totalCurrentAssets": 48079087, "longTermInvestments": 1352545, "propertyPlantEquipment": 860429, "otherAssets": 769999, "totalAssets": 51062060, "accountsPayable": 429087, "longTermDebt": 15428695, "otherLiab": 5573113, "totalCurrentLiabilities": 2323278, "totalLiab": 23325086, "commonStock": 56485000, "retainedEarnings": -36061651, "treasuryStock": 7313625, "otherStockholderEquity": 7313625, "totalStockholderEquity": 27736974, "netTangibleAssets": 27736974}, {"maxAge": 1, "endDate": "2019-12-31", "totalStockholderEquity": 32880000, "netTangibleAssets": 32880000}, {"maxAge": 1, "endDate": "2019-09-30", "cash": 148000, "netReceivables": 45367000, "otherCurrentAssets": 2859000, "totalCurrentAssets": 48374000, "longTermInvestments": 7270000, "propertyPlantEquipment": 5000, "otherAssets": 770000, "totalAssets": 56419000, "accountsPayable": 877000, "otherCurrentLiab": 1786000, "longTermDebt": 20865000, "otherLiab": 11000, "totalCurrentLiabilities": 2663000, "totalLiab": 23539000, "commonStock": 56485000, "treasuryStock": -23605000, "otherStockholderEquity": -23605000, "totalStockholderEquity": 32880000, "netTangibleAssets": 32880000}], "maxAge": 86400}, "indexTrend": {"maxAge": 1, "symbol": "SP5", "peRatio": 19.7411, "pegRatio": 1.34172, "estimates": [{"period": "0q", "growth": 0.549}, {"period": "+1q", "growth": 0.431}, {"period": "0y", "growth": 0.305}, {"period": "+1y", "growth": 0.109}, {"period": "+5y", "growth": 0.120859005}, {"period": "-5y"}]}, "insiderTransactions": {"transactions": [{"maxAge": 1, "shares": 125000, "filerUrl": "", "transactionText": "", "filerName": "Chaturvedi (Jay Kishor) HUF", "filerRelation": "UNREPORTED", "moneyText": "", "startDate": "2019-03-29", "ownership": "D"}, {"maxAge": 1, "shares": 3436722, "filerUrl": "", "transactionText": "", "filerName": "Chaturvedi (Jaykishor)", "filerRelation": "Executive Chairman", "moneyText": "", "startDate": "2019-02-22", "ownership": "D"}, {"maxAge": 1, "shares": 255, "filerUrl": "", "transactionText": "", "filerName": "Chaturvedi (Jaykishor)", "filerRelation": "Executive Chairman", "moneyText": "", "startDate": "2018-11-19", "ownership": "D"}], "maxAge": 1}, "quoteType": {"exchange": "BSE", "quoteType": "EQUITY", "symbol": "BRIJLEAS.BO", "underlyingSymbol": "BRIJLEAS.BO", "shortName": "BRIJLAXMI LEASING & FINANCE LT", "longName": "Brijlaxmi Leasing & Finance Limited", "firstTradeDateEpochUtc": "2001-07-11 09:15:00", "timeZoneFullName": "Asia/Kolkata", "timeZoneShortName": "IST", "uuid": "dea3f3af-fed7-350a-903b-7fb01de18dc4", "messageBoardId": null, "gmtOffSetMilliseconds": 19800000, "maxAge": 1}, "incomeStatementHistory": {"incomeStatementHistory": [{"maxAge": 1, "endDate": "2020-03-31", "totalRevenue": 4272260, "costOfRevenue": 0, "grossProfit": 4272260, "researchDevelopment": {}, "sellingGeneralAdministrative": 1035936, "nonRecurring": {}, "otherOperatingExpenses": 2697619, "totalOperatingExpenses": 3749897, "operatingIncome": 522363, "totalOtherIncomeExpenseNet": -120866, "ebit": 522363, "interestExpense": -120866, "incomeBeforeTax": 401497, "incomeTaxExpense": 125000, "minorityInterest": {}, "netIncomeFromContinuingOps": 276497, "discontinuedOperations": {}, "extraordinaryItems": {}, "effectOfAccountingCharges": {}, "otherItems": {}, "netIncome": 276497, "netIncomeApplicableToCommonShares": 276497}, {"maxAge": 1, "endDate": "2019-03-31", "totalRevenue": 5870330, "costOfRevenue": 50347, "grossProfit": 5819983, "researchDevelopment": {}, "sellingGeneralAdministrative": 1498030, "nonRecurring": {}, "otherOperatingExpenses": 3597550, "totalOperatingExpenses": 5180862, "operatingIncome": 689468, "totalOtherIncomeExpenseNet": 467565, "ebit": 689468, "interestExpense": -96721, "incomeBeforeTax": 1157033, "incomeTaxExpense": 225000, "minorityInterest": {}, "netIncomeFromContinuingOps": 932033, "discontinuedOperations": {}, "extraordinaryItems": {}, "effectOfAccountingCharges": {}, "otherItems": {}, "netIncome": 932033, "netIncomeApplicableToCommonShares": 932033}, {"maxAge": 1, "endDate": "2018-03-31", "totalRevenue": 4152329, "costOfRevenue": 0, "grossProfit": 4152329, "researchDevelopment": {}, "sellingGeneralAdministrative": 856161, "nonRecurring": {}, "otherOperatingExpenses": 3294815, "totalOperatingExpenses": 4162263, "operatingIncome": -9934, "totalOtherIncomeExpenseNet": 23383, "ebit": -9934, "interestExpense": -96721, "incomeBeforeTax": 13449, "incomeTaxExpense": 31000, "minorityInterest": {}, "netIncomeFromContinuingOps": -17551, "discontinuedOperations": {}, "extraordinaryItems": {}, "effectOfAccountingCharges": {}, "otherItems": {}, "netIncome": -17551, "netIncomeApplicableToCommonShares": -17551}, {"maxAge": 1, "endDate": "2017-03-31", "totalRevenue": 2872880, "costOfRevenue": 0, "grossProfit": 2872880, "researchDevelopment": {}, "sellingGeneralAdministrative": 477723, "nonRecurring": {}, "otherOperatingExpenses": 1993815, "totalOperatingExpenses": 2482825, "operatingIncome": 390055, "totalOtherIncomeExpenseNet": -425975, "ebit": 390055, "interestExpense": -12065, "incomeBeforeTax": -35920, "incomeTaxExpense": 2507, "minorityInterest": {}, "netIncomeFromContinuingOps": -38427, "discontinuedOperations": {}, "extraordinaryItems": {}, "effectOfAccountingCharges": {}, "otherItems": {}, "netIncome": -38427, "netIncomeApplicableToCommonShares": -38427}], "maxAge": 86400}, "fundOwnership": {"maxAge": 1, "ownershipList": []}, "summaryDetail": {"maxAge": 1, "priceHint": 4, "previousClose": 2.42, "open": 2.42, "dayLow": 2.42, "dayHigh": 2.42, "regularMarketPreviousClose": 2.42, "regularMarketOpen": 2.42, "regularMarketDayLow": 2.42, "regularMarketDayHigh": 2.42, "trailingPE": 59.02439, "volume": 300, "regularMarketVolume": 300, "averageVolume": 1427, "averageVolume10days": 3335, "averageDailyVolume10Day": 3335, "bid": 0.0, "ask": 2.42, "bidSize": 0, "askSize": 0, "marketCap": 13669370, "fiftyTwoWeekLow": 0.41, "fiftyTwoWeekHigh": 2.7, "fiftyDayAverage": 1.88, "twoHundredDayAverage": 1.6476642, "currency": "INR", "fromCurrency": null, "toCurrency": null, "lastMarket": null, "algorithm": null, "tradeable": false}, "incomeStatementHistoryQuarterly": {"incomeStatementHistory": [{"maxAge": 1, "endDate": "2020-06-30", "totalRevenue": 972000, "costOfRevenue": 0, "grossProfit": 972000, "researchDevelopment": {}, "sellingGeneralAdministrative": 239000, "nonRecurring": {}, "otherOperatingExpenses": 881000, "totalOperatingExpenses": 1120000, "operatingIncome": -148000, "totalOtherIncomeExpenseNet": 0, "ebit": -148000, "interestExpense": {}, "incomeBeforeTax": -148000, "incomeTaxExpense": 0, "minorityInterest": {}, "netIncomeFromContinuingOps": -148000, "discontinuedOperations": {}, "extraordinaryItems": {}, "effectOfAccountingCharges": {}, "otherItems": {}, "netIncome": -148000, "netIncomeApplicableToCommonShares": -148000}, {"maxAge": 1, "endDate": "2020-03-31", "totalRevenue": 1114260, "costOfRevenue": 0, "grossProfit": 1114260, "researchDevelopment": {}, "sellingGeneralAdministrative": 190936, "nonRecurring": {}, "otherOperatingExpenses": 446619, "totalOperatingExpenses": 653897, "operatingIncome": 460363, "totalOtherIncomeExpenseNet": -120866, "ebit": 460363, "interestExpense": -120866, "incomeBeforeTax": 339497, "incomeTaxExpense": 125000, "minorityInterest": {}, "netIncomeFromContinuingOps": 214497, "discontinuedOperations": {}, "extraordinaryItems": {}, "effectOfAccountingCharges": {}, "otherItems": {}, "netIncome": 214497, "netIncomeApplicableToCommonShares": 214497}, {"maxAge": 1, "endDate": "2019-12-31", "totalRevenue": 782000, "costOfRevenue": 0, "grossProfit": 782000, "researchDevelopment": {}, "sellingGeneralAdministrative": 321000, "nonRecurring": {}, "otherOperatingExpenses": 497000, "totalOperatingExpenses": 818000, "operatingIncome": -36000, "totalOtherIncomeExpenseNet": 0, "ebit": -36000, "interestExpense": -120866, "incomeBeforeTax": -36000, "incomeTaxExpense": 0, "minorityInterest": {}, "netIncomeFromContinuingOps": -36000, "discontinuedOperations": {}, "extraordinaryItems": {}, "effectOfAccountingCharges": {}, "otherItems": {}, "netIncome": -36000, "netIncomeApplicableToCommonShares": -36000}, {"maxAge": 1, "endDate": "2019-09-30", "totalRevenue": 1129000, "costOfRevenue": 0, "grossProfit": 1129000, "researchDevelopment": {}, "sellingGeneralAdministrative": 264000, "nonRecurring": {}, "otherOperatingExpenses": 621000, "totalOperatingExpenses": 885000, "operatingIncome": 244000, "totalOtherIncomeExpenseNet": 0, "ebit": 244000, "interestExpense": -120866, "incomeBeforeTax": 244000, "incomeTaxExpense": 0, "minorityInterest": {}, "netIncomeFromContinuingOps": 244000, "discontinuedOperations": {}, "extraordinaryItems": {}, "effectOfAccountingCharges": {}, "otherItems": {}, "netIncome": 244000, "netIncomeApplicableToCommonShares": 244000}], "maxAge": 86400}, "cashflowStatementHistoryQuarterly": {"cashflowStatements": [{"maxAge": 1, "endDate": "2020-06-30", "netIncome": -148000, "changeToLiabilities": 0}, {"maxAge": 1, "endDate": "2020-03-31", "netIncome": 214497, "changeToLiabilities": 0}, {"maxAge": 1, "endDate": "2019-12-31", "netIncome": -36000, "changeToLiabilities": 0}, {"maxAge": 1, "endDate": "2019-09-30", "netIncome": 244000, "changeToLiabilities": 0}], "maxAge": 86400}, "insiderHolders": {"holders": [{"maxAge": 1, "name": "Chaturvedi (Jay Kishor) HUF", "relation": "UNREPORTED", "url": "", "transactionDescription": "Purchase", "latestTransDate": "2019-03-29", "positionDirect": 25000, "positionDirectDate": "2019-03-29"}, {"maxAge": 1, "name": "Chaturvedi (Jaykishor)", "relation": "Executive Chairman", "url": "", "transactionDescription": "Other", "latestTransDate": "2019-02-22", "positionDirect": 435612, "positionDirectDate": "2019-02-22"}], "maxAge": 1}, "calendarEvents": {"maxAge": 1, "earnings": {"earningsDate": []}}, "price": {"maxAge": 1, "regularMarketChangePercent": 0.0, "regularMarketChange": 0.0, "regularMarketTime": "2021-04-30 13:15:00", "priceHint": 4, "regularMarketPrice": 2.42, "regularMarketDayHigh": 2.42, "regularMarketDayLow": 2.42, "regularMarketVolume": 300, "averageDailyVolume10Day": 3335, "averageDailyVolume3Month": 1427, "regularMarketPreviousClose": 2.42, "regularMarketSource": "FREE_REALTIME", "regularMarketOpen": 2.42, "exchange": "BSE", "exchangeName": "BSE", "exchangeDataDelayedBy": 0, "marketState": "CLOSED", "quoteType": "EQUITY", "symbol": "BRIJLEAS.BO", "underlyingSymbol": null, "shortName": "BRIJLAXMI LEASING & FINANCE LT", "longName": "Brijlaxmi Leasing & Finance Limited", "currency": "INR", "quoteSourceName": "Delayed Quote", "currencySymbol": "\u20b9", "fromCurrency": null, "toCurrency": null, "lastMarket": null, "marketCap": 13669370}, "balanceSheetHistory": {"balanceSheetStatements": [{"maxAge": 1, "endDate": "2020-03-31", "cash": 46819, "netReceivables": 48032268, "totalCurrentAssets": 48079087, "longTermInvestments": 1352545, "propertyPlantEquipment": 860429, "otherAssets": 769999, "totalAssets": 51062060, "accountsPayable": 429087, "longTermDebt": 15428695, "otherLiab": 5573113, "totalCurrentLiabilities": 2323278, "totalLiab": 23325086, "commonStock": 56485000, "retainedEarnings": -36061651, "treasuryStock": 7313625, "otherStockholderEquity": 7313625, "totalStockholderEquity": 27736974, "netTangibleAssets": 27736974}, {"maxAge": 1, "endDate": "2019-03-31", "cash": 15485272, "netReceivables": 57626973, "totalCurrentAssets": 73112245, "longTermInvestments": 1205715, "propertyPlantEquipment": 876771, "otherAssets": 770000, "totalAssets": 75964731, "accountsPayable": 1123417, "longTermDebt": 45795362, "otherLiab": 46154, "totalCurrentLiabilities": 2832067, "totalLiab": 48673583, "commonStock": 56485000, "treasuryStock": -29193852, "otherStockholderEquity": -29193852, "totalStockholderEquity": 27291148, "netTangibleAssets": 27291148}, {"maxAge": 1, "endDate": "2018-03-31", "cash": 248664, "netReceivables": 61068854, "otherCurrentAssets": 439005, "totalCurrentAssets": 61756523, "longTermInvestments": 7269920, "propertyPlantEquipment": 25926, "otherAssets": 10638319, "totalAssets": 79690688, "accountsPayable": 940134, "otherCurrentLiab": 296493, "longTermDebt": 45357001, "otherLiab": 11066, "totalCurrentLiabilities": 2778877, "totalLiab": 48146944, "commonStock": 56485000, "retainedEarnings": -37272256, "treasuryStock": 12331000, "otherStockholderEquity": 12331000, "totalStockholderEquity": 31543744, "netTangibleAssets": 31543744}, {"maxAge": 1, "endDate": "2017-03-31", "cash": 19747, "netReceivables": 44580860, "otherCurrentAssets": 432802, "totalCurrentAssets": 45033409, "longTermInvestments": 7264910, "propertyPlantEquipment": 37213, "otherAssets": 49089244, "totalAssets": 101424776, "accountsPayable": 316979, "otherCurrentLiab": 178338, "longTermDebt": 69305423, "otherLiab": 11066, "totalCurrentLiabilities": 546992, "totalLiab": 69863481, "commonStock": 56485000, "retainedEarnings": -37254705, "treasuryStock": 12331000, "otherStockholderEquity": 12331000, "totalStockholderEquity": 31561295, "netTangibleAssets": 31561295}], "maxAge": 86400}, "financialData": {"maxAge": 86400, "currentPrice": 2.42, "recommendationKey": "none", "grossProfits": 4272260, "financialCurrency": "INR"}}}