{"BRITANNIA.BO": {"recommendationTrend": {"trend": [{"period": "0m", "strongBuy": 0, "buy": 0, "hold": 0, "sell": 0, "strongSell": 0}, {"period": "-1m", "strongBuy": 0, "buy": 0, "hold": 0, "sell": 0, "strongSell": 0}, {"period": "-2m", "strongBuy": 0, "buy": 0, "hold": 0, "sell": 0, "strongSell": 0}, {"period": "-3m", "strongBuy": 0, "buy": 0, "hold": 0, "sell": 0, "strongSell": 0}], "maxAge": 86400}, "cashflowStatementHistory": {"cashflowStatements": [{"maxAge": 1, "endDate": "2020-03-31", "netIncome": 14026300000, "depreciation": 1818800000, "changeToNetincome": -2303000000, "changeToAccountReceivables": 788500000, "changeToLiabilities": 292100000, "changeToInventory": 429900000, "changeToOperatingActivities": -236600000, "totalCashFromOperatingActivities": 14845300000, "capitalExpenditures": -2441700000, "investments": -13266300000, "otherCashflowsFromInvestingActivities": 384500000, "totalCashflowsFromInvestingActivities": -15316200000, "dividendsPaid": -4325300000, "netBorrowings": 4904900000, "otherCashflowsFromFinancingActivities": -239900000, "totalCashFromFinancingActivities": 579400000, "effectOfExchangeRate": 56900000, "changeInCash": 165400000, "issuanceOfStock": 239700000}, {"maxAge": 1, "endDate": "2019-03-31", "netIncome": 11591200000, "depreciation": 1548300000, "changeToNetincome": -1592000000, "changeToAccountReceivables": -866700000, "changeToLiabilities": 2004900000, "changeToInventory": -1272100000, "changeToOperatingActivities": 109000000, "totalCashFromOperatingActivities": 11557800000, "capitalExpenditures": -4012100000, "investments": -3341200000, "otherCashflowsFromInvestingActivities": -1220200000, "totalCashflowsFromInvestingActivities": -8555300000, "dividendsPaid": -3543800000, "netBorrowings": -419100000, "otherCashflowsFromFinancingActivities": 138200000, "totalCashFromFinancingActivities": -3526800000, "effectOfExchangeRate": 33100000, "changeInCash": -491200000, "issuanceOfStock": 297900000}, {"maxAge": 1, "endDate": "2018-03-31", "netIncome": 10042300000, "depreciation": 1378500000, "changeToNetincome": -1258000000, "changeToAccountReceivables": -1252200000, "changeToLiabilities": 2625800000, "changeToInventory": 87600000, "changeToOperatingActivities": 821500000, "totalCashFromOperatingActivities": 12487700000, "capitalExpenditures": -4229300000, "investments": -5373700000, "otherCashflowsFromInvestingActivities": 22800000, "totalCashflowsFromInvestingActivities": -9562600000, "dividendsPaid": -2636000000, "netBorrowings": 672500000, "otherCashflowsFromFinancingActivities": -504600000, "totalCashFromFinancingActivities": -2317500000, "effectOfExchangeRate": -2600000, "changeInCash": 605000000, "issuanceOfStock": 150600000}, {"maxAge": 1, "endDate": "2017-03-31", "netIncome": 8844700000, "depreciation": 1148000000, "changeToNetincome": -1111000000, "changeToAccountReceivables": -93900000, "changeToLiabilities": 140600000, "changeToInventory": -2213500000, "changeToOperatingActivities": -2346800000, "totalCashFromOperatingActivities": 4412800000, "capitalExpenditures": -3597800000, "investments": 3448300000, "otherCashflowsFromInvestingActivities": -1428500000, "totalCashflowsFromInvestingActivities": -1498500000, "dividendsPaid": -2395700000, "netBorrowings": -69600000, "otherCashflowsFromFinancingActivities": -543800000, "totalCashFromFinancingActivities": -2950800000, "effectOfExchangeRate": -2600000, "changeInCash": -36500000, "issuanceOfStock": 58300000}], "maxAge": 86400}, "institutionOwnership": {"maxAge": 1, "ownershipList": []}, "balanceSheetHistoryQuarterly": {"balanceSheetStatements": [{"maxAge": 1, "endDate": "2020-09-30", "cash": 801700000, "shortTermInvestments": 4499600000, "netReceivables": 15257100000, "inventory": 14689900000, "otherCurrentAssets": 1337100000, "totalCurrentAssets": 36585400000, "longTermInvestments": 15525900000, "propertyPlantEquipment": 17199300000, "goodWill": 1364900000, "intangibleAssets": 99200000, "otherAssets": 3896900000, "deferredLongTermAssetCharges": 142300000, "totalAssets": 74671600000, "accountsPayable": 14392500000, "otherCurrentLiab": 7946000000, "longTermDebt": 7569700000, "otherLiab": 751200000, "minorityInterest": 317000000, "totalCurrentLiabilities": 39289000000, "totalLiab": 47609900000, "commonStock": 240700000, "treasuryStock": 26504000000, "otherStockholderEquity": 26504000000, "totalStockholderEquity": 26744700000, "netTangibleAssets": 25280600000}, {"maxAge": 1, "endDate": "2020-06-30", "totalStockholderEquity": 44028300000, "netTangibleAssets": 42554900000}, {"maxAge": 1, "endDate": "2020-03-31", "cash": 812300000, "shortTermInvestments": 1288600000, "netReceivables": 16614700000, "inventory": 7472200000, "otherCurrentAssets": 1308200000, "totalCurrentAssets": 36749700000, "longTermInvestments": 18844600000, "propertyPlantEquipment": 17559200000, "goodWill": 1389700000, "intangibleAssets": 83700000, "otherAssets": 3795400000, "deferredLongTermAssetCharges": 195600000, "totalAssets": 78422300000, "accountsPayable": 11162800000, "shortLongTermDebt": 211600000, "otherCurrentLiab": 4600100000, "longTermDebt": 7648800000, "otherLiab": 565800000, "minorityInterest": 356500000, "totalCurrentLiabilities": 25653000000, "totalLiab": 34037500000, "commonStock": 240500000, "retainedEarnings": 40345700000, "treasuryStock": 2275900000, "capitalSurplus": 1166200000, "otherStockholderEquity": 2275900000, "totalStockholderEquity": 44028300000, "netTangibleAssets": 42554900000}, {"maxAge": 1, "endDate": "2019-12-31", "totalStockholderEquity": 36177400000, "netTangibleAssets": 34758800000}], "maxAge": 86400}, "earningsHistory": {"history": [{"maxAge": 1, "epsActual": 17.39, "epsEstimate": 17.27, "epsDifference": 0.12, "surprisePercent": 0.0069999998, "quarter": "2017-06-30", "period": "-4q"}, {"maxAge": 1, "epsActual": 20.43, "epsEstimate": 22.22, "epsDifference": -1.79, "surprisePercent": -0.081, "quarter": "2017-09-30", "period": "-3q"}, {"maxAge": 1, "epsActual": 20.75, "epsEstimate": 21.85, "epsDifference": -1.1, "surprisePercent": -0.05, "quarter": "2017-12-31", "period": "-2q"}, {"maxAge": 1, "epsActual": 20.37, "epsEstimate": 21.5, "epsDifference": -1.13, "surprisePercent": -0.053000003, "quarter": "2018-03-31", "period": "-1q"}], "maxAge": 86400}, "indexTrend": {"maxAge": 1, "symbol": "SP5", "peRatio": 19.7411, "pegRatio": 1.34172, "estimates": [{"period": "0q", "growth": 0.549}, {"period": "+1q", "growth": 0.431}, {"period": "0y", "growth": 0.305}, {"period": "+1y", "growth": 0.109}, {"period": "+5y", "growth": 0.120865}, {"period": "-5y"}]}, "industryTrend": {"maxAge": 1, "symbol": null, "estimates": []}, "insiderTransactions": {"transactions": [{"maxAge": 1, "shares": 10000, "value": 519916, "filerUrl": "", "transactionText": "Sale at price 51.99 per share.", "filerName": "Berry (Varun)", "filerRelation": "Managing Director", "moneyText": "", "startDate": "2020-08-07", "ownership": "D"}, {"maxAge": 1, "shares": 84000, "value": 3063689, "filerUrl": "", "transactionText": "Acquisition at price 36.47 per share.", "filerName": "Berry (Varun)", "filerRelation": "Managing Director", "moneyText": "", "startDate": "2020-07-28", "ownership": "D"}, {"maxAge": 1, "shares": 9500, "value": 510283, "filerUrl": "", "transactionText": "Sale at price 53.71 per share.", "filerName": "Berry (Varun)", "filerRelation": "Managing Director", "moneyText": "", "startDate": "2020-07-21", "ownership": "D"}, {"maxAge": 1, "shares": 47966, "value": 2535521, "filerUrl": "", "transactionText": "Sale at price 52.86 per share.", "filerName": "Berry (Varun)", "filerRelation": "Managing Director", "moneyText": "", "startDate": "2020-07-20", "ownership": "D"}, {"maxAge": 1, "shares": 90000, "value": 3286998, "filerUrl": "", "transactionText": "Other at price 36.52 per share.", "filerName": "Berry (Varun)", "filerRelation": "Director", "moneyText": "", "startDate": "2020-07-07", "ownership": "D"}, {"maxAge": 1, "shares": 15000, "value": 713527, "filerUrl": "", "transactionText": "Sale at price 47.57 per share.", "filerName": "Berry (Varun)", "filerRelation": "Director", "moneyText": "", "startDate": "2020-06-30", "ownership": "D"}, {"maxAge": 1, "shares": 36317, "value": 1694961, "filerUrl": "", "transactionText": "Sale at price 46.67 per share.", "filerName": "Berry (Varun)", "filerRelation": "Director", "moneyText": "", "startDate": "2020-06-29", "ownership": "D"}, {"maxAge": 1, "shares": 1800, "filerUrl": "", "transactionText": "", "filerName": "Wadia (Ness Nusli)", "filerRelation": "Promoter", "moneyText": "", "startDate": "2020-06-24", "ownership": "D"}, {"maxAge": 1, "shares": 10000, "filerUrl": "", "transactionText": "", "filerName": "Berry (Varun)", "filerRelation": "Director", "moneyText": "", "startDate": "2020-06-23", "ownership": "D"}, {"maxAge": 1, "shares": 20000, "filerUrl": "", "transactionText": "", "filerName": "Berry (Varun)", "filerRelation": "Director", "moneyText": "", "startDate": "2020-06-23", "ownership": "D"}, {"maxAge": 1, "shares": 600, "filerUrl": "", "transactionText": "", "filerName": "Wadia (Ness Nusli)", "filerRelation": "Promoter", "moneyText": "", "startDate": "2020-06-22", "ownership": "D"}, {"maxAge": 1, "shares": 6791, "filerUrl": "", "transactionText": "", "filerName": "Berry (Varun)", "filerRelation": "Director", "moneyText": "", "startDate": "2020-06-19", "ownership": "D"}, {"maxAge": 1, "shares": 83334, "filerUrl": "", "transactionText": "", "filerName": "Berry (Varun)", "filerRelation": "Director", "moneyText": "", "startDate": "2020-06-12", "ownership": "D"}, {"maxAge": 1, "shares": 20000, "filerUrl": "", "transactionText": "", "filerName": "Berry (Varun)", "filerRelation": "Director", "moneyText": "", "startDate": "2020-06-09", "ownership": "D"}, {"maxAge": 1, "shares": 2738, "filerUrl": "", "transactionText": "", "filerName": "Berry (Varun)", "filerRelation": "Director", "moneyText": "", "startDate": "2020-06-08", "ownership": "D"}, {"maxAge": 1, "shares": 40000, "filerUrl": "", "transactionText": "", "filerName": "Berry (Varun)", "filerRelation": "Director", "moneyText": "", "startDate": "2020-06-05", "ownership": "D"}, {"maxAge": 1, "shares": 750, "filerUrl": "", "transactionText": "", "filerName": "Wadia (Ness Nusli)", "filerRelation": "Director (Non-Executive)", "moneyText": "", "startDate": "2020-03-30", "ownership": "D"}, {"maxAge": 1, "shares": 750, "filerUrl": "", "transactionText": "", "filerName": "Wadia (Ness Nusli)", "filerRelation": "Director (Non-Executive)", "moneyText": "", "startDate": "2020-03-27", "ownership": "D"}, {"maxAge": 1, "shares": 5000, "filerUrl": "", "transactionText": "", "filerName": "Berry (Varun)", "filerRelation": "Managing Director", "moneyText": "", "startDate": "2020-03-05", "ownership": "D"}, {"maxAge": 1, "shares": 5000, "filerUrl": "", "transactionText": "", "filerName": "Berry (Varun)", "filerRelation": "Managing Director", "moneyText": "", "startDate": "2020-03-04", "ownership": "D"}, {"maxAge": 1, "shares": 9000, "filerUrl": "", "transactionText": "", "filerName": "Berry (Varun)", "filerRelation": "Managing Director", "moneyText": "", "startDate": "2020-03-03", "ownership": "D"}, {"maxAge": 1, "shares": 4000, "filerUrl": "", "transactionText": "", "filerName": "Berry (Varun)", "filerRelation": "Managing Director", "moneyText": "", "startDate": "2020-02-25", "ownership": "D"}, {"maxAge": 1, "shares": 8700, "filerUrl": "", "transactionText": "", "filerName": "Berry (Varun)", "filerRelation": "Managing Director", "moneyText": "", "startDate": "2020-02-25", "ownership": "D"}, {"maxAge": 1, "shares": 5000, "filerUrl": "", "transactionText": "", "filerName": "Berry (Varun)", "filerRelation": "Managing Director", "moneyText": "", "startDate": "2020-02-12", "ownership": "D"}, {"maxAge": 1, "shares": 1692, "filerUrl": "", "transactionText": "", "filerName": "Berry (Varun)", "filerRelation": "Managing Director", "moneyText": "", "startDate": "2020-02-10", "ownership": "D"}, {"maxAge": 1, "shares": 10000, "filerUrl": "", "transactionText": "", "filerName": "Berry (Varun)", "filerRelation": "Managing Director", "moneyText": "", "startDate": "2019-12-17", "ownership": "D"}, {"maxAge": 1, "shares": 700, "filerUrl": "", "transactionText": "", "filerName": "Wadia (Ness Nusli)", "filerRelation": "Director (Non-Executive)", "moneyText": "", "startDate": "2019-12-02", "ownership": "D"}, {"maxAge": 1, "shares": 400, "filerUrl": "", "transactionText": "", "filerName": "Wadia (Ness Nusli)", "filerRelation": "Director (Non-Executive)", "moneyText": "", "startDate": "2019-11-28", "ownership": "D"}, {"maxAge": 1, "shares": 500, "filerUrl": "", "transactionText": "", "filerName": "Wadia (Ness Nusli)", "filerRelation": "Director (Non-Executive)", "moneyText": "", "startDate": "2019-11-27", "ownership": "D"}, {"maxAge": 1, "shares": 900, "filerUrl": "", "transactionText": "", "filerName": "Wadia (Ness Nusli)", "filerRelation": "Director (Non-Executive)", "moneyText": "", "startDate": "2019-11-25", "ownership": "D"}, {"maxAge": 1, "shares": 500, "filerUrl": "", "transactionText": "", "filerName": "Wadia (Ness Nusli)", "filerRelation": "Director", "moneyText": "", "startDate": "2019-11-21", "ownership": "D"}, {"maxAge": 1, "shares": 4751, "filerUrl": "", "transactionText": "", "filerName": "Wadia (Ness Nusli)", "filerRelation": "Director", "moneyText": "", "startDate": "2019-11-20", "ownership": "D"}, {"maxAge": 1, "shares": 73180, "filerUrl": "", "transactionText": "", "filerName": "Berry (Varun)", "filerRelation": "Managing Director", "moneyText": "", "startDate": "2019-11-15", "ownership": "D"}, {"maxAge": 1, "shares": 150002, "filerUrl": "", "transactionText": "", "filerName": "Berry (Varun)", "filerRelation": "Managing Director", "moneyText": "", "startDate": "2019-11-04", "ownership": "D"}, {"maxAge": 1, "shares": 2000, "filerUrl": "", "transactionText": "", "filerName": "Berry (Varun)", "filerRelation": "Managing Director", "moneyText": "", "startDate": "2019-03-15", "ownership": "D"}, {"maxAge": 1, "shares": 10000, "filerUrl": "", "transactionText": "", "filerName": "Berry (Varun)", "filerRelation": "Managing Director", "moneyText": "", "startDate": "2018-12-19", "ownership": "D"}, {"maxAge": 1, "shares": 34590, "filerUrl": "", "transactionText": "", "filerName": "Berry (Varun)", "filerRelation": "Managing Director", "moneyText": "", "startDate": "2018-12-13", "ownership": "D"}, {"maxAge": 1, "shares": 26500, "filerUrl": "", "transactionText": "", "filerName": "Berry (Varun)", "filerRelation": "Managing Director", "moneyText": "", "startDate": "2018-11-22", "ownership": "D"}], "maxAge": 1}, "quoteType": {"exchange": "BSE", "quoteType": "EQUITY", "symbol": "BRITANNIA.BO", "underlyingSymbol": "BRITANNIA.BO", "shortName": "BRITANNIA INDUSTRIES LTD.", "longName": "Britannia Industries Limited", "firstTradeDateEpochUtc": "1991-01-02 09:15:00", "timeZoneFullName": "Asia/Kolkata", "timeZoneShortName": "IST", "uuid": "f936b2bf-f842-3109-935b-4ada20654c81", "messageBoardId": null, "gmtOffSetMilliseconds": 19800000, "maxAge": 1}, "incomeStatementHistory": {"incomeStatementHistory": [{"maxAge": 1, "endDate": "2020-03-31", "totalRevenue": 115711300000, "costOfRevenue": 69908800000, "grossProfit": 45802500000, "researchDevelopment": {}, "sellingGeneralAdministrative": 9961300000, "nonRecurring": {}, "otherOperatingExpenses": 17358400000, "totalOperatingExpenses": 99127600000, "operatingIncome": 16583700000, "totalOtherIncomeExpenseNet": 1859300000, "ebit": 16583700000, "interestExpense": -724400000, "incomeBeforeTax": 18443000000, "incomeTaxExpense": 4507000000, "minorityInterest": 356500000, "netIncomeFromContinuingOps": 13936000000, "discontinuedOperations": {}, "extraordinaryItems": {}, "effectOfAccountingCharges": {}, "otherItems": {}, "netIncome": 14026300000, "netIncomeApplicableToCommonShares": 14026300000}, {"maxAge": 1, "endDate": "2019-03-31", "totalRevenue": 110322800000, "costOfRevenue": 66308800000, "grossProfit": 44014000000, "researchDevelopment": {}, "sellingGeneralAdministrative": 9791100000, "nonRecurring": {}, "otherOperatingExpenses": 16888700000, "totalOperatingExpenses": 94572100000, "operatingIncome": 15750700000, "totalOtherIncomeExpenseNet": 1928600000, "ebit": 15750700000, "interestExpense": -78900000, "incomeBeforeTax": 17679300000, "incomeTaxExpense": 6124700000, "minorityInterest": 326800000, "netIncomeFromContinuingOps": 11554600000, "discontinuedOperations": {}, "extraordinaryItems": {}, "effectOfAccountingCharges": {}, "otherItems": {}, "netIncome": 11591200000, "netIncomeApplicableToCommonShares": 11591200000}, {"maxAge": 1, "endDate": "2018-03-31", "totalRevenue": 98869300000, "costOfRevenue": 61589000000, "grossProfit": 37280300000, "researchDevelopment": {}, "sellingGeneralAdministrative": 4371200000, "nonRecurring": {}, "otherOperatingExpenses": 17892600000, "totalOperatingExpenses": 85273500000, "operatingIncome": 13595800000, "totalOtherIncomeExpenseNet": 1586000000, "ebit": 13595800000, "interestExpense": -54100000, "incomeBeforeTax": 15181800000, "incomeTaxExpense": 5142200000, "minorityInterest": 131400000, "netIncomeFromContinuingOps": 10039600000, "discontinuedOperations": {}, "extraordinaryItems": {}, "effectOfAccountingCharges": {}, "otherItems": {}, "netIncome": 10042300000, "netIncomeApplicableToCommonShares": 10042300000}, {"maxAge": 1, "endDate": "2017-03-31", "totalRevenue": 90183800000, "costOfRevenue": 56361300000, "grossProfit": 33822500000, "researchDevelopment": {}, "sellingGeneralAdministrative": 7805200000, "nonRecurring": {}, "otherOperatingExpenses": 13210000000, "totalOperatingExpenses": 78569200000, "operatingIncome": 11614600000, "totalOtherIncomeExpenseNet": 1428200000, "ebit": 11614600000, "interestExpense": -21700000, "incomeBeforeTax": 13042800000, "incomeTaxExpense": 4196700000, "minorityInterest": 26000000, "netIncomeFromContinuingOps": 8846100000, "discontinuedOperations": {}, "extraordinaryItems": {}, "effectOfAccountingCharges": {}, "otherItems": {}, "netIncome": 8844700000, "netIncomeApplicableToCommonShares": 8844700000}], "maxAge": 86400}, "fundOwnership": {"maxAge": 1, "ownershipList": []}, "summaryDetail": {"maxAge": 1, "priceHint": 2, "previousClose": 3470.55, "open": 3469.8, "dayLow": 3438.2, "dayHigh": 3469.8, "regularMarketPreviousClose": 3470.55, "regularMarketOpen": 3469.8, "regularMarketDayLow": 3438.2, "regularMarketDayHigh": 3469.8, "trailingPE": 46.32184, "forwardPE": 28.886843, "volume": 35629, "regularMarketVolume": 35629, "averageVolume": 32747, "averageVolume10days": 57822, "averageDailyVolume10Day": 57822, "bid": 0.0, "ask": 3448.8, "bidSize": 0, "askSize": 0, "marketCap": 830215815168, "fiftyTwoWeekLow": 2100.55, "fiftyTwoWeekHigh": 4015.0, "fiftyDayAverage": 3525.8186, "twoHundredDayAverage": 3639.166, "trailingAnnualDividendRate": 85.0, "trailingAnnualDividendYield": 0.024491794, "currency": "INR", "fromCurrency": null, "toCurrency": null, "lastMarket": null, "algorithm": null, "tradeable": false}, "sectorTrend": {"maxAge": 1, "symbol": null, "estimates": []}, "incomeStatementHistoryQuarterly": {"incomeStatementHistory": [{"maxAge": 1, "endDate": "2020-09-30", "totalRevenue": 34191100000, "costOfRevenue": 19651400000, "grossProfit": 14539700000, "researchDevelopment": {}, "sellingGeneralAdministrative": 1344700000, "nonRecurring": {}, "otherOperatingExpenses": 6441100000, "totalOperatingExpenses": 27922100000, "operatingIncome": 6269000000, "totalOtherIncomeExpenseNet": 432800000, "ebit": 6269000000, "interestExpense": -298100000, "incomeBeforeTax": 6701800000, "incomeTaxExpense": 1749800000, "minorityInterest": 317000000, "netIncomeFromContinuingOps": 4952000000, "discontinuedOperations": {}, "extraordinaryItems": {}, "effectOfAccountingCharges": {}, "otherItems": {}, "netIncome": 4981300000, "netIncomeApplicableToCommonShares": 4981300000}, {"maxAge": 1, "endDate": "2020-06-30", "totalRevenue": 34206700000, "costOfRevenue": 19959000000, "grossProfit": 14247700000, "researchDevelopment": {}, "sellingGeneralAdministrative": 1369500000, "nonRecurring": {}, "otherOperatingExpenses": 5708900000, "totalOperatingExpenses": 27517000000, "operatingIncome": 6689700000, "totalOtherIncomeExpenseNet": 680800000, "ebit": 6689700000, "interestExpense": -256100000, "incomeBeforeTax": 7370500000, "incomeTaxExpense": 1943700000, "minorityInterest": 317000000, "netIncomeFromContinuingOps": 5426800000, "discontinuedOperations": {}, "extraordinaryItems": {}, "effectOfAccountingCharges": {}, "otherItems": {}, "netIncome": 5457000000, "netIncomeApplicableToCommonShares": 5457000000}, {"maxAge": 1, "endDate": "2020-03-31", "totalRevenue": 28392800000, "costOfRevenue": 17934000000, "grossProfit": 10458800000, "researchDevelopment": {}, "sellingGeneralAdministrative": 6303400000, "nonRecurring": {}, "otherOperatingExpenses": -438400000, "totalOperatingExpenses": 24334700000, "operatingIncome": 4058100000, "totalOtherIncomeExpenseNet": 514600000, "ebit": 4058100000, "interestExpense": -225300000, "incomeBeforeTax": 4572700000, "incomeTaxExpense": 849200000, "minorityInterest": 356500000, "netIncomeFromContinuingOps": 3723500000, "discontinuedOperations": {}, "extraordinaryItems": {}, "effectOfAccountingCharges": {}, "otherItems": {}, "netIncome": 3747500000, "netIncomeApplicableToCommonShares": 3747500000}, {"maxAge": 1, "endDate": "2019-12-31", "totalRevenue": 29826800000, "costOfRevenue": 17641800000, "grossProfit": 12185000000, "researchDevelopment": {}, "sellingGeneralAdministrative": 1216000000, "nonRecurring": {}, "otherOperatingExpenses": 5948600000, "totalOperatingExpenses": 25273400000, "operatingIncome": 4553400000, "totalOtherIncomeExpenseNet": 418100000, "ebit": 4553400000, "interestExpense": -236700000, "incomeBeforeTax": 4971500000, "incomeTaxExpense": 1272700000, "minorityInterest": 356500000, "netIncomeFromContinuingOps": 3698800000, "discontinuedOperations": {}, "extraordinaryItems": {}, "effectOfAccountingCharges": {}, "otherItems": {}, "netIncome": 3726300000, "netIncomeApplicableToCommonShares": 3726300000}], "maxAge": 86400}, "cashflowStatementHistoryQuarterly": {"cashflowStatements": [{"maxAge": 1, "endDate": "2020-09-30", "netIncome": 4981300000, "changeToLiabilities": 0}, {"maxAge": 1, "endDate": "2020-06-30", "netIncome": 5457000000, "changeToLiabilities": 0}, {"maxAge": 1, "endDate": "2020-03-31", "netIncome": 3747500000, "changeToLiabilities": 0}, {"maxAge": 1, "endDate": "2019-12-31", "netIncome": 3726300000, "changeToLiabilities": 0}], "maxAge": 86400}, "insiderHolders": {"holders": [{"maxAge": 1, "name": "Berry (Varun)", "relation": "Managing Director", "url": "", "transactionDescription": "Sale", "latestTransDate": "2020-08-07", "positionDirect": 167632, "positionDirectDate": "2020-08-07"}, {"maxAge": 1, "name": "Wadia (Ness Nusli)", "relation": "Promoter", "url": "", "transactionDescription": "Acquisition", "latestTransDate": "2020-06-24", "positionDirect": 16202, "positionDirectDate": "2020-06-24"}], "maxAge": 1}, "earnings": {"maxAge": 86400, "earningsChart": {"quarterly": [{"date": "2Q2017", "actual": 17.39, "estimate": 17.27}, {"date": "3Q2017", "actual": 20.43, "estimate": 22.22}, {"date": "4Q2017", "actual": 20.75, "estimate": 21.85}, {"date": "1Q2018", "actual": 20.37, "estimate": 21.5}], "currentQuarterEstimate": 22.03, "currentQuarterEstimateDate": "2Q", "currentQuarterEstimateYear": 2018, "earningsDate": []}, "financialsChart": {"yearly": [{"date": 2017, "revenue": 90183800000, "earnings": 8844700000}, {"date": 2018, "revenue": 98869300000, "earnings": 10042300000}, {"date": 2019, "revenue": 110322800000, "earnings": 11591200000}, {"date": 2020, "revenue": 115711300000, "earnings": 14026300000}], "quarterly": [{"date": "4Q2019", "revenue": 29826800000, "earnings": 3726300000}, {"date": "1Q2020", "revenue": 28392800000, "earnings": 3747500000}, {"date": "2Q2020", "revenue": 34206700000, "earnings": 5457000000}, {"date": "3Q2020", "revenue": 34191100000, "earnings": 4981300000}]}, "financialCurrency": "INR"}, "calendarEvents": {"maxAge": 1, "earnings": {"earningsDate": [], "earningsAverage": 22.03, "earningsLow": 22.03, "earningsHigh": 22.03, "revenueAverage": 24246000000, "revenueLow": 24246000000, "revenueHigh": 24246000000}}, "price": {"maxAge": 1, "regularMarketChangePercent": -0.006267018, "regularMarketChange": -21.75, "regularMarketTime": "2021-04-30 15:52:44", "priceHint": 2, "regularMarketPrice": 3448.8, "regularMarketDayHigh": 3469.8, "regularMarketDayLow": 3438.2, "regularMarketVolume": 35629, "averageDailyVolume10Day": 57822, "averageDailyVolume3Month": 32747, "regularMarketPreviousClose": 3470.55, "regularMarketSource": "FREE_REALTIME", "regularMarketOpen": 3469.8, "exchange": "BSE", "exchangeName": "BSE", "exchangeDataDelayedBy": 0, "marketState": "CLOSED", "quoteType": "EQUITY", "symbol": "BRITANNIA.BO", "underlyingSymbol": null, "shortName": "BRITANNIA INDUSTRIES LTD.", "longName": "Britannia Industries Limited", "currency": "INR", "quoteSourceName": "Delayed Quote", "currencySymbol": "\u20b9", "fromCurrency": null, "toCurrency": null, "lastMarket": null, "marketCap": 830215815168}, "balanceSheetHistory": {"balanceSheetStatements": [{"maxAge": 1, "endDate": "2020-03-31", "cash": 812300000, "shortTermInvestments": 1288600000, "netReceivables": 16614700000, "inventory": 7472200000, "otherCurrentAssets": 1308200000, "totalCurrentAssets": 36749700000, "longTermInvestments": 18844600000, "propertyPlantEquipment": 17559200000, "goodWill": 1389700000, "intangibleAssets": 83700000, "otherAssets": 3795400000, "deferredLongTermAssetCharges": 195600000, "totalAssets": 78422300000, "accountsPayable": 11162800000, "shortLongTermDebt": 211600000, "otherCurrentLiab": 4600100000, "longTermDebt": 7648800000, "otherLiab": 565800000, "minorityInterest": 356500000, "totalCurrentLiabilities": 25653000000, "totalLiab": 34037500000, "commonStock": 240500000, "retainedEarnings": 40345700000, "treasuryStock": 2275900000, "capitalSurplus": 1166200000, "otherStockholderEquity": 2275900000, "totalStockholderEquity": 44028300000, "netTangibleAssets": 42554900000}, {"maxAge": 1, "endDate": "2019-03-31", "cash": 603200000, "shortTermInvestments": 1386500000, "netReceivables": 17257200000, "inventory": 8048800000, "otherCurrentAssets": 1354100000, "totalCurrentAssets": 35263400000, "longTermInvestments": 7264000000, "propertyPlantEquipment": 16368200000, "goodWill": 1303700000, "intangibleAssets": 76200000, "otherAssets": 2142700000, "deferredLongTermAssetCharges": 137500000, "totalAssets": 62418200000, "accountsPayable": 11405100000, "shortLongTermDebt": 177300000, "otherCurrentLiab": 4805500000, "longTermDebt": 616600000, "otherLiab": 425600000, "minorityInterest": 326800000, "totalCurrentLiabilities": 18514100000, "totalLiab": 19558900000, "commonStock": 240300000, "retainedEarnings": 41159000000, "treasuryStock": 277500000, "capitalSurplus": 855700000, "otherStockholderEquity": 277500000, "totalStockholderEquity": 42532500000, "netTangibleAssets": 41152600000}, {"maxAge": 1, "endDate": "2018-03-31", "cash": 1299100000, "shortTermInvestments": 1304800000, "netReceivables": 12512000000, "inventory": 7664700000, "otherCurrentAssets": 846300000, "totalCurrentAssets": 31512800000, "longTermInvestments": 2224800000, "propertyPlantEquipment": 13972600000, "goodWill": 1282000000, "intangibleAssets": 79700000, "otherAssets": 2807300000, "deferredLongTermAssetCharges": 225700000, "totalAssets": 51879200000, "accountsPayable": 9940900000, "shortLongTermDebt": 222800000, "otherCurrentLiab": 3957600000, "longTermDebt": 842700000, "otherLiab": 360100000, "minorityInterest": 131400000, "totalCurrentLiabilities": 16479700000, "totalLiab": 17685500000, "commonStock": 240100000, "retainedEarnings": 33186300000, "treasuryStock": 154200000, "capitalSurplus": 481700000, "otherStockholderEquity": 154200000, "totalStockholderEquity": 34062300000, "netTangibleAssets": 32700600000}, {"maxAge": 1, "endDate": "2017-03-31", "cash": 561600000, "shortTermInvestments": 1346800000, "netReceivables": 10908700000, "inventory": 8494800000, "otherCurrentAssets": 985400000, "totalCurrentAssets": 23392400000, "longTermInvestments": 3120000000, "propertyPlantEquipment": 10353600000, "goodWill": 1278400000, "intangibleAssets": 116100000, "otherAssets": 2827500000, "deferredLongTermAssetCharges": 231100000, "totalAssets": 41088000000, "accountsPayable": 7573100000, "shortLongTermDebt": 86700000, "otherCurrentLiab": 3196500000, "longTermDebt": 309600000, "otherLiab": 329800000, "minorityInterest": 26000000, "totalCurrentLiabilities": 13454000000, "totalLiab": 14097800000, "commonStock": 240000000, "retainedEarnings": 26323100000, "treasuryStock": 101100000, "capitalSurplus": 300000000, "otherStockholderEquity": 101100000, "totalStockholderEquity": 26964200000, "netTangibleAssets": 25569700000}], "maxAge": 86400}, "earningsTrend": {"trend": [{"maxAge": 1, "period": "0q", "endDate": "2018-06-30", "growth": 0.26700002, "earningsEstimate": {"avg": 22.03, "low": 22.03, "high": 22.03, "yearAgoEps": 17.39, "numberOfAnalysts": 1, "growth": 0.26700002}, "revenueEstimate": {"avg": 24246000000, "low": 24246000000, "high": 24246000000, "numberOfAnalysts": 1, "yearAgoRevenue": 20771500000, "growth": 0.16700001}, "epsTrend": {"current": 22.03, "7daysAgo": 22.03, "30daysAgo": 22.03, "60daysAgo": 22.03, "90daysAgo": 22.03}, "epsRevisions": {"upLast7days": 0, "upLast30days": 0, "downLast30days": 0, "downLast90days": {}}}, {"maxAge": 1, "period": "+1q", "endDate": "2018-09-30", "growth": 0.27, "earningsEstimate": {"avg": 25.95, "low": 25.95, "high": 25.95, "yearAgoEps": 20.43, "numberOfAnalysts": 1, "growth": 0.27}, "revenueEstimate": {"avg": 27215000000, "low": 27215000000, "high": 27215000000, "numberOfAnalysts": 1, "yearAgoRevenue": 23853800000, "growth": 0.141}, "epsTrend": {"current": 25.95, "7daysAgo": 25.95, "30daysAgo": 25.95, "60daysAgo": 25.95, "90daysAgo": 25.95}, "epsRevisions": {"upLast7days": 0, "upLast30days": 0, "downLast30days": 0, "downLast90days": {}}}, {"maxAge": 1, "period": "0y", "endDate": "2019-03-31", "growth": 0.276, "earningsEstimate": {"avg": 100.72, "low": 97.5, "high": 105.1, "yearAgoEps": 78.92, "numberOfAnalysts": 3, "growth": 0.276}, "revenueEstimate": {"avg": 110140000000, "low": 105385000000, "high": 118595000000, "numberOfAnalysts": 3, "yearAgoRevenue": 93040600000, "growth": 0.184}, "epsTrend": {"current": 100.72, "7daysAgo": 100.72, "30daysAgo": 100.72, "60daysAgo": 101.82, "90daysAgo": 101.92}, "epsRevisions": {"upLast7days": 0, "upLast30days": 0, "downLast30days": 0, "downLast90days": {}}}, {"maxAge": 1, "period": "+1y", "endDate": "2020-03-31", "growth": 0.185, "earningsEstimate": {"avg": 119.39, "low": 118.8, "high": 119.97, "yearAgoEps": 100.72, "numberOfAnalysts": 2, "growth": 0.185}, "revenueEstimate": {"avg": 122277000000, "low": 121799000000, "high": 122755000000, "numberOfAnalysts": 2, "yearAgoRevenue": 110140000000, "growth": 0.11}, "epsTrend": {"current": 119.39, "7daysAgo": 119.39, "30daysAgo": 119.39, "60daysAgo": 123.07, "90daysAgo": 123.69}, "epsRevisions": {"upLast7days": 0, "upLast30days": 0, "downLast30days": 0, "downLast90days": {}}}, {"maxAge": 1, "period": "+5y", "endDate": null, "growth": 0.1917, "earningsEstimate": {"avg": {}, "low": {}, "high": {}, "yearAgoEps": {}, "numberOfAnalysts": {}, "growth": {}}, "revenueEstimate": {"avg": {}, "low": {}, "high": {}, "numberOfAnalysts": {}, "yearAgoRevenue": {}, "growth": {}}, "epsTrend": {"current": {}, "7daysAgo": {}, "30daysAgo": {}, "60daysAgo": {}, "90daysAgo": {}}, "epsRevisions": {"upLast7days": {}, "upLast30days": {}, "downLast30days": {}, "downLast90days": {}}}, {"maxAge": 1, "period": "-5y", "endDate": null, "growth": 0.25694, "earningsEstimate": {"avg": {}, "low": {}, "high": {}, "yearAgoEps": {}, "numberOfAnalysts": {}, "growth": {}}, "revenueEstimate": {"avg": {}, "low": {}, "high": {}, "numberOfAnalysts": {}, "yearAgoRevenue": {}, "growth": {}}, "epsTrend": {"current": {}, "7daysAgo": {}, "30daysAgo": {}, "60daysAgo": {}, "90daysAgo": {}}, "epsRevisions": {"upLast7days": {}, "upLast30days": {}, "downLast30days": {}, "downLast90days": {}}}], "maxAge": 1}, "financialData": {"maxAge": 86400, "currentPrice": 3448.8, "targetHighPrice": 7235.0, "targetLowPrice": 4210.0, "targetMeanPrice": 5891.87, "targetMedianPrice": 6000.0, "recommendationMean": 2.1, "recommendationKey": "buy", "numberOfAnalystOpinions": 31, "grossProfits": 45802500000, "financialCurrency": "INR"}}}