{"BRNL.NS": {"assetProfile": {"address1": "Plot No. X1 2 & 3", "address2": "Ground Floor Block EP, Sector V Salt Lake City", "city": "Kolkata", "zip": "700 09", "country": "India", "phone": "91 33 6602 3609", "website": "http://www.brnl.in", "industry": "Infrastructure Operations", "sector": "Industrials", "longBusinessSummary": "Bharat Road Network Limited designs, develops, builds, owns, operates, and transfers road and related services in India. It offers financial and concession management services; tolling operations and highway management services; advisory and project management services, including construction supervision/debt syndication; and specialized toll plaza construction and integration with the selected TMS services, as well as corridor and incident management integrated with HTMS services. The company was incorporated in 2006 and is based in Kolkata, India.", "fullTimeEmployees": 748, "companyOfficers": [{"maxAge": 1, "name": "Mr. Bajrang Kumar Choudhary", "age": 52, "title": "MD & Director", "yearBorn": 1968, "fiscalYear": 2020, "totalPay": 14083746, "exercisedValue": 0, "unexercisedValue": 0}, {"maxAge": 1, "name": "Mr. Arindam  Bhowmick", "age": 48, "title": "Chief Financial Officer", "yearBorn": 1972, "fiscalYear": 2020, "totalPay": 0, "exercisedValue": 0, "unexercisedValue": 0}, {"maxAge": 1, "name": "Mr. Naresh  Mathur", "age": 56, "title": "Compliance Officer & Company Sec.", "yearBorn": 1964, "fiscalYear": 2020, "totalPay": 2480335, "exercisedValue": 0, "unexercisedValue": 0}, {"maxAge": 1, "name": "Mr. Arunava  Sengupta", "age": 56, "title": "Chief Operating Officer", "yearBorn": 1964, "fiscalYear": 2019, "exercisedValue": 0, "unexercisedValue": 0}, {"maxAge": 1, "name": "Mr. Rajesh  Sirohia", "age": 46, "title": "Head of Corp. Strategy & Investments", "yearBorn": 1974, "exercisedValue": 0, "unexercisedValue": 0}, {"maxAge": 1, "name": "Shailendra  Singh", "age": 53, "title": "Gen. Mang. of Admin.", "yearBorn": 1967, "exercisedValue": 0, "unexercisedValue": 0}, {"maxAge": 1, "name": "Mr. Manoj  Ghosh", "title": "Sr. VP of Operations", "exercisedValue": 0, "unexercisedValue": 0}, {"maxAge": 1, "name": "Mr. Nikhil  Jain", "age": 38, "title": "Associate VP", "yearBorn": 1982, "exercisedValue": 0, "unexercisedValue": 0}, {"maxAge": 1, "name": "Rahul  Dhandhania", "age": 42, "title": "VP", "yearBorn": 1978, "fiscalYear": 2019, "exercisedValue": 0, "unexercisedValue": 0}], "compensationAsOfEpochDate": "2020-12-31 05:30:00", "maxAge": 86400}, "cashflowStatementHistory": {"cashflowStatements": [{"maxAge": 1, "endDate": "2020-03-31", "netIncome": -159731000, "depreciation": 363427000, "changeToNetincome": 1698662000, "changeToAccountReceivables": -1350055000, "changeToLiabilities": 1825209000, "totalCashFromOperatingActivities": 2377590000, "capitalExpenditures": -1560231000, "investments": 1334602000, "otherCashflowsFromInvestingActivities": 21072000, "totalCashflowsFromInvestingActivities": -1570356000, "dividendsPaid": -50603000, "netBorrowings": 1832155000, "otherCashflowsFromFinancingActivities": -2639818000, "totalCashFromFinancingActivities": -858266000, "changeInCash": -51032000}, {"maxAge": 1, "endDate": "2019-03-31", "netIncome": -382577000, "depreciation": 336942000, "changeToNetincome": 1504965000, "changeToAccountReceivables": 134110000, "changeToLiabilities": 1364942000, "totalCashFromOperatingActivities": 2958460000, "capitalExpenditures": -3204802000, "investments": 739860000, "otherCashflowsFromInvestingActivities": 82211000, "totalCashflowsFromInvestingActivities": -3647577000, "dividendsPaid": -50603000, "netBorrowings": 3313126000, "otherCashflowsFromFinancingActivities": -2403752000, "totalCashFromFinancingActivities": 858771000, "changeInCash": 169653000}, {"maxAge": 1, "endDate": "2018-03-31", "netIncome": 233076000, "depreciation": 4184000, "changeToNetincome": -443321000, "changeToAccountReceivables": -1044700000, "changeToLiabilities": 2682768000, "totalCashFromOperatingActivities": 1432079000, "capitalExpenditures": -1436025000, "investments": 792119000, "otherCashflowsFromInvestingActivities": 138338000, "totalCashflowsFromInvestingActivities": -10311121000, "dividendsPaid": -42000000, "netBorrowings": 4824230000, "otherCashflowsFromFinancingActivities": -1979819000, "totalCashFromFinancingActivities": 8808911000, "changeInCash": -70131000, "issuanceOfStock": 6006500000}, {"maxAge": 1, "endDate": "2017-03-31", "netIncome": -623077000, "depreciation": 310000, "changeToNetincome": 300451000, "changeToAccountReceivables": 160163000, "changeToLiabilities": 71884000, "totalCashFromOperatingActivities": -90252000, "capitalExpenditures": -3403318000, "investments": -382859000, "otherCashflowsFromInvestingActivities": 688774000, "totalCashflowsFromInvestingActivities": -3329678000, "dividendsPaid": -42000000, "netBorrowings": -3168450000, "otherCashflowsFromFinancingActivities": 1058536000, "totalCashFromFinancingActivities": 3533336000, "changeInCash": 113406000, "issuanceOfStock": 5643250000}], "maxAge": 86400}, "institutionOwnership": {"maxAge": 1, "ownershipList": []}, "majorHoldersBreakdown": {"maxAge": 1, "insidersPercentHeld": 0.69133, "institutionsPercentHeld": 0.0, "institutionsFloatPercentHeld": 0.0, "institutionsCount": 0}, "balanceSheetHistoryQuarterly": {"balanceSheetStatements": [{"maxAge": 1, "endDate": "2020-12-31", "totalStockholderEquity": 9205824000, "netTangibleAssets": -8674556000}, {"maxAge": 1, "endDate": "2020-09-30", "cash": 395656000, "shortTermInvestments": 2939532000, "netReceivables": 5081047000, "otherCurrentAssets": 180729000, "totalCurrentAssets": 8596964000, "longTermInvestments": 3623846000, "propertyPlantEquipment": 11797000, "goodWill": 489625000, "intangibleAssets": 17390755000, "otherAssets": 3947219000, "totalAssets": 34060206000, "accountsPayable": 13397000, "otherCurrentLiab": 5417971000, "longTermDebt": 16589662000, "otherLiab": 1745877000, "minorityInterest": 1086948000, "totalCurrentLiabilities": 5431895000, "totalLiab": 23767434000, "commonStock": 839500000, "treasuryStock": 8366324000, "otherStockholderEquity": 8366324000, "totalStockholderEquity": 9205824000, "netTangibleAssets": -8674556000}, {"maxAge": 1, "endDate": "2020-06-30", "totalStockholderEquity": 10012685000, "netTangibleAssets": -7870515000}, {"maxAge": 1, "endDate": "2020-03-31", "cash": 240815000, "netReceivables": 6001124000, "otherCurrentAssets": 203156000, "totalCurrentAssets": 7120625000, "longTermInvestments": 4189999000, "propertyPlantEquipment": 11786000, "goodWill": 441207000, "intangibleAssets": 17441993000, "otherAssets": 4030305000, "totalAssets": 33235915000, "accountsPayable": 20250000, "shortLongTermDebt": 2451312000, "otherCurrentLiab": 3566821000, "longTermDebt": 14700748000, "otherLiab": 1294200000, "minorityInterest": 1096170000, "totalCurrentLiabilities": 6132112000, "totalLiab": 22127060000, "commonStock": 839500000, "retainedEarnings": -1766165000, "treasuryStock": 337246000, "capitalSurplus": 10602104000, "otherStockholderEquity": 337246000, "totalStockholderEquity": 10012685000, "netTangibleAssets": -7870515000}], "maxAge": 86400}, "indexTrend": {"maxAge": 1, "symbol": "SP5", "peRatio": 19.7411, "pegRatio": 1.34172, "estimates": [{"period": "0q", "growth": 0.549}, {"period": "+1q", "growth": 0.431}, {"period": "0y", "growth": 0.305}, {"period": "+1y", "growth": 0.109}, {"period": "+5y", "growth": 0.120865}, {"period": "-5y"}]}, "defaultKeyStatistics": {"maxAge": 1, "priceHint": 2, "enterpriseValue": 16700891136, "profitMargins": -0.62307, "floatShares": 34395633, "sharesOutstanding": 83950000, "heldPercentInsiders": 0.69133, "heldPercentInstitutions": 0.0, "beta": 0.831785, "category": null, "bookValue": 108.107, "priceToBook": 0.25715262, "fundFamily": null, "legalType": null, "lastFiscalYearEnd": "2020-03-31 05:30:00", "nextFiscalYearEnd": "2022-03-31 05:30:00", "mostRecentQuarter": "2020-12-31 05:30:00", "earningsQuarterlyGrowth": -0.88, "netIncomeToCommon": -1215981056, "trailingEps": -13.741, "lastSplitFactor": null, "enterpriseToRevenue": 8.558, "enterpriseToEbitda": 13.442, "52WeekChange": -0.3252427, "SandP52WeekChange": 0.48148263, "lastDividendValue": 0.5, "lastDividendDate": 1575504000}, "summaryProfile": {"address1": "Plot No. X1 2 & 3", "address2": "Ground Floor Block EP, Sector V Salt Lake City", "city": "Kolkata", "zip": "700 09", "country": "India", "phone": "91 33 6602 3609", "website": "http://www.brnl.in", "industry": "Infrastructure Operations", "sector": "Industrials", "longBusinessSummary": "Bharat Road Network Limited designs, develops, builds, owns, operates, and transfers road and related services in India. It offers financial and concession management services; tolling operations and highway management services; advisory and project management services, including construction supervision/debt syndication; and specialized toll plaza construction and integration with the selected TMS services, as well as corridor and incident management integrated with HTMS services. The company was incorporated in 2006 and is based in Kolkata, India.", "fullTimeEmployees": 748, "companyOfficers": [], "maxAge": 86400}, "netSharePurchaseActivity": {"maxAge": 1, "period": "6m", "buyInfoCount": 0, "buyInfoShares": 0, "sellInfoCount": 0, "netInfoCount": 0, "netInfoShares": 0, "netPercentInsiderShares": 0.0, "totalInsiderShares": 58675252}, "quoteType": {"exchange": "NSI", "quoteType": "EQUITY", "symbol": "BRNL.NS", "underlyingSymbol": "BRNL.NS", "shortName": "BHARAT ROAD NETWOR", "longName": "Bharat Road Network Limited", "firstTradeDateEpochUtc": "2017-09-18 09:15:00", "timeZoneFullName": "Asia/Kolkata", "timeZoneShortName": "IST", "uuid": "0d8d4c20-a29b-3773-9298-71bed4bd7af8", "messageBoardId": "finmb_292499465", "gmtOffSetMilliseconds": 19800000, "maxAge": 1}, "incomeStatementHistory": {"incomeStatementHistory": [{"maxAge": 1, "endDate": "2020-03-31", "totalRevenue": 2992238000, "costOfRevenue": 824701000, "grossProfit": 2167537000, "researchDevelopment": {}, "sellingGeneralAdministrative": 5953000, "nonRecurring": {}, "otherOperatingExpenses": 324419000, "totalOperatingExpenses": 1518578000, "operatingIncome": 1473660000, "totalOtherIncomeExpenseNet": -1591911000, "ebit": 1473660000, "interestExpense": -1909108000, "incomeBeforeTax": -118251000, "incomeTaxExpense": 11072000, "minorityInterest": 1096170000, "netIncomeFromContinuingOps": -129323000, "discontinuedOperations": {}, "extraordinaryItems": {}, "effectOfAccountingCharges": {}, "otherItems": {}, "netIncome": -159731000, "netIncomeApplicableToCommonShares": -159731000}, {"maxAge": 1, "endDate": "2019-03-31", "totalRevenue": 4014075000, "costOfRevenue": 1420182000, "grossProfit": 2593893000, "researchDevelopment": {}, "sellingGeneralAdministrative": 7096000, "nonRecurring": {}, "otherOperatingExpenses": 833145000, "totalOperatingExpenses": 2597443000, "operatingIncome": 1416632000, "totalOtherIncomeExpenseNet": -1791491000, "ebit": 1416632000, "interestExpense": -2036549000, "incomeBeforeTax": -374859000, "incomeTaxExpense": 60483000, "minorityInterest": 1066528000, "netIncomeFromContinuingOps": -435342000, "discontinuedOperations": {}, "extraordinaryItems": {}, "effectOfAccountingCharges": {}, "otherItems": {}, "netIncome": -382577000, "netIncomeApplicableToCommonShares": -382577000}, {"maxAge": 1, "endDate": "2018-03-31", "totalRevenue": 1532049000, "costOfRevenue": 823281000, "grossProfit": 708768000, "researchDevelopment": {}, "sellingGeneralAdministrative": 765000, "nonRecurring": {}, "otherOperatingExpenses": 266325000, "totalOperatingExpenses": 1094627000, "operatingIncome": 437422000, "totalOtherIncomeExpenseNet": -90218000, "ebit": 437422000, "interestExpense": -430708000, "incomeBeforeTax": 347204000, "incomeTaxExpense": 115744000, "minorityInterest": 1119493000, "netIncomeFromContinuingOps": 231460000, "discontinuedOperations": {}, "extraordinaryItems": {}, "effectOfAccountingCharges": {}, "otherItems": {}, "netIncome": 233076000, "netIncomeApplicableToCommonShares": 233076000}, {"maxAge": 1, "endDate": "2017-03-31", "totalRevenue": 1415156000, "costOfRevenue": 1070166000, "grossProfit": 344990000, "researchDevelopment": {}, "sellingGeneralAdministrative": 239000, "nonRecurring": {}, "otherOperatingExpenses": 77011000, "totalOperatingExpenses": 1147743000, "operatingIncome": 267413000, "totalOtherIncomeExpenseNet": -884703000, "ebit": 267413000, "interestExpense": -351554000, "incomeBeforeTax": -617290000, "incomeTaxExpense": 5934000, "minorityInterest": 317819000, "netIncomeFromContinuingOps": -623224000, "discontinuedOperations": {}, "extraordinaryItems": {}, "effectOfAccountingCharges": {}, "otherItems": {}, "netIncome": -623077000, "netIncomeApplicableToCommonShares": -623077000}], "maxAge": 86400}, "fundOwnership": {"maxAge": 1, "ownershipList": []}, "summaryDetail": {"maxAge": 1, "priceHint": 2, "previousClose": 28.25, "open": 28.6, "dayLow": 27.2, "dayHigh": 28.6, "regularMarketPreviousClose": 28.25, "regularMarketOpen": 28.6, "regularMarketDayLow": 27.2, "regularMarketDayHigh": 28.6, "exDividendDate": "2019-12-05 05:30:00", "payoutRatio": 0.0, "beta": 0.831785, "volume": 20545, "regularMarketVolume": 20545, "averageVolume": 65399, "averageVolume10days": 29925, "averageDailyVolume10Day": 29925, "bid": 0.0, "ask": 0.0, "bidSize": 0, "askSize": 0, "marketCap": 2337940992, "fiftyTwoWeekLow": 25.75, "fiftyTwoWeekHigh": 44.5, "priceToSalesTrailing12Months": 1.1979587, "fiftyDayAverage": 29.324242, "twoHundredDayAverage": 31.569014, "trailingAnnualDividendRate": 1.0, "trailingAnnualDividendYield": 0.03539823, "currency": "INR", "fromCurrency": null, "toCurrency": null, "lastMarket": null, "algorithm": null, "tradeable": false}, "incomeStatementHistoryQuarterly": {"incomeStatementHistory": [{"maxAge": 1, "endDate": "2020-12-31", "totalRevenue": 643257000, "costOfRevenue": 109663000, "grossProfit": 533594000, "researchDevelopment": {}, "sellingGeneralAdministrative": {}, "nonRecurring": {}, "otherOperatingExpenses": -717000, "totalOperatingExpenses": 222854000, "operatingIncome": 420403000, "totalOtherIncomeExpenseNet": -333650000, "ebit": 420403000, "interestExpense": -541698000, "incomeBeforeTax": 86753000, "incomeTaxExpense": 52332000, "minorityInterest": {}, "netIncomeFromContinuingOps": 34421000, "discontinuedOperations": {}, "extraordinaryItems": {}, "effectOfAccountingCharges": {}, "otherItems": {}, "netIncome": 16586000, "netIncomeApplicableToCommonShares": 16586000}, {"maxAge": 1, "endDate": "2020-09-30", "totalRevenue": 503614000, "costOfRevenue": 48118000, "grossProfit": 455496000, "researchDevelopment": {}, "sellingGeneralAdministrative": {}, "nonRecurring": {}, "otherOperatingExpenses": 207595000, "totalOperatingExpenses": 355168000, "operatingIncome": 148446000, "totalOtherIncomeExpenseNet": -512136000, "ebit": 148446000, "interestExpense": -543717000, "incomeBeforeTax": -363690000, "incomeTaxExpense": -65995000, "minorityInterest": 1086948000, "netIncomeFromContinuingOps": -297695000, "discontinuedOperations": {}, "extraordinaryItems": {}, "effectOfAccountingCharges": {}, "otherItems": {}, "netIncome": -302300000, "netIncomeApplicableToCommonShares": -302300000}, {"maxAge": 1, "endDate": "2020-06-30", "totalRevenue": 335661000, "costOfRevenue": 49686000, "grossProfit": 285975000, "researchDevelopment": {}, "sellingGeneralAdministrative": {}, "nonRecurring": {}, "otherOperatingExpenses": 106164000, "totalOperatingExpenses": 217053000, "operatingIncome": 118608000, "totalOtherIncomeExpenseNet": -611209000, "ebit": 118608000, "interestExpense": -675036000, "incomeBeforeTax": -492601000, "incomeTaxExpense": 21436000, "minorityInterest": 1086948000, "netIncomeFromContinuingOps": -514037000, "discontinuedOperations": {}, "extraordinaryItems": {}, "effectOfAccountingCharges": {}, "otherItems": {}, "netIncome": -500210000, "netIncomeApplicableToCommonShares": -500210000}, {"maxAge": 1, "endDate": "2020-03-31", "totalRevenue": 469072000, "costOfRevenue": 104646000, "grossProfit": 364426000, "researchDevelopment": {}, "sellingGeneralAdministrative": 5953000, "nonRecurring": {}, "otherOperatingExpenses": 88848000, "totalOperatingExpenses": 297375000, "operatingIncome": 171697000, "totalOtherIncomeExpenseNet": -666247000, "ebit": 171697000, "interestExpense": -506735000, "incomeBeforeTax": -494550000, "incomeTaxExpense": -77457000, "minorityInterest": 1096170000, "netIncomeFromContinuingOps": -417093000, "discontinuedOperations": {}, "extraordinaryItems": {}, "effectOfAccountingCharges": {}, "otherItems": {}, "netIncome": -430057000, "netIncomeApplicableToCommonShares": -430057000}], "maxAge": 86400}, "cashflowStatementHistoryQuarterly": {"cashflowStatements": [{"maxAge": 1, "endDate": "2020-12-31", "netIncome": 16586000, "changeToLiabilities": 0}, {"maxAge": 1, "endDate": "2020-09-30", "netIncome": -302300000, "changeToLiabilities": 0}, {"maxAge": 1, "endDate": "2020-06-30", "netIncome": -500210000, "changeToLiabilities": 0}, {"maxAge": 1, "endDate": "2020-03-31", "netIncome": -430057000, "changeToLiabilities": 0}], "maxAge": 86400}, "insiderHolders": {"holders": [], "maxAge": 1}, "calendarEvents": {"maxAge": 1, "earnings": {"earningsDate": []}, "exDividendDate": "2019-12-05 05:30:00"}, "price": {"maxAge": 1, "regularMarketChangePercent": -0.015929231, "regularMarketChange": -0.45000076, "regularMarketTime": "2021-04-30 15:29:43", "priceHint": 2, "regularMarketPrice": 27.8, "regularMarketDayHigh": 28.6, "regularMarketDayLow": 27.2, "regularMarketVolume": 20545, "averageDailyVolume10Day": 29925, "averageDailyVolume3Month": 65399, "regularMarketPreviousClose": 28.25, "regularMarketSource": "FREE_REALTIME", "regularMarketOpen": 28.6, "exchange": "NSI", "exchangeName": "NSE", "exchangeDataDelayedBy": 15, "marketState": "CLOSED", "quoteType": "EQUITY", "symbol": "BRNL.NS", "underlyingSymbol": null, "shortName": "BHARAT ROAD NETWOR", "longName": "Bharat Road Network Limited", "currency": "INR", "quoteSourceName": "Delayed Quote", "currencySymbol": "\u20b9", "fromCurrency": null, "toCurrency": null, "lastMarket": null, "marketCap": 2337940992}, "balanceSheetHistory": {"balanceSheetStatements": [{"maxAge": 1, "endDate": "2020-03-31", "cash": 240815000, "netReceivables": 6001124000, "otherCurrentAssets": 203156000, "totalCurrentAssets": 7120625000, "longTermInvestments": 4189999000, "propertyPlantEquipment": 11786000, "goodWill": 441207000, "intangibleAssets": 17441993000, "otherAssets": 4030305000, "totalAssets": 33235915000, "accountsPayable": 20250000, "shortLongTermDebt": 2451312000, "otherCurrentLiab": 3566821000, "longTermDebt": 14700748000, "otherLiab": 1294200000, "minorityInterest": 1096170000, "totalCurrentLiabilities": 6132112000, "totalLiab": 22127060000, "commonStock": 839500000, "retainedEarnings": -1766165000, "treasuryStock": 337246000, "capitalSurplus": 10602104000, "otherStockholderEquity": 337246000, "totalStockholderEquity": 10012685000, "netTangibleAssets": -7870515000}, {"maxAge": 1, "endDate": "2019-03-31", "cash": 291847000, "netReceivables": 3658778000, "otherCurrentAssets": 177138000, "totalCurrentAssets": 4800956000, "longTermInvestments": 4569818000, "propertyPlantEquipment": 12536000, "goodWill": 348766000, "intangibleAssets": 16300150000, "otherAssets": 3621112000, "totalAssets": 29653338000, "accountsPayable": 6492000, "shortLongTermDebt": 1591084000, "otherCurrentLiab": 2623683000, "longTermDebt": 13104371000, "otherLiab": 495603000, "minorityInterest": 1066528000, "totalCurrentLiabilities": 4870521000, "totalLiab": 18470495000, "commonStock": 839500000, "retainedEarnings": -1556379000, "treasuryStock": 231090000, "capitalSurplus": 10602104000, "otherStockholderEquity": 231090000, "totalStockholderEquity": 10116315000, "netTangibleAssets": -6532601000}, {"maxAge": 1, "endDate": "2018-03-31", "cash": 122211000, "netReceivables": 2367284000, "otherCurrentAssets": 178644000, "totalCurrentAssets": 4060694000, "longTermInvestments": 3023573000, "propertyPlantEquipment": 14028000, "goodWill": 254757000, "intangibleAssets": 14080655000, "otherAssets": 4260791000, "totalAssets": 25694498000, "accountsPayable": 35636000, "shortLongTermDebt": 802294000, "otherCurrentLiab": 2661287000, "longTermDebt": 9544752000, "otherLiab": 229017000, "deferredLongTermLiab": 109530000, "minorityInterest": 1119493000, "totalCurrentLiabilities": 4168370000, "totalLiab": 13942139000, "commonStock": 839500000, "retainedEarnings": -1119835000, "treasuryStock": 311097000, "capitalSurplus": 10602104000, "otherStockholderEquity": 311097000, "totalStockholderEquity": 10632866000, "netTangibleAssets": -3702546000}, {"maxAge": 1, "endDate": "2017-03-31", "cash": 192342000, "netReceivables": 116477000, "otherCurrentAssets": 246922000, "totalCurrentAssets": 636986000, "longTermInvestments": 2514979000, "propertyPlantEquipment": 2766000, "goodWill": 251300000, "intangibleAssets": 4200360000, "otherAssets": 4701051000, "totalAssets": 12307442000, "accountsPayable": 70000, "shortLongTermDebt": 32756000, "otherCurrentLiab": 175312000, "longTermDebt": 5051996000, "otherLiab": 1766003000, "minorityInterest": 317819000, "totalCurrentLiabilities": 763958000, "totalLiab": 7581957000, "commonStock": 546500000, "retainedEarnings": -1305548000, "capitalSurplus": 5166714000, "totalStockholderEquity": 4407666000, "netTangibleAssets": -43994000}], "maxAge": 86400}, "financialData": {"maxAge": 86400, "currentPrice": 27.8, "recommendationKey": "none", "totalCash": 3335187968, "totalCashPerShare": 39.296, "ebitda": 1242443776, "totalDebt": 16589662208, "totalRevenue": 1951603968, "debtToEquity": 161.178, "revenuePerShare": 22.053, "grossProfits": 2167537000, "earningsGrowth": -0.895, "revenueGrowth": -0.17, "grossMargins": 0.84007, "ebitdaMargins": 0.63663, "operatingMargins": 0.44022998, "profitMargins": -0.62307, "financialCurrency": "INR"}}}