{"BROOKS.BO": {"recommendationTrend": {"trend": [{"period": "0m", "strongBuy": 0, "buy": 0, "hold": 0, "sell": 0, "strongSell": 0}, {"period": "-1m", "strongBuy": 0, "buy": 0, "hold": 0, "sell": 0, "strongSell": 0}, {"period": "-2m", "strongBuy": 0, "buy": 0, "hold": 0, "sell": 0, "strongSell": 0}, {"period": "-3m", "strongBuy": 0, "buy": 0, "hold": 0, "sell": 0, "strongSell": 0}], "maxAge": 86400}, "cashflowStatementHistory": {"cashflowStatements": [{"maxAge": 1, "endDate": "2020-03-31", "netIncome": -243760000, "depreciation": 66270000, "changeToNetincome": 159566000, "changeToAccountReceivables": -44776000, "changeToLiabilities": -10731000, "changeToInventory": -37215000, "changeToOperatingActivities": 16553000, "totalCashFromOperatingActivities": -93887000, "capitalExpenditures": -25837000, "otherCashflowsFromInvestingActivities": -1722000, "totalCashflowsFromInvestingActivities": -23259000, "netBorrowings": -45455000, "otherCashflowsFromFinancingActivities": 141577000, "totalCashFromFinancingActivities": 96122000, "changeInCash": -21025000}, {"maxAge": 1, "endDate": "2019-03-31", "netIncome": -148054000, "depreciation": 64796000, "changeToNetincome": 20359000, "changeToAccountReceivables": -18596000, "changeToLiabilities": 4983000, "changeToInventory": 13560000, "changeToOperatingActivities": 12302000, "totalCashFromOperatingActivities": -50450000, "capitalExpenditures": -8672000, "otherCashflowsFromInvestingActivities": 4524000, "totalCashflowsFromInvestingActivities": 11152000, "netBorrowings": 32811000, "otherCashflowsFromFinancingActivities": 25020000, "totalCashFromFinancingActivities": 57831000, "changeInCash": 18533000}, {"maxAge": 1, "endDate": "2018-03-31", "netIncome": -138128000, "depreciation": 64451000, "changeToNetincome": -11213000, "changeToAccountReceivables": -6653000, "changeToLiabilities": 81314000, "changeToInventory": -37103000, "changeToOperatingActivities": -14484000, "totalCashFromOperatingActivities": -61816000, "capitalExpenditures": -57325000, "otherCashflowsFromInvestingActivities": 5108000, "totalCashflowsFromInvestingActivities": -51352000, "netBorrowings": 143896000, "otherCashflowsFromFinancingActivities": -25673000, "totalCashFromFinancingActivities": 118223000, "changeInCash": 5055000}, {"maxAge": 1, "endDate": "2017-03-31", "netIncome": 16669000, "depreciation": 16720000, "changeToNetincome": 6735000, "changeToAccountReceivables": 74233000, "changeToLiabilities": 26480000, "changeToInventory": -10099000, "changeToOperatingActivities": -35091000, "totalCashFromOperatingActivities": 95647000, "capitalExpenditures": -176254000, "otherCashflowsFromInvestingActivities": 2700000, "totalCashflowsFromInvestingActivities": -168041000, "netBorrowings": 80194000, "otherCashflowsFromFinancingActivities": -10093000, "totalCashFromFinancingActivities": 70101000, "changeInCash": -2293000}], "maxAge": 86400}, "institutionOwnership": {"maxAge": 1, "ownershipList": []}, "balanceSheetHistoryQuarterly": {"balanceSheetStatements": [{"maxAge": 1, "endDate": "2020-06-30", "totalStockholderEquity": 984160000, "netTangibleAssets": 981357000}, {"maxAge": 1, "endDate": "2020-03-31", "cash": 3960000, "netReceivables": 218723000, "inventory": 137749000, "otherCurrentAssets": 17715000, "totalCurrentAssets": 379179000, "longTermInvestments": 200000, "propertyPlantEquipment": 1128518000, "intangibleAssets": 2803000, "otherAssets": 67939000, "totalAssets": 1578639000, "accountsPayable": 260661000, "shortLongTermDebt": 25248000, "otherCurrentLiab": 20743000, "longTermDebt": 112832000, "otherLiab": 17204000, "totalCurrentLiabilities": 457991000, "totalLiab": 594479000, "commonStock": 247028000, "retainedEarnings": 55268000, "treasuryStock": 1860000, "capitalSurplus": 680004000, "otherStockholderEquity": 1860000, "totalStockholderEquity": 984160000, "netTangibleAssets": 981357000}, {"maxAge": 1, "endDate": "2019-12-31", "totalStockholderEquity": 1018825000, "netTangibleAssets": 1016565000}, {"maxAge": 1, "endDate": "2019-09-30", "cash": 10789000, "netReceivables": 226491000, "inventory": 100913000, "otherCurrentAssets": 16113000, "totalCurrentAssets": 355309000, "longTermInvestments": 2531000, "propertyPlantEquipment": 1162507000, "intangibleAssets": 2260000, "otherAssets": 191434000, "deferredLongTermAssetCharges": 120216000, "totalAssets": 1714041000, "accountsPayable": 332098000, "shortLongTermDebt": 25248000, "otherCurrentLiab": 21085000, "longTermDebt": 121286000, "otherLiab": 17072000, "totalCurrentLiabilities": 554259000, "totalLiab": 695216000, "commonStock": 170364000, "retainedEarnings": 241281000, "treasuryStock": 364000, "capitalSurplus": 606816000, "otherStockholderEquity": 364000, "totalStockholderEquity": 1018825000, "netTangibleAssets": 1016565000}], "maxAge": 86400}, "earningsHistory": {"history": [{"maxAge": 1, "epsActual": {}, "epsEstimate": {}, "epsDifference": {}, "surprisePercent": {}, "quarter": {}, "period": "-4q"}, {"maxAge": 1, "epsActual": {}, "epsEstimate": {}, "epsDifference": {}, "surprisePercent": {}, "quarter": {}, "period": "-3q"}, {"maxAge": 1, "epsActual": {}, "epsEstimate": {}, "epsDifference": {}, "surprisePercent": {}, "quarter": {}, "period": "-2q"}, {"maxAge": 1, "epsActual": {}, "epsEstimate": {}, "epsDifference": {}, "surprisePercent": {}, "quarter": {}, "period": "-1q"}], "maxAge": 86400}, "indexTrend": {"maxAge": 1, "symbol": "SP5", "peRatio": 19.7411, "pegRatio": 1.34172, "estimates": [{"period": "0q", "growth": 0.549}, {"period": "+1q", "growth": 0.431}, {"period": "0y", "growth": 0.305}, {"period": "+1y", "growth": 0.109}, {"period": "+5y", "growth": 0.120865}, {"period": "-5y"}]}, "industryTrend": {"maxAge": 1, "symbol": null, "estimates": []}, "insiderTransactions": {"transactions": [{"maxAge": 1, "shares": 0, "filerUrl": "", "transactionText": "", "filerName": "Gupta (Saras)", "filerRelation": "Promoter", "moneyText": "", "startDate": "2019-07-26", "ownership": "I"}, {"maxAge": 1, "shares": 212500, "filerUrl": "", "transactionText": "", "filerName": "Gupta (Saras)", "filerRelation": "Promoter", "moneyText": "", "startDate": "2019-07-26", "ownership": "D"}, {"maxAge": 1, "shares": 0, "filerUrl": "", "transactionText": "", "filerName": "Gupta (Saras)", "filerRelation": "Promoter", "moneyText": "", "startDate": "2019-07-22", "ownership": "I"}, {"maxAge": 1, "shares": 212500, "filerUrl": "", "transactionText": "", "filerName": "Mahajan (Aryan)", "filerRelation": "Promoter", "moneyText": "", "startDate": "2019-07-09", "ownership": "D"}, {"maxAge": 1, "shares": 212500, "filerUrl": "", "transactionText": "", "filerName": "Mahajan (Aryan)", "filerRelation": "Promoter", "moneyText": "", "startDate": "2019-07-09", "ownership": "D"}, {"maxAge": 1, "shares": 212500, "filerUrl": "", "transactionText": "", "filerName": "Ranchal (Rajni)", "filerRelation": "Promoter", "moneyText": "", "startDate": "2019-07-09", "ownership": "D"}, {"maxAge": 1, "shares": 212500, "filerUrl": "", "transactionText": "", "filerName": "Ranchal (Rajni)", "filerRelation": "Promoter", "moneyText": "", "startDate": "2019-07-09", "ownership": "D"}, {"maxAge": 1, "shares": 212500, "filerUrl": "", "transactionText": "", "filerName": "Ranchal (Savvy)", "filerRelation": "Promoter", "moneyText": "", "startDate": "2019-07-09", "ownership": "D"}, {"maxAge": 1, "shares": 0, "filerUrl": "", "transactionText": "", "filerName": "Ranchal (Savvy)", "filerRelation": "Promoter", "moneyText": "", "startDate": "2019-07-09", "ownership": "I"}, {"maxAge": 1, "shares": 293047, "filerUrl": "", "transactionText": "", "filerName": "Gupta (Saras)", "filerRelation": "Promoter", "moneyText": "", "startDate": "2019-05-06", "ownership": "D"}, {"maxAge": 1, "shares": 313740, "filerUrl": "", "transactionText": "", "filerName": "Mahajan (Aryan)", "filerRelation": "Promoter", "moneyText": "", "startDate": "2019-05-06", "ownership": "D"}, {"maxAge": 1, "shares": 0, "filerUrl": "", "transactionText": "", "filerName": "Ranchal (Rajni)", "filerRelation": "Promoter", "moneyText": "", "startDate": "2018-11-27", "ownership": "I"}, {"maxAge": 1, "shares": 226800, "filerUrl": "", "transactionText": "", "filerName": "Ranchal (Savvy)", "filerRelation": "Promoter", "moneyText": "", "startDate": "2018-11-17", "ownership": "D"}, {"maxAge": 1, "shares": 328860, "filerUrl": "", "transactionText": "", "filerName": "Ranchal (Rajni)", "filerRelation": "Promoter", "moneyText": "", "startDate": "2018-11-17", "ownership": "D"}], "maxAge": 1}, "quoteType": {"exchange": "BSE", "quoteType": "EQUITY", "symbol": "BROOKS.BO", "underlyingSymbol": "BROOKS.BO", "shortName": "BROOKS LABORATORIES LTD.", "longName": "Brooks Laboratories Limited", "firstTradeDateEpochUtc": "2011-09-05 09:15:00", "timeZoneFullName": "Asia/Kolkata", "timeZoneShortName": "IST", "uuid": "fae9eb03-df90-31a0-9017-e0220e689512", "messageBoardId": null, "gmtOffSetMilliseconds": 19800000, "maxAge": 1}, "incomeStatementHistory": {"incomeStatementHistory": [{"maxAge": 1, "endDate": "2020-03-31", "totalRevenue": 696885000, "costOfRevenue": 471424000, "grossProfit": 225461000, "researchDevelopment": {}, "sellingGeneralAdministrative": 140434000, "nonRecurring": {}, "otherOperatingExpenses": 108192000, "totalOperatingExpenses": 786526000, "operatingIncome": -89641000, "totalOtherIncomeExpenseNet": -45496000, "ebit": -89641000, "interestExpense": -32715000, "incomeBeforeTax": -135137000, "incomeTaxExpense": 108623000, "minorityInterest": {}, "netIncomeFromContinuingOps": -243760000, "discontinuedOperations": {}, "extraordinaryItems": {}, "effectOfAccountingCharges": {}, "otherItems": {}, "netIncome": -243760000, "netIncomeApplicableToCommonShares": -243760000}, {"maxAge": 1, "endDate": "2019-03-31", "totalRevenue": 550301000, "costOfRevenue": 394359000, "grossProfit": 155942000, "researchDevelopment": {}, "sellingGeneralAdministrative": 124912000, "nonRecurring": {}, "otherOperatingExpenses": 85883000, "totalOperatingExpenses": 670150000, "operatingIncome": -119849000, "totalOtherIncomeExpenseNet": -29630000, "ebit": -119849000, "interestExpense": -29626000, "incomeBeforeTax": -149479000, "incomeTaxExpense": -1425000, "minorityInterest": {}, "netIncomeFromContinuingOps": -148054000, "discontinuedOperations": {}, "extraordinaryItems": {}, "effectOfAccountingCharges": {}, "otherItems": {}, "netIncome": -148054000, "netIncomeApplicableToCommonShares": -148054000}, {"maxAge": 1, "endDate": "2018-03-31", "totalRevenue": 557115000, "costOfRevenue": 395580000, "grossProfit": 161535000, "researchDevelopment": {}, "sellingGeneralAdministrative": 125789000, "nonRecurring": {}, "otherOperatingExpenses": 124031000, "totalOperatingExpenses": 709851000, "operatingIncome": -152736000, "totalOtherIncomeExpenseNet": -22606000, "ebit": -152736000, "interestExpense": -24043000, "incomeBeforeTax": -175342000, "incomeTaxExpense": -37214000, "minorityInterest": {}, "netIncomeFromContinuingOps": -138128000, "discontinuedOperations": {}, "extraordinaryItems": {}, "effectOfAccountingCharges": {}, "otherItems": {}, "netIncome": -138128000, "netIncomeApplicableToCommonShares": -138128000}, {"maxAge": 1, "endDate": "2017-03-31", "totalRevenue": 575398000, "costOfRevenue": 368840000, "grossProfit": 206558000, "researchDevelopment": {}, "sellingGeneralAdministrative": 87945000, "nonRecurring": {}, "otherOperatingExpenses": 68197000, "totalOperatingExpenses": 541702000, "operatingIncome": 33696000, "totalOtherIncomeExpenseNet": -8867000, "ebit": 33696000, "interestExpense": -8768000, "incomeBeforeTax": 24829000, "incomeTaxExpense": 8160000, "minorityInterest": {}, "netIncomeFromContinuingOps": 16669000, "discontinuedOperations": {}, "extraordinaryItems": {}, "effectOfAccountingCharges": {}, "otherItems": {}, "netIncome": 16669000, "netIncomeApplicableToCommonShares": 16669000}], "maxAge": 86400}, "fundOwnership": {"maxAge": 1, "ownershipList": []}, "summaryDetail": {"maxAge": 1, "priceHint": 2, "previousClose": 80.7, "open": 83.9, "dayLow": 82.75, "dayHigh": 84.7, "regularMarketPreviousClose": 80.7, "regularMarketOpen": 83.9, "regularMarketDayLow": 82.75, "regularMarketDayHigh": 84.7, "volume": 6756, "regularMarketVolume": 6756, "averageVolume": 7462, "averageVolume10days": 12891, "averageDailyVolume10Day": 12891, "bid": 84.7, "ask": 0.0, "bidSize": 0, "askSize": 0, "marketCap": 2092327040, "fiftyTwoWeekLow": 14.05, "fiftyTwoWeekHigh": 84.7, "fiftyDayAverage": 65.012856, "twoHundredDayAverage": 57.536133, "currency": "INR", "fromCurrency": null, "toCurrency": null, "lastMarket": null, "algorithm": null, "tradeable": false}, "sectorTrend": {"maxAge": 1, "symbol": null, "estimates": []}, "incomeStatementHistoryQuarterly": {"incomeStatementHistory": [{"maxAge": 1, "endDate": "2020-06-30", "totalRevenue": 124657000, "costOfRevenue": 76082000, "grossProfit": 48575000, "researchDevelopment": {}, "sellingGeneralAdministrative": 30700000, "nonRecurring": {}, "otherOperatingExpenses": 19224000, "totalOperatingExpenses": 145764000, "operatingIncome": -21107000, "totalOtherIncomeExpenseNet": -7764000, "ebit": -21107000, "interestExpense": -7764000, "incomeBeforeTax": -28871000, "incomeTaxExpense": 0, "minorityInterest": {}, "netIncomeFromContinuingOps": -28871000, "discontinuedOperations": {}, "extraordinaryItems": {}, "effectOfAccountingCharges": {}, "otherItems": {}, "netIncome": -28871000, "netIncomeApplicableToCommonShares": -28871000}, {"maxAge": 1, "endDate": "2020-03-31", "totalRevenue": 188252000, "costOfRevenue": 125582000, "grossProfit": 62670000, "researchDevelopment": {}, "sellingGeneralAdministrative": 41180000, "nonRecurring": {}, "otherOperatingExpenses": 16656000, "totalOperatingExpenses": 201908000, "operatingIncome": -13656000, "totalOtherIncomeExpenseNet": -20658000, "ebit": -13656000, "interestExpense": -7877000, "incomeBeforeTax": -34314000, "incomeTaxExpense": 125269000, "minorityInterest": {}, "netIncomeFromContinuingOps": -159583000, "discontinuedOperations": {}, "extraordinaryItems": {}, "effectOfAccountingCharges": {}, "otherItems": {}, "netIncome": -159583000, "netIncomeApplicableToCommonShares": -159583000}, {"maxAge": 1, "endDate": "2019-12-31", "totalRevenue": 198944000, "costOfRevenue": 137488000, "grossProfit": 61456000, "researchDevelopment": {}, "sellingGeneralAdministrative": 33618000, "nonRecurring": {}, "otherOperatingExpenses": 36685000, "totalOperatingExpenses": 224042000, "operatingIncome": -25098000, "totalOtherIncomeExpenseNet": -8583000, "ebit": -25098000, "interestExpense": -8583000, "incomeBeforeTax": -33681000, "incomeTaxExpense": -5615000, "minorityInterest": {}, "netIncomeFromContinuingOps": -28066000, "discontinuedOperations": {}, "extraordinaryItems": {}, "effectOfAccountingCharges": {}, "otherItems": {}, "netIncome": -28066000, "netIncomeApplicableToCommonShares": -28066000}, {"maxAge": 1, "endDate": "2019-09-30", "totalRevenue": 141470000, "costOfRevenue": 99290000, "grossProfit": 42180000, "researchDevelopment": {}, "sellingGeneralAdministrative": 37496000, "nonRecurring": {}, "otherOperatingExpenses": 26115000, "totalOperatingExpenses": 178938000, "operatingIncome": -37468000, "totalOtherIncomeExpenseNet": -7339000, "ebit": -37468000, "interestExpense": -7973000, "incomeBeforeTax": -44807000, "incomeTaxExpense": -23861000, "minorityInterest": {}, "netIncomeFromContinuingOps": -20946000, "discontinuedOperations": {}, "extraordinaryItems": {}, "effectOfAccountingCharges": {}, "otherItems": {}, "netIncome": -20946000, "netIncomeApplicableToCommonShares": -20946000}], "maxAge": 86400}, "cashflowStatementHistoryQuarterly": {"cashflowStatements": [{"maxAge": 1, "endDate": "2020-06-30", "netIncome": -28871000, "changeToLiabilities": 0}, {"maxAge": 1, "endDate": "2020-03-31", "netIncome": -159583000, "changeToLiabilities": 0}, {"maxAge": 1, "endDate": "2019-12-31", "netIncome": -28066000, "changeToLiabilities": 0}, {"maxAge": 1, "endDate": "2019-09-30", "netIncome": -20946000, "changeToLiabilities": 0}], "maxAge": 86400}, "insiderHolders": {"holders": [{"maxAge": 1, "name": "Gupta (Saras)", "relation": "Promoter", "url": "", "transactionDescription": "Other", "latestTransDate": "2019-07-26", "positionIndirect": 505547, "positionIndirectDate": 1564099200}, {"maxAge": 1, "name": "Mahajan (Aryan)", "relation": "Promoter", "url": "", "transactionDescription": "Other", "latestTransDate": "2019-07-09", "positionDirect": 526240, "positionDirectDate": "2019-07-09"}, {"maxAge": 1, "name": "Ranchal (Rajni)", "relation": "Promoter", "url": "", "transactionDescription": "Other", "latestTransDate": "2019-07-09", "positionDirect": 0, "positionDirectDate": "2019-07-09"}, {"maxAge": 1, "name": "Ranchal (Savvy)", "relation": "Promoter", "url": "", "transactionDescription": "Other", "latestTransDate": "2019-07-09", "positionDirect": 0, "positionDirectDate": "2019-07-09"}], "maxAge": 1}, "earnings": {"maxAge": 86400, "earningsChart": {"quarterly": [], "earningsDate": ["2020-02-15 05:30:S", "2020-02-17 05:30:S"]}, "financialsChart": {"yearly": [{"date": 2017, "revenue": 575398000, "earnings": 16669000}, {"date": 2018, "revenue": 557115000, "earnings": -138128000}, {"date": 2019, "revenue": 550301000, "earnings": -148054000}, {"date": 2020, "revenue": 696885000, "earnings": -243760000}], "quarterly": [{"date": "3Q2019", "revenue": 141470000, "earnings": -20946000}, {"date": "4Q2019", "revenue": 198944000, "earnings": -28066000}, {"date": "1Q2020", "revenue": 188252000, "earnings": -159583000}, {"date": "2Q2020", "revenue": 124657000, "earnings": -28871000}]}, "financialCurrency": "INR"}, "calendarEvents": {"maxAge": 1, "earnings": {"earningsDate": ["2020-02-15 05:30:S", "2020-02-17 05:30:S"]}}, "price": {"maxAge": 1, "regularMarketChangePercent": 0.04956629, "regularMarketChange": 4.0, "regularMarketTime": "2021-04-30 15:26:47", "priceHint": 2, "regularMarketPrice": 84.7, "regularMarketDayHigh": 84.7, "regularMarketDayLow": 82.75, "regularMarketVolume": 6756, "averageDailyVolume10Day": 12891, "averageDailyVolume3Month": 7462, "regularMarketPreviousClose": 80.7, "regularMarketSource": "FREE_REALTIME", "regularMarketOpen": 83.9, "exchange": "BSE", "exchangeName": "BSE", "exchangeDataDelayedBy": 0, "marketState": "CLOSED", "quoteType": "EQUITY", "symbol": "BROOKS.BO", "underlyingSymbol": null, "shortName": "BROOKS LABORATORIES LTD.", "longName": "Brooks Laboratories Limited", "currency": "INR", "quoteSourceName": "Delayed Quote", "currencySymbol": "\u20b9", "fromCurrency": null, "toCurrency": null, "lastMarket": null, "marketCap": 2092327040}, "balanceSheetHistory": {"balanceSheetStatements": [{"maxAge": 1, "endDate": "2020-03-31", "cash": 3960000, "netReceivables": 218723000, "inventory": 137749000, "otherCurrentAssets": 17715000, "totalCurrentAssets": 379179000, "longTermInvestments": 200000, "propertyPlantEquipment": 1128518000, "intangibleAssets": 2803000, "otherAssets": 67939000, "totalAssets": 1578639000, "accountsPayable": 260661000, "shortLongTermDebt": 25248000, "otherCurrentLiab": 20743000, "longTermDebt": 112832000, "otherLiab": 17204000, "totalCurrentLiabilities": 457991000, "totalLiab": 594479000, "commonStock": 247028000, "retainedEarnings": 55268000, "treasuryStock": 1860000, "capitalSurplus": 680004000, "otherStockholderEquity": 1860000, "totalStockholderEquity": 984160000, "netTangibleAssets": 981357000}, {"maxAge": 1, "endDate": "2019-03-31", "cash": 24985000, "netReceivables": 174965000, "inventory": 100534000, "otherCurrentAssets": 15808000, "totalCurrentAssets": 317409000, "longTermInvestments": 200000, "propertyPlantEquipment": 1171718000, "intangibleAssets": 3691000, "otherAssets": 185809000, "deferredLongTermAssetCharges": 109119000, "totalAssets": 1678827000, "accountsPayable": 271392000, "shortLongTermDebt": 24761000, "otherCurrentLiab": 13323000, "longTermDebt": 134071000, "otherLiab": 14753000, "totalCurrentLiabilities": 473927000, "totalLiab": 627319000, "commonStock": 161864000, "retainedEarnings": 299566000, "treasuryStock": 55936000, "capitalSurplus": 534142000, "otherStockholderEquity": 55936000, "totalStockholderEquity": 1051508000, "netTangibleAssets": 1047817000}, {"maxAge": 1, "endDate": "2018-03-31", "cash": 6452000, "netReceivables": 167623000, "inventory": 114091000, "otherCurrentAssets": 17779000, "totalCurrentAssets": 306948000, "longTermInvestments": 200000, "propertyPlantEquipment": 1245320000, "otherAssets": 174205000, "deferredLongTermAssetCharges": 107397000, "totalAssets": 1726673000, "accountsPayable": 266455000, "shortLongTermDebt": 24761000, "otherCurrentLiab": 9186000, "longTermDebt": 158084000, "otherLiab": 10841000, "totalCurrentLiabilities": 404809000, "totalLiab": 581950000, "commonStock": 161864000, "retainedEarnings": 447620000, "treasuryStock": 1098000, "capitalSurplus": 534141000, "otherStockholderEquity": 1098000, "totalStockholderEquity": 1144723000, "netTangibleAssets": 1144723000}, {"maxAge": 1, "endDate": "2017-03-31", "cash": 1397000, "netReceivables": 114675000, "inventory": 76989000, "otherCurrentAssets": 24896000, "totalCurrentAssets": 218666000, "longTermInvestments": 200000, "propertyPlantEquipment": 1253145000, "otherAssets": 169289000, "deferredLongTermAssetCharges": 69919000, "totalAssets": 1641300000, "accountsPayable": 183640000, "shortLongTermDebt": 5625000, "otherCurrentLiab": 16721000, "longTermDebt": 97779000, "otherLiab": 8664000, "totalCurrentLiabilities": 242608000, "totalLiab": 358531000, "commonStock": 161864000, "retainedEarnings": 585748000, "treasuryStock": 1017000, "capitalSurplus": 534140000, "otherStockholderEquity": 1017000, "totalStockholderEquity": 1282769000, "netTangibleAssets": 1282769000}], "maxAge": 86400}, "earningsTrend": {"trend": [{"maxAge": 1, "period": "0q", "endDate": null, "growth": {}, "earningsEstimate": {"avg": 0.0, "low": 0.0, "high": 0.0, "yearAgoEps": {}, "numberOfAnalysts": 0, "growth": {}}, "revenueEstimate": {"avg": 0, "low": 0, "high": 0, "numberOfAnalysts": 0, "yearAgoRevenue": {}, "growth": {}}, "epsTrend": {"current": 0.0, "7daysAgo": 0.0, "30daysAgo": 0.0, "60daysAgo": 0.0, "90daysAgo": 0.0}, "epsRevisions": {"upLast7days": 0, "upLast30days": 0, "downLast30days": 0, "downLast90days": {}}}, {"maxAge": 1, "period": "+1q", "endDate": null, "growth": {}, "earningsEstimate": {"avg": 0.0, "low": 0.0, "high": 0.0, "yearAgoEps": {}, "numberOfAnalysts": 0, "growth": {}}, "revenueEstimate": {"avg": 0, "low": 0, "high": 0, "numberOfAnalysts": 0, "yearAgoRevenue": {}, "growth": {}}, "epsTrend": {"current": 0.0, "7daysAgo": 0.0, "30daysAgo": 0.0, "60daysAgo": 0.0, "90daysAgo": 0.0}, "epsRevisions": {"upLast7days": 0, "upLast30days": 0, "downLast30days": 0, "downLast90days": {}}}, {"maxAge": 1, "period": "0y", "endDate": null, "growth": {}, "earningsEstimate": {"avg": 0.0, "low": 0.0, "high": 0.0, "yearAgoEps": {}, "numberOfAnalysts": 0, "growth": {}}, "revenueEstimate": {"avg": 0, "low": 0, "high": 0, "numberOfAnalysts": 0, "yearAgoRevenue": {}, "growth": {}}, "epsTrend": {"current": 0.0, "7daysAgo": 0.0, "30daysAgo": 0.0, "60daysAgo": 0.0, "90daysAgo": 0.0}, "epsRevisions": {"upLast7days": 0, "upLast30days": 0, "downLast30days": 0, "downLast90days": {}}}, {"maxAge": 1, "period": "+1y", "endDate": null, "growth": {}, "earningsEstimate": {"avg": 0.0, "low": 0.0, "high": 0.0, "yearAgoEps": {}, "numberOfAnalysts": 0, "growth": {}}, "revenueEstimate": {"avg": 0, "low": 0, "high": 0, "numberOfAnalysts": 0, "yearAgoRevenue": {}, "growth": {}}, "epsTrend": {"current": 0.0, "7daysAgo": 0.0, "30daysAgo": 0.0, "60daysAgo": 0.0, "90daysAgo": 0.0}, "epsRevisions": {"upLast7days": 0, "upLast30days": 0, "downLast30days": 0, "downLast90days": {}}}, {"maxAge": 1, "period": "+5y", "endDate": null, "growth": {}, "earningsEstimate": {"avg": {}, "low": {}, "high": {}, "yearAgoEps": {}, "numberOfAnalysts": {}, "growth": {}}, "revenueEstimate": {"avg": {}, "low": {}, "high": {}, "numberOfAnalysts": {}, "yearAgoRevenue": {}, "growth": {}}, "epsTrend": {"current": {}, "7daysAgo": {}, "30daysAgo": {}, "60daysAgo": {}, "90daysAgo": {}}, "epsRevisions": {"upLast7days": {}, "upLast30days": {}, "downLast30days": {}, "downLast90days": {}}}, {"maxAge": 1, "period": "-5y", "endDate": null, "growth": {}, "earningsEstimate": {"avg": {}, "low": {}, "high": {}, "yearAgoEps": {}, "numberOfAnalysts": {}, "growth": {}}, "revenueEstimate": {"avg": {}, "low": {}, "high": {}, "numberOfAnalysts": {}, "yearAgoRevenue": {}, "growth": {}}, "epsTrend": {"current": {}, "7daysAgo": {}, "30daysAgo": {}, "60daysAgo": {}, "90daysAgo": {}}, "epsRevisions": {"upLast7days": {}, "upLast30days": {}, "downLast30days": {}, "downLast90days": {}}}], "maxAge": 1}, "financialData": {"maxAge": 86400, "currentPrice": 84.7, "targetHighPrice": 53.0, "targetLowPrice": 53.0, "targetMeanPrice": 53.0, "targetMedianPrice": 53.0, "recommendationKey": "none", "numberOfAnalystOpinions": 1, "grossProfits": 225461000, "financialCurrency": "INR"}}}