{"BROOKS.NS": {"assetProfile": {"address1": "502, Kanakia Atrium-2", "address2": "Next to Hotel Courtyard Marriott Andheri Kurla Road Andheri (East)", "city": "Mumbai", "zip": "400093", "country": "India", "phone": "91 22 6193 3100", "fax": "91 22 6193 3114", "website": "http://www.brookslabs.net", "industry": "Drug Manufacturers\u2014Specialty & Generic", "sector": "Healthcare", "longBusinessSummary": "Brooks Laboratories Limited manufactures and sells pharmaceuticals on contract basis in India and internationally. The company was founded in 2002 and is based in Mumbai, India.", "fullTimeEmployees": 376, "companyOfficers": [{"maxAge": 1, "name": "Mr. Atul  Ranchal", "age": 53, "title": "Exec. Chairman", "yearBorn": 1967, "fiscalYear": 2020, "totalPay": 140000, "exercisedValue": 0, "unexercisedValue": 0}, {"maxAge": 1, "name": "Mr. Rajesh  Mahajan", "age": 51, "title": "MD & Exec. Director", "yearBorn": 1969, "fiscalYear": 2020, "totalPay": 160000, "exercisedValue": 0, "unexercisedValue": 0}, {"maxAge": 1, "name": "Mr. Suresh  Garg", "age": 43, "title": "Technical Director & Whole Time Director", "yearBorn": 1977, "fiscalYear": 2020, "totalPay": 100000, "exercisedValue": 0, "unexercisedValue": 0}, {"maxAge": 1, "name": "Ms. Jyoti  Sancheti", "title": "Compliance Officer & Company Sec.", "fiscalYear": 2020, "totalPay": 672000, "exercisedValue": 0, "unexercisedValue": 0}, {"maxAge": 1, "name": "Mr. Prashant  Rathi", "age": 29, "title": "Chief Financial Officer", "yearBorn": 1991, "exercisedValue": 0, "unexercisedValue": 0}, {"maxAge": 1, "name": "Mrs. Saras  Gupta", "age": 46, "title": "Gen. Mang. of Marketing", "yearBorn": 1974, "exercisedValue": 0, "unexercisedValue": 0}, {"maxAge": 1, "name": "Mrs. Rajni  Ranchal", "age": 51, "title": "Gen. Mang. of Production", "yearBorn": 1969, "exercisedValue": 0, "unexercisedValue": 0}], "compensationAsOfEpochDate": "2020-12-31 05:30:00", "maxAge": 86400}, "recommendationTrend": {"trend": [{"period": "0m", "strongBuy": 0, "buy": 0, "hold": 0, "sell": 0, "strongSell": 0}, {"period": "-1m", "strongBuy": 0, "buy": 0, "hold": 0, "sell": 0, "strongSell": 0}, {"period": "-2m", "strongBuy": 0, "buy": 0, "hold": 0, "sell": 0, "strongSell": 0}, {"period": "-3m", "strongBuy": 0, "buy": 0, "hold": 0, "sell": 0, "strongSell": 0}], "maxAge": 86400}, "cashflowStatementHistory": {"cashflowStatements": [{"maxAge": 1, "endDate": "2020-03-31", "netIncome": -243760000, "depreciation": 66270000, "changeToNetincome": 159566000, "changeToAccountReceivables": -44776000, "changeToLiabilities": -10731000, "changeToInventory": -37215000, "changeToOperatingActivities": 16553000, "totalCashFromOperatingActivities": -93887000, "capitalExpenditures": -25837000, "otherCashflowsFromInvestingActivities": -1722000, "totalCashflowsFromInvestingActivities": -23259000, "netBorrowings": -45455000, "otherCashflowsFromFinancingActivities": 141577000, "totalCashFromFinancingActivities": 96122000, "changeInCash": -21025000}, {"maxAge": 1, "endDate": "2019-03-31", "netIncome": -148054000, "depreciation": 64796000, "changeToNetincome": 20359000, "changeToAccountReceivables": -18596000, "changeToLiabilities": 4983000, "changeToInventory": 13560000, "changeToOperatingActivities": 12302000, "totalCashFromOperatingActivities": -50450000, "capitalExpenditures": -8672000, "otherCashflowsFromInvestingActivities": 4524000, "totalCashflowsFromInvestingActivities": 11152000, "netBorrowings": 32811000, "otherCashflowsFromFinancingActivities": 25020000, "totalCashFromFinancingActivities": 57831000, "changeInCash": 18533000}, {"maxAge": 1, "endDate": "2018-03-31", "netIncome": -138128000, "depreciation": 64451000, "changeToNetincome": -11213000, "changeToAccountReceivables": -6653000, "changeToLiabilities": 81314000, "changeToInventory": -37103000, "changeToOperatingActivities": -14484000, "totalCashFromOperatingActivities": -61816000, "capitalExpenditures": -57325000, "otherCashflowsFromInvestingActivities": 5108000, "totalCashflowsFromInvestingActivities": -51352000, "netBorrowings": 143896000, "otherCashflowsFromFinancingActivities": -25673000, "totalCashFromFinancingActivities": 118223000, "changeInCash": 5055000}, {"maxAge": 1, "endDate": "2017-03-31", "netIncome": 16669000, "depreciation": 16720000, "changeToNetincome": 6735000, "changeToAccountReceivables": 74233000, "changeToLiabilities": 26480000, "changeToInventory": -10099000, "changeToOperatingActivities": -35091000, "totalCashFromOperatingActivities": 95647000, "capitalExpenditures": -176254000, "otherCashflowsFromInvestingActivities": 2700000, "totalCashflowsFromInvestingActivities": -168041000, "netBorrowings": 80194000, "otherCashflowsFromFinancingActivities": -10093000, "totalCashFromFinancingActivities": 70101000, "changeInCash": -2293000}], "maxAge": 86400}, "indexTrend": {"maxAge": 1, "symbol": "SP5", "peRatio": 19.7411, "pegRatio": 1.34172, "estimates": [{"period": "0q", "growth": 0.549}, {"period": "+1q", "growth": 0.431}, {"period": "0y", "growth": 0.305}, {"period": "+1y", "growth": 0.109}, {"period": "+5y", "growth": 0.120865}, {"period": "-5y"}]}, "defaultKeyStatistics": {"maxAge": 1, "priceHint": 2, "enterpriseValue": 2255788800, "profitMargins": -0.2214, "floatShares": 5869554, "sharesOutstanding": 24702800, "heldPercentInsiders": 0.69383, "heldPercentInstitutions": 0.0, "beta": 1.578803, "category": null, "bookValue": 39.648, "priceToBook": 2.1451273, "fundFamily": null, "legalType": null, "lastFiscalYearEnd": "2020-03-31 05:30:00", "nextFiscalYearEnd": "2022-03-31 05:30:00", "mostRecentQuarter": "2020-12-31 05:30:00", "netIncomeToCommon": -180348992, "trailingEps": -7.658, "forwardEps": 5.81, "lastSplitFactor": null, "enterpriseToRevenue": 2.769, "enterpriseToEbitda": 48.297, "52WeekChange": 1.304878, "SandP52WeekChange": 0.48148263}, "industryTrend": {"maxAge": 1, "symbol": null, "estimates": []}, "quoteType": {"exchange": "NSI", "quoteType": "EQUITY", "symbol": "BROOKS.NS", "underlyingSymbol": "BROOKS.NS", "shortName": "BROOKS LAB LTD", "longName": "Brooks Laboratories Limited", "firstTradeDateEpochUtc": "2011-09-05 09:15:00", "timeZoneFullName": "Asia/Kolkata", "timeZoneShortName": "IST", "uuid": "e1cc63f3-071a-398a-afba-f4ead47110ce", "messageBoardId": "finmb_116243982", "gmtOffSetMilliseconds": 19800000, "maxAge": 1}, "incomeStatementHistory": {"incomeStatementHistory": [{"maxAge": 1, "endDate": "2020-03-31", "totalRevenue": 696885000, "costOfRevenue": 471424000, "grossProfit": 225461000, "researchDevelopment": {}, "sellingGeneralAdministrative": 140434000, "nonRecurring": {}, "otherOperatingExpenses": 108192000, "totalOperatingExpenses": 786526000, "operatingIncome": -89641000, "totalOtherIncomeExpenseNet": -45496000, "ebit": -89641000, "interestExpense": -32715000, "incomeBeforeTax": -135137000, "incomeTaxExpense": 108623000, "minorityInterest": {}, "netIncomeFromContinuingOps": -243760000, "discontinuedOperations": {}, "extraordinaryItems": {}, "effectOfAccountingCharges": {}, "otherItems": {}, "netIncome": -243760000, "netIncomeApplicableToCommonShares": -243760000}, {"maxAge": 1, "endDate": "2019-03-31", "totalRevenue": 550301000, "costOfRevenue": 394359000, "grossProfit": 155942000, "researchDevelopment": {}, "sellingGeneralAdministrative": 124912000, "nonRecurring": {}, "otherOperatingExpenses": 85883000, "totalOperatingExpenses": 670150000, "operatingIncome": -119849000, "totalOtherIncomeExpenseNet": -29630000, "ebit": -119849000, "interestExpense": -29626000, "incomeBeforeTax": -149479000, "incomeTaxExpense": -1425000, "minorityInterest": {}, "netIncomeFromContinuingOps": -148054000, "discontinuedOperations": {}, "extraordinaryItems": {}, "effectOfAccountingCharges": {}, "otherItems": {}, "netIncome": -148054000, "netIncomeApplicableToCommonShares": -148054000}, {"maxAge": 1, "endDate": "2018-03-31", "totalRevenue": 557115000, "costOfRevenue": 395580000, "grossProfit": 161535000, "researchDevelopment": {}, "sellingGeneralAdministrative": 125789000, "nonRecurring": {}, "otherOperatingExpenses": 124031000, "totalOperatingExpenses": 709851000, "operatingIncome": -152736000, "totalOtherIncomeExpenseNet": -22606000, "ebit": -152736000, "interestExpense": -24043000, "incomeBeforeTax": -175342000, "incomeTaxExpense": -37214000, "minorityInterest": {}, "netIncomeFromContinuingOps": -138128000, "discontinuedOperations": {}, "extraordinaryItems": {}, "effectOfAccountingCharges": {}, "otherItems": {}, "netIncome": -138128000, "netIncomeApplicableToCommonShares": -138128000}, {"maxAge": 1, "endDate": "2017-03-31", "totalRevenue": 575398000, "costOfRevenue": 368840000, "grossProfit": 206558000, "researchDevelopment": {}, "sellingGeneralAdministrative": 87945000, "nonRecurring": {}, "otherOperatingExpenses": 68197000, "totalOperatingExpenses": 541702000, "operatingIncome": 33696000, "totalOtherIncomeExpenseNet": -8867000, "ebit": 33696000, "interestExpense": -8768000, "incomeBeforeTax": 24829000, "incomeTaxExpense": 8160000, "minorityInterest": {}, "netIncomeFromContinuingOps": 16669000, "discontinuedOperations": {}, "extraordinaryItems": {}, "effectOfAccountingCharges": {}, "otherItems": {}, "netIncome": 16669000, "netIncomeApplicableToCommonShares": 16669000}], "maxAge": 86400}, "fundOwnership": {"maxAge": 1, "ownershipList": []}, "summaryDetail": {"maxAge": 1, "priceHint": 2, "previousClose": 81.0, "open": 78.65, "dayLow": 78.65, "dayHigh": 85.05, "regularMarketPreviousClose": 81.0, "regularMarketOpen": 78.65, "regularMarketDayLow": 78.65, "regularMarketDayHigh": 85.05, "payoutRatio": 0.0, "beta": 1.578803, "forwardPE": 14.638555, "volume": 62358, "regularMarketVolume": 62358, "averageVolume": 58312, "averageVolume10days": 93319, "averageDailyVolume10Day": 93319, "bid": 0.0, "ask": 0.0, "bidSize": 0, "askSize": 0, "marketCap": 2093191168, "fiftyTwoWeekLow": 25.75, "fiftyTwoWeekHigh": 89.9, "priceToSalesTrailing12Months": 2.5696886, "fiftyDayAverage": 66.20303, "twoHundredDayAverage": 63.17305, "currency": "INR", "fromCurrency": null, "toCurrency": null, "lastMarket": null, "algorithm": null, "tradeable": false}, "insiderHolders": {"holders": [{"maxAge": 1, "name": "Gupta (Saras)", "relation": "Promoter", "url": "", "transactionDescription": "Other", "latestTransDate": "2019-07-26", "positionIndirect": 505547, "positionIndirectDate": 1564099200}, {"maxAge": 1, "name": "Mahajan (Aryan)", "relation": "Promoter", "url": "", "transactionDescription": "Gift", "latestTransDate": "2021-02-16", "positionDirect": 1135520, "positionDirectDate": "2021-02-16"}, {"maxAge": 1, "name": "Mahajan (Erwin)", "relation": "Promoter", "url": "", "transactionDescription": "Gift", "latestTransDate": "2021-02-16", "positionDirect": 1135520, "positionDirectDate": "2021-02-16"}, {"maxAge": 1, "name": "Mahajan (Manmohan Lal)", "relation": "Promoter", "url": "", "transactionDescription": "Gift", "latestTransDate": "2021-02-16", "positionDirect": 0, "positionDirectDate": "2021-02-16"}, {"maxAge": 1, "name": "Ranchal (Rajni)", "relation": "Promoter", "url": "", "transactionDescription": "Other", "latestTransDate": "2019-07-09", "positionDirect": 541360, "positionDirectDate": "2019-07-09"}, {"maxAge": 1, "name": "Ranchal (Savvy)", "relation": "Promoter", "url": "", "transactionDescription": "Other", "latestTransDate": "2019-07-09", "positionIndirect": 439300, "positionIndirectDate": 1562630400}], "maxAge": 1}, "calendarEvents": {"maxAge": 1, "earnings": {"earningsDate": []}}, "price": {"maxAge": 1, "regularMarketChangePercent": 0.050000038, "regularMarketChange": 4.050003, "regularMarketTime": "2021-04-30 15:29:27", "priceHint": 2, "regularMarketPrice": 85.05, "regularMarketDayHigh": 85.05, "regularMarketDayLow": 78.65, "regularMarketVolume": 62358, "averageDailyVolume10Day": 93319, "averageDailyVolume3Month": 58312, "regularMarketPreviousClose": 81.0, "regularMarketSource": "FREE_REALTIME", "regularMarketOpen": 78.65, "exchange": "NSI", "exchangeName": "NSE", "exchangeDataDelayedBy": 15, "marketState": "CLOSED", "quoteType": "EQUITY", "symbol": "BROOKS.NS", "underlyingSymbol": null, "shortName": "BROOKS LAB LTD", "longName": "Brooks Laboratories Limited", "currency": "INR", "quoteSourceName": "Delayed Quote", "currencySymbol": "\u20b9", "fromCurrency": null, "toCurrency": null, "lastMarket": null, "marketCap": 2093191168}, "balanceSheetHistory": {"balanceSheetStatements": [{"maxAge": 1, "endDate": "2020-03-31", "cash": 3960000, "netReceivables": 218723000, "inventory": 137749000, "otherCurrentAssets": 17715000, "totalCurrentAssets": 379179000, "longTermInvestments": 200000, "propertyPlantEquipment": 1128518000, "intangibleAssets": 2803000, "otherAssets": 67939000, "totalAssets": 1578639000, "accountsPayable": 260661000, "shortLongTermDebt": 25248000, "otherCurrentLiab": 20743000, "longTermDebt": 112832000, "otherLiab": 17204000, "totalCurrentLiabilities": 457991000, "totalLiab": 594479000, "commonStock": 247028000, "retainedEarnings": 55268000, "treasuryStock": 1860000, "capitalSurplus": 680004000, "otherStockholderEquity": 1860000, "totalStockholderEquity": 984160000, "netTangibleAssets": 981357000}, {"maxAge": 1, "endDate": "2019-03-31", "cash": 24985000, "netReceivables": 174965000, "inventory": 100534000, "otherCurrentAssets": 15808000, "totalCurrentAssets": 317409000, "longTermInvestments": 200000, "propertyPlantEquipment": 1171718000, "intangibleAssets": 3691000, "otherAssets": 185809000, "deferredLongTermAssetCharges": 109119000, "totalAssets": 1678827000, "accountsPayable": 271392000, "shortLongTermDebt": 24761000, "otherCurrentLiab": 13323000, "longTermDebt": 134071000, "otherLiab": 14753000, "totalCurrentLiabilities": 473927000, "totalLiab": 627319000, "commonStock": 161864000, "retainedEarnings": 299566000, "treasuryStock": 55936000, "capitalSurplus": 534142000, "otherStockholderEquity": 55936000, "totalStockholderEquity": 1051508000, "netTangibleAssets": 1047817000}, {"maxAge": 1, "endDate": "2018-03-31", "cash": 6452000, "netReceivables": 167623000, "inventory": 114091000, "otherCurrentAssets": 17779000, "totalCurrentAssets": 306948000, "longTermInvestments": 200000, "propertyPlantEquipment": 1245320000, "otherAssets": 174205000, "deferredLongTermAssetCharges": 107397000, "totalAssets": 1726673000, "accountsPayable": 266455000, "shortLongTermDebt": 24761000, "otherCurrentLiab": 9186000, "longTermDebt": 158084000, "otherLiab": 10841000, "totalCurrentLiabilities": 404809000, "totalLiab": 581950000, "commonStock": 161864000, "retainedEarnings": 447620000, "treasuryStock": 1098000, "capitalSurplus": 534141000, "otherStockholderEquity": 1098000, "totalStockholderEquity": 1144723000, "netTangibleAssets": 1144723000}, {"maxAge": 1, "endDate": "2017-03-31", "cash": 1397000, "netReceivables": 114675000, "inventory": 76989000, "otherCurrentAssets": 24896000, "totalCurrentAssets": 218666000, "longTermInvestments": 200000, "propertyPlantEquipment": 1253145000, "otherAssets": 169289000, "deferredLongTermAssetCharges": 69919000, "totalAssets": 1641300000, "accountsPayable": 183640000, "shortLongTermDebt": 5625000, "otherCurrentLiab": 16721000, "longTermDebt": 97779000, "otherLiab": 8664000, "totalCurrentLiabilities": 242608000, "totalLiab": 358531000, "commonStock": 161864000, "retainedEarnings": 585748000, "treasuryStock": 1017000, "capitalSurplus": 534140000, "otherStockholderEquity": 1017000, "totalStockholderEquity": 1282769000, "netTangibleAssets": 1282769000}], "maxAge": 86400}, "earningsTrend": {"trend": [{"maxAge": 1, "period": "0q", "endDate": null, "growth": {}, "earningsEstimate": {"avg": 0.0, "low": 0.0, "high": 0.0, "yearAgoEps": {}, "numberOfAnalysts": 0, "growth": {}}, "revenueEstimate": {"avg": 0, "low": 0, "high": 0, "numberOfAnalysts": 0, "yearAgoRevenue": {}, "growth": {}}, "epsTrend": {"current": 0.0, "7daysAgo": 0.0, "30daysAgo": 0.0, "60daysAgo": 0.0, "90daysAgo": 0.0}, "epsRevisions": {"upLast7days": 0, "upLast30days": 0, "downLast30days": 0, "downLast90days": {}}}, {"maxAge": 1, "period": "+1q", "endDate": null, "growth": {}, "earningsEstimate": {"avg": 0.0, "low": 0.0, "high": 0.0, "yearAgoEps": {}, "numberOfAnalysts": 0, "growth": {}}, "revenueEstimate": {"avg": 0, "low": 0, "high": 0, "numberOfAnalysts": 0, "yearAgoRevenue": {}, "growth": {}}, "epsTrend": {"current": 0.0, "7daysAgo": 0.0, "30daysAgo": 0.0, "60daysAgo": 0.0, "90daysAgo": 0.0}, "epsRevisions": {"upLast7days": 0, "upLast30days": 0, "downLast30days": 0, "downLast90days": {}}}, {"maxAge": 1, "period": "0y", "endDate": null, "growth": {}, "earningsEstimate": {"avg": 0.0, "low": 0.0, "high": 0.0, "yearAgoEps": {}, "numberOfAnalysts": 0, "growth": {}}, "revenueEstimate": {"avg": 0, "low": 0, "high": 0, "numberOfAnalysts": 0, "yearAgoRevenue": {}, "growth": {}}, "epsTrend": {"current": 0.0, "7daysAgo": 0.0, "30daysAgo": 0.0, "60daysAgo": 0.0, "90daysAgo": 0.0}, "epsRevisions": {"upLast7days": 0, "upLast30days": 0, "downLast30days": 0, "downLast90days": {}}}, {"maxAge": 1, "period": "+1y", "endDate": null, "growth": {}, "earningsEstimate": {"avg": 0.0, "low": 0.0, "high": 0.0, "yearAgoEps": {}, "numberOfAnalysts": 0, "growth": {}}, "revenueEstimate": {"avg": 0, "low": 0, "high": 0, "numberOfAnalysts": 0, "yearAgoRevenue": {}, "growth": {}}, "epsTrend": {"current": 0.0, "7daysAgo": 0.0, "30daysAgo": 0.0, "60daysAgo": 0.0, "90daysAgo": 0.0}, "epsRevisions": {"upLast7days": 0, "upLast30days": 0, "downLast30days": 0, "downLast90days": {}}}, {"maxAge": 1, "period": "+5y", "endDate": null, "growth": {}, "earningsEstimate": {"avg": {}, "low": {}, "high": {}, "yearAgoEps": {}, "numberOfAnalysts": {}, "growth": {}}, "revenueEstimate": {"avg": {}, "low": {}, "high": {}, "numberOfAnalysts": {}, "yearAgoRevenue": {}, "growth": {}}, "epsTrend": {"current": {}, "7daysAgo": {}, "30daysAgo": {}, "60daysAgo": {}, "90daysAgo": {}}, "epsRevisions": {"upLast7days": {}, "upLast30days": {}, "downLast30days": {}, "downLast90days": {}}}, {"maxAge": 1, "period": "-5y", "endDate": null, "growth": {}, "earningsEstimate": {"avg": {}, "low": {}, "high": {}, "yearAgoEps": {}, "numberOfAnalysts": {}, "growth": {}}, "revenueEstimate": {"avg": {}, "low": {}, "high": {}, "numberOfAnalysts": {}, "yearAgoRevenue": {}, "growth": {}}, "epsTrend": {"current": {}, "7daysAgo": {}, "30daysAgo": {}, "60daysAgo": {}, "90daysAgo": {}}, "epsRevisions": {"upLast7days": {}, "upLast30days": {}, "downLast30days": {}, "downLast90days": {}}}], "maxAge": 1}, "institutionOwnership": {"maxAge": 1, "ownershipList": []}, "majorHoldersBreakdown": {"maxAge": 1, "insidersPercentHeld": 0.69383, "institutionsPercentHeld": 0.0, "institutionsFloatPercentHeld": 0.0, "institutionsCount": 0}, "balanceSheetHistoryQuarterly": {"balanceSheetStatements": [{"maxAge": 1, "endDate": "2020-12-31", "totalStockholderEquity": 988403000, "netTangibleAssets": 981150000}, {"maxAge": 1, "endDate": "2020-09-30", "cash": 13729000, "netReceivables": 191004000, "inventory": 296105000, "otherCurrentAssets": 84035000, "totalCurrentAssets": 584873000, "longTermInvestments": 16367000, "propertyPlantEquipment": 1093426000, "intangibleAssets": 7253000, "otherAssets": 51665000, "totalAssets": 1753584000, "accountsPayable": 314476000, "otherCurrentLiab": 163892000, "longTermDebt": 110684000, "otherLiab": 20698000, "totalCurrentLiabilities": 629865000, "totalLiab": 765181000, "commonStock": 247028000, "treasuryStock": 741375000, "otherStockholderEquity": 741375000, "totalStockholderEquity": 988403000, "netTangibleAssets": 981150000}, {"maxAge": 1, "endDate": "2020-06-30", "totalStockholderEquity": 984160000, "netTangibleAssets": 981357000}, {"maxAge": 1, "endDate": "2020-03-31", "cash": 3960000, "netReceivables": 218723000, "inventory": 137749000, "otherCurrentAssets": 17715000, "totalCurrentAssets": 379179000, "longTermInvestments": 200000, "propertyPlantEquipment": 1128518000, "intangibleAssets": 2803000, "otherAssets": 67939000, "totalAssets": 1578639000, "accountsPayable": 260661000, "shortLongTermDebt": 25248000, "otherCurrentLiab": 20743000, "longTermDebt": 112832000, "otherLiab": 17204000, "totalCurrentLiabilities": 457991000, "totalLiab": 594479000, "commonStock": 247028000, "retainedEarnings": 55268000, "treasuryStock": 1860000, "capitalSurplus": 680004000, "otherStockholderEquity": 1860000, "totalStockholderEquity": 984160000, "netTangibleAssets": 981357000}], "maxAge": 86400}, "earningsHistory": {"history": [{"maxAge": 1, "epsActual": {}, "epsEstimate": {}, "epsDifference": {}, "surprisePercent": {}, "quarter": {}, "period": "-4q"}, {"maxAge": 1, "epsActual": {}, "epsEstimate": {}, "epsDifference": {}, "surprisePercent": {}, "quarter": {}, "period": "-3q"}, {"maxAge": 1, "epsActual": {}, "epsEstimate": {}, "epsDifference": {}, "surprisePercent": {}, "quarter": {}, "period": "-2q"}, {"maxAge": 1, "epsActual": {}, "epsEstimate": {}, "epsDifference": {}, "surprisePercent": {}, "quarter": {}, "period": "-1q"}], "maxAge": 86400}, "summaryProfile": {"address1": "502, Kanakia Atrium-2", "address2": "Next to Hotel Courtyard Marriott Andheri Kurla Road Andheri (East)", "city": "Mumbai", "zip": "400093", "country": "India", "phone": "91 22 6193 3100", "fax": "91 22 6193 3114", "website": "http://www.brookslabs.net", "industry": "Drug Manufacturers\u2014Specialty & Generic", "sector": "Healthcare", "longBusinessSummary": "Brooks Laboratories Limited manufactures and sells pharmaceuticals on contract basis in India and internationally. The company was founded in 2002 and is based in Mumbai, India.", "fullTimeEmployees": 376, "companyOfficers": [], "maxAge": 86400}, "netSharePurchaseActivity": {"maxAge": 1, "period": "6m", "buyInfoCount": 0, "buyInfoShares": 0, "sellInfoCount": 0, "netInfoCount": 0, "netInfoShares": 0, "netPercentInsiderShares": 0.0, "totalInsiderShares": 17211026}, "insiderTransactions": {"transactions": [{"maxAge": 1, "shares": 309280, "filerUrl": "", "transactionText": "Gift at price 0.00 per share.", "filerName": "Mahajan (Aryan)", "filerRelation": "Promoter", "moneyText": "", "startDate": "2021-02-16", "ownership": "D"}, {"maxAge": 1, "shares": 513120, "filerUrl": "", "transactionText": "Gift at price 0.00 per share.", "filerName": "Mahajan (Erwin)", "filerRelation": "Promoter", "moneyText": "", "startDate": "2021-02-16", "ownership": "D"}, {"maxAge": 1, "shares": 822400, "filerUrl": "", "transactionText": "Gift at price 0.00 per share.", "filerName": "Mahajan (Manmohan Lal)", "filerRelation": "Promoter", "moneyText": "", "startDate": "2021-02-16", "ownership": "D"}, {"maxAge": 1, "shares": 0, "filerUrl": "", "transactionText": "", "filerName": "Gupta (Saras)", "filerRelation": "Promoter", "moneyText": "", "startDate": "2019-07-26", "ownership": "I"}, {"maxAge": 1, "shares": 212500, "filerUrl": "", "transactionText": "", "filerName": "Gupta (Saras)", "filerRelation": "Promoter", "moneyText": "", "startDate": "2019-07-26", "ownership": "D"}, {"maxAge": 1, "shares": 0, "filerUrl": "", "transactionText": "", "filerName": "Gupta (Saras)", "filerRelation": "Promoter", "moneyText": "", "startDate": "2019-07-22", "ownership": "I"}, {"maxAge": 1, "shares": 212500, "filerUrl": "", "transactionText": "", "filerName": "Mahajan (Aryan)", "filerRelation": "Promoter", "moneyText": "", "startDate": "2019-07-09", "ownership": "D"}, {"maxAge": 1, "shares": 0, "filerUrl": "", "transactionText": "", "filerName": "Ranchal (Savvy)", "filerRelation": "Promoter", "moneyText": "", "startDate": "2019-07-09", "ownership": "I"}, {"maxAge": 1, "shares": 212500, "filerUrl": "", "transactionText": "", "filerName": "Ranchal (Savvy)", "filerRelation": "Promoter", "moneyText": "", "startDate": "2019-07-09", "ownership": "D"}, {"maxAge": 1, "shares": 212500, "filerUrl": "", "transactionText": "", "filerName": "Mahajan (Aryan)", "filerRelation": "Promoter", "moneyText": "", "startDate": "2019-07-09", "ownership": "D"}, {"maxAge": 1, "shares": 212500, "filerUrl": "", "transactionText": "", "filerName": "Ranchal (Rajni)", "filerRelation": "Promoter", "moneyText": "", "startDate": "2019-07-09", "ownership": "D"}, {"maxAge": 1, "shares": 212500, "filerUrl": "", "transactionText": "", "filerName": "Ranchal (Rajni)", "filerRelation": "Promoter", "moneyText": "", "startDate": "2019-07-09", "ownership": "D"}, {"maxAge": 1, "shares": 293047, "filerUrl": "", "transactionText": "", "filerName": "Gupta (Saras)", "filerRelation": "Promoter", "moneyText": "", "startDate": "2019-05-06", "ownership": "D"}, {"maxAge": 1, "shares": 313740, "filerUrl": "", "transactionText": "", "filerName": "Mahajan (Aryan)", "filerRelation": "Promoter", "moneyText": "", "startDate": "2019-05-06", "ownership": "D"}, {"maxAge": 1, "shares": 0, "filerUrl": "", "transactionText": "", "filerName": "Ranchal (Rajni)", "filerRelation": "Promoter", "moneyText": "", "startDate": "2018-11-27", "ownership": "I"}, {"maxAge": 1, "shares": 226800, "filerUrl": "", "transactionText": "", "filerName": "Ranchal (Savvy)", "filerRelation": "Promoter", "moneyText": "", "startDate": "2018-11-17", "ownership": "D"}, {"maxAge": 1, "shares": 328860, "filerUrl": "", "transactionText": "", "filerName": "Ranchal (Rajni)", "filerRelation": "Promoter", "moneyText": "", "startDate": "2018-11-17", "ownership": "D"}, {"maxAge": 1, "shares": 212500, "filerUrl": "", "transactionText": "", "filerName": "Mahajan (Aryan)", "filerRelation": "Promoter", "moneyText": "", "startDate": "2018-09-14", "ownership": "D"}, {"maxAge": 1, "shares": 212500, "filerUrl": "", "transactionText": "", "filerName": "Ranchal (Savvy)", "filerRelation": "Promoter", "moneyText": "", "startDate": "2018-09-06", "ownership": "D"}, {"maxAge": 1, "shares": 212500, "filerUrl": "", "transactionText": "", "filerName": "Ranchal (Rajni)", "filerRelation": "Promoter", "moneyText": "", "startDate": "2018-09-06", "ownership": "D"}, {"maxAge": 1, "shares": 212500, "filerUrl": "", "transactionText": "", "filerName": "Gupta (Saras)", "filerRelation": "Promoter", "moneyText": "", "startDate": "2018-09-06", "ownership": "D"}], "maxAge": 1}, "sectorTrend": {"maxAge": 1, "symbol": null, "estimates": []}, "incomeStatementHistoryQuarterly": {"incomeStatementHistory": [{"maxAge": 1, "endDate": "2020-12-31", "totalRevenue": 209220000, "costOfRevenue": 143502000, "grossProfit": 65718000, "researchDevelopment": {}, "sellingGeneralAdministrative": 36829000, "nonRecurring": {}, "otherOperatingExpenses": 35074000, "totalOperatingExpenses": 232637000, "operatingIncome": -23417000, "totalOtherIncomeExpenseNet": -2133000, "ebit": -23417000, "interestExpense": -7758000, "incomeBeforeTax": -25550000, "incomeTaxExpense": 0, "minorityInterest": {}, "netIncomeFromContinuingOps": -25550000, "discontinuedOperations": {}, "extraordinaryItems": {}, "effectOfAccountingCharges": {}, "otherItems": {}, "netIncome": -25550000, "netIncomeApplicableToCommonShares": -25550000}, {"maxAge": 1, "endDate": "2020-09-30", "totalRevenue": 292441000, "costOfRevenue": 168072000, "grossProfit": 124369000, "researchDevelopment": {}, "sellingGeneralAdministrative": 36268000, "nonRecurring": {}, "otherOperatingExpenses": 29335000, "totalOperatingExpenses": 250758000, "operatingIncome": 41683000, "totalOtherIncomeExpenseNet": -8028000, "ebit": 41683000, "interestExpense": -8028000, "incomeBeforeTax": 33655000, "incomeTaxExpense": 0, "minorityInterest": {}, "netIncomeFromContinuingOps": 33655000, "discontinuedOperations": {}, "extraordinaryItems": {}, "effectOfAccountingCharges": {}, "otherItems": {}, "netIncome": 33655000, "netIncomeApplicableToCommonShares": 33655000}, {"maxAge": 1, "endDate": "2020-06-30", "totalRevenue": 124657000, "costOfRevenue": 76082000, "grossProfit": 48575000, "researchDevelopment": {}, "sellingGeneralAdministrative": 30700000, "nonRecurring": {}, "otherOperatingExpenses": 19224000, "totalOperatingExpenses": 145764000, "operatingIncome": -21107000, "totalOtherIncomeExpenseNet": -7764000, "ebit": -21107000, "interestExpense": -7764000, "incomeBeforeTax": -28871000, "incomeTaxExpense": 0, "minorityInterest": {}, "netIncomeFromContinuingOps": -28871000, "discontinuedOperations": {}, "extraordinaryItems": {}, "effectOfAccountingCharges": {}, "otherItems": {}, "netIncome": -28871000, "netIncomeApplicableToCommonShares": -28871000}, {"maxAge": 1, "endDate": "2020-03-31", "totalRevenue": 188252000, "costOfRevenue": 125582000, "grossProfit": 62670000, "researchDevelopment": {}, "sellingGeneralAdministrative": 41180000, "nonRecurring": {}, "otherOperatingExpenses": 16656000, "totalOperatingExpenses": 201908000, "operatingIncome": -13656000, "totalOtherIncomeExpenseNet": -20658000, "ebit": -13656000, "interestExpense": -7877000, "incomeBeforeTax": -34314000, "incomeTaxExpense": 125269000, "minorityInterest": {}, "netIncomeFromContinuingOps": -159583000, "discontinuedOperations": {}, "extraordinaryItems": {}, "effectOfAccountingCharges": {}, "otherItems": {}, "netIncome": -159583000, "netIncomeApplicableToCommonShares": -159583000}], "maxAge": 86400}, "cashflowStatementHistoryQuarterly": {"cashflowStatements": [{"maxAge": 1, "endDate": "2020-12-31", "netIncome": -25550000, "changeToLiabilities": 0}, {"maxAge": 1, "endDate": "2020-09-30", "netIncome": 33655000, "changeToLiabilities": 0}, {"maxAge": 1, "endDate": "2020-06-30", "netIncome": -28871000, "changeToLiabilities": 0}, {"maxAge": 1, "endDate": "2020-03-31", "netIncome": -159583000, "changeToLiabilities": 0}], "maxAge": 86400}, "earnings": {"maxAge": 86400, "earningsChart": {"quarterly": [], "earningsDate": []}, "financialsChart": {"yearly": [{"date": 2017, "revenue": 575398000, "earnings": 16669000}, {"date": 2018, "revenue": 557115000, "earnings": -138128000}, {"date": 2019, "revenue": 550301000, "earnings": -148054000}, {"date": 2020, "revenue": 696885000, "earnings": -243760000}], "quarterly": [{"date": "1Q2020", "revenue": 188252000, "earnings": -159583000}, {"date": "2Q2020", "revenue": 124657000, "earnings": -28871000}, {"date": "3Q2020", "revenue": 292441000, "earnings": 33655000}, {"date": "4Q2020", "revenue": 209220000, "earnings": -25550000}]}, "financialCurrency": "INR"}, "financialData": {"maxAge": 86400, "currentPrice": 85.05, "targetHighPrice": 53.0, "targetLowPrice": 53.0, "targetMeanPrice": 53.0, "targetMedianPrice": 53.0, "recommendationKey": "none", "numberOfAnalystOpinions": 1, "totalCash": 13729000, "totalCashPerShare": 0.553, "ebitda": 46706500, "totalDebt": 260246000, "totalRevenue": 814569984, "debtToEquity": 26.33, "revenuePerShare": 34.588, "grossProfits": 225461000, "revenueGrowth": 0.052, "grossMargins": 0.36993, "ebitdaMargins": 0.057340004, "operatingMargins": -0.02025, "profitMargins": -0.2214, "financialCurrency": "INR"}}}