{"BSE.NS": {"assetProfile": {"address1": "Phiroze Jeejeebhoy Towers", "address2": "25th Floor Dalal Street Fort", "city": "Mumbai", "zip": "400001", "country": "India", "phone": "91 22 2272 1233", "fax": "91 22 2272 1919", "website": "http://www.bseindia.com", "industry": "Financial Data & Stock Exchanges", "sector": "Financial Services", "longBusinessSummary": "BSE Limited, together with its subsidiaries, provides a platform for trading in equity, debt instruments, derivatives, and mutual funds in India and internationally. The company also offers securities, data dissemination, and depository services. In addition, it provides clearing and settlement; IT support; training; and investment services, as well as engages in the corporate social responsibility activities. The company was formerly known as Bombay Stock Exchange Limited and changed its name to BSE Limited in July 2011. BSE Limited was founded in 1875 and is based in Mumbai, India.", "fullTimeEmployees": 516, "companyOfficers": [{"maxAge": 1, "name": "Mr. Ashish Kumar Manilal Chauhan", "age": 52, "title": "MD, CEO, Member of Clearing Council, Member of Governing Council & Director", "yearBorn": 1968, "fiscalYear": 2020, "totalPay": 76462712, "exercisedValue": 0, "unexercisedValue": 0}, {"maxAge": 1, "name": "Mr. Nayan Chandrakant Mehta F.C.A.", "age": 53, "title": "Chief Financial Officer", "yearBorn": 1967, "fiscalYear": 2020, "totalPay": 16076120, "exercisedValue": 0, "unexercisedValue": 0}, {"maxAge": 1, "name": "Mr. Kersi Jamshed Tavadia", "age": 57, "title": "Chief Information Officer", "yearBorn": 1963, "exercisedValue": 0, "unexercisedValue": 0}, {"maxAge": 1, "name": "Mrs. Prajakta  Powle", "title": "Company Sec. & Compliance Officer", "fiscalYear": 2020, "totalPay": 3284998, "exercisedValue": 0, "unexercisedValue": 0}, {"maxAge": 1, "name": "Mr. Neeraj  Kulshrestha", "age": 54, "title": "Chief Regulatory Officer", "yearBorn": 1966, "exercisedValue": 0, "unexercisedValue": 0}, {"maxAge": 1, "name": "Mr. Girish B. Joshi", "age": 51, "title": "Chief of Trading Operations & Listing Sales", "yearBorn": 1969, "exercisedValue": 0, "unexercisedValue": 0}, {"maxAge": 1, "name": "Mr. Sameer  Patil", "age": 46, "title": "Chief Bus. Officer", "yearBorn": 1974, "exercisedValue": 0, "unexercisedValue": 0}, {"maxAge": 1, "name": "Mr. Shivkumar  Pandey", "age": 45, "title": "Group Chief Information Security Officer", "yearBorn": 1975, "exercisedValue": 0, "unexercisedValue": 0}, {"maxAge": 1, "name": "Yogesh  Joshi", "title": "Head of Investor Relations", "exercisedValue": 0, "unexercisedValue": 0}, {"maxAge": 1, "name": "Mr. Mahendra  Tawde", "title": "Sr. Gen. Mang. & GM of HR", "exercisedValue": 0, "unexercisedValue": 0}], "compensationAsOfEpochDate": "2020-12-31 05:30:00", "maxAge": 86400}, "recommendationTrend": {"trend": [{"period": "0m", "strongBuy": 0, "buy": 0, "hold": 0, "sell": 0, "strongSell": 0}, {"period": "-1m", "strongBuy": 4, "buy": 1, "hold": 1, "sell": 0, "strongSell": 0}, {"period": "-2m", "strongBuy": 4, "buy": 1, "hold": 1, "sell": 0, "strongSell": 0}, {"period": "-3m", "strongBuy": 3, "buy": 1, "hold": 0, "sell": 0, "strongSell": 0}], "maxAge": 86400}, "cashflowStatementHistory": {"cashflowStatements": [{"maxAge": 1, "endDate": "2020-03-31", "netIncome": 1222700000, "depreciation": 338400000, "changeToNetincome": -1713900000, "changeToAccountReceivables": -464000000, "changeToLiabilities": 339500000, "changeToOperatingActivities": 4072400000, "totalCashFromOperatingActivities": 3967100000, "capitalExpenditures": -378500000, "investments": 4585700000, "otherCashflowsFromInvestingActivities": 493400000, "totalCashflowsFromInvestingActivities": 4702900000, "dividendsPaid": -1314200000, "otherCashflowsFromFinancingActivities": -101500000, "totalCashFromFinancingActivities": -6177700000, "changeInCash": 2492300000, "repurchaseOfStock": -4762000000}, {"maxAge": 1, "endDate": "2019-03-31", "netIncome": 1992800000, "depreciation": 366200000, "changeToNetincome": -1775700000, "changeToAccountReceivables": -171700000, "changeToLiabilities": -210500000, "changeToOperatingActivities": -3529000000, "totalCashFromOperatingActivities": -3183300000, "capitalExpenditures": -617900000, "investments": 3042100000, "otherCashflowsFromInvestingActivities": 1049200000, "totalCashflowsFromInvestingActivities": 3474000000, "dividendsPaid": -1892400000, "otherCashflowsFromFinancingActivities": -346600000, "totalCashFromFinancingActivities": -3469000000, "changeInCash": -3178300000, "repurchaseOfStock": -1230000000}, {"maxAge": 1, "endDate": "2018-03-31", "netIncome": 6887200000, "depreciation": 358900000, "changeToNetincome": -5703700000, "changeToAccountReceivables": -14600000, "changeToLiabilities": 82400000, "changeToOperatingActivities": -4093400000, "totalCashFromOperatingActivities": -2387600000, "capitalExpenditures": -627700000, "investments": -3282100000, "otherCashflowsFromInvestingActivities": 1548100000, "totalCashflowsFromInvestingActivities": -2360400000, "dividendsPaid": -1527900000, "otherCashflowsFromFinancingActivities": 3061500000, "totalCashFromFinancingActivities": 1083900000, "changeInCash": -3664100000, "repurchaseOfStock": -449700000}, {"maxAge": 1, "endDate": "2017-03-31", "netIncome": 2205700000, "depreciation": 399800000, "changeToNetincome": -1501400000, "changeToAccountReceivables": -336800000, "changeToLiabilities": 87900000, "changeToOperatingActivities": 7214400000, "totalCashFromOperatingActivities": 8172600000, "capitalExpenditures": -586800000, "investments": -505600000, "otherCashflowsFromInvestingActivities": 2036700000, "totalCashflowsFromInvestingActivities": 947300000, "dividendsPaid": -539700000, "otherCashflowsFromFinancingActivities": -306000000, "totalCashFromFinancingActivities": -845700000, "changeInCash": 8274200000, "repurchaseOfStock": -449700000}], "maxAge": 86400}, "indexTrend": {"maxAge": 1, "symbol": "SP5", "peRatio": 19.7411, "pegRatio": 1.34172, "estimates": [{"period": "0q", "growth": 0.549}, {"period": "+1q", "growth": 0.431}, {"period": "0y", "growth": 0.305}, {"period": "+1y", "growth": 0.109}, {"period": "+5y", "growth": 0.120865}, {"period": "-5y"}]}, "defaultKeyStatistics": {"maxAge": 1, "priceHint": 2, "enterpriseValue": -1839675904, "profitMargins": 0.18019, "floatShares": 44359168, "sharesOutstanding": 45024300, "heldPercentInsiders": 0.0, "heldPercentInstitutions": 0.03816, "beta": 1.212145, "category": null, "bookValue": 619.308, "priceToBook": 0.9698729, "fundFamily": null, "legalType": null, "lastFiscalYearEnd": "2020-03-31 05:30:00", "nextFiscalYearEnd": "2022-03-31 05:30:00", "mostRecentQuarter": "2020-12-31 05:30:00", "earningsQuarterlyGrowth": -0.29, "netIncomeToCommon": 1110200064, "trailingEps": 24.016, "forwardEps": 42.11, "lastSplitFactor": null, "enterpriseToRevenue": -0.299, "enterpriseToEbitda": -1.49, "52WeekChange": 0.5865029, "SandP52WeekChange": 0.48148263, "lastDividendValue": 17.0, "lastDividendDate": 1595376000}, "industryTrend": {"maxAge": 1, "symbol": null, "estimates": []}, "quoteType": {"exchange": "NSI", "quoteType": "EQUITY", "symbol": "BSE.NS", "underlyingSymbol": "BSE.NS", "shortName": "BSE LIMITED", "longName": "BSE Limited", "firstTradeDateEpochUtc": "2017-02-03 09:15:00", "timeZoneFullName": "Asia/Kolkata", "timeZoneShortName": "IST", "uuid": "b981edd0-8105-3d37-80f0-f7bd369f6c06", "messageBoardId": "finmb_22512362", "gmtOffSetMilliseconds": 19800000, "maxAge": 1}, "incomeStatementHistory": {"incomeStatementHistory": [{"maxAge": 1, "endDate": "2020-03-31", "totalRevenue": 6100800000, "costOfRevenue": 94200000, "grossProfit": 6006600000, "researchDevelopment": {}, "sellingGeneralAdministrative": 4701500000, "nonRecurring": {}, "otherOperatingExpenses": 1300000, "totalOperatingExpenses": 5308700000, "operatingIncome": 792100000, "totalOtherIncomeExpenseNet": 562800000, "ebit": 792100000, "interestExpense": -23700000, "incomeBeforeTax": 1354900000, "incomeTaxExpense": 148800000, "minorityInterest": 185600000, "netIncomeFromContinuingOps": 1206100000, "discontinuedOperations": {}, "extraordinaryItems": {}, "effectOfAccountingCharges": {}, "otherItems": {}, "netIncome": 1222700000, "netIncomeApplicableToCommonShares": 1222700000}, {"maxAge": 1, "endDate": "2019-03-31", "totalRevenue": 6545800000, "costOfRevenue": 104900000, "grossProfit": 6440900000, "researchDevelopment": {}, "sellingGeneralAdministrative": 4174900000, "nonRecurring": {}, "otherOperatingExpenses": -98600000, "totalOperatingExpenses": 4727500000, "operatingIncome": 1818300000, "totalOtherIncomeExpenseNet": 356900000, "ebit": 1818300000, "interestExpense": -8700000, "incomeBeforeTax": 2175200000, "incomeTaxExpense": 233500000, "minorityInterest": 185600000, "netIncomeFromContinuingOps": 1941700000, "discontinuedOperations": 51100000, "extraordinaryItems": {}, "effectOfAccountingCharges": {}, "otherItems": {}, "netIncome": 1992800000, "netIncomeApplicableToCommonShares": 1992800000}, {"maxAge": 1, "endDate": "2018-03-31", "totalRevenue": 6787800000, "costOfRevenue": 199500000, "grossProfit": 6588300000, "researchDevelopment": {}, "sellingGeneralAdministrative": 3743300000, "nonRecurring": {}, "otherOperatingExpenses": -164900000, "totalOperatingExpenses": 4263300000, "operatingIncome": 2524500000, "totalOtherIncomeExpenseNet": 177500000, "ebit": 2524500000, "interestExpense": -10300000, "incomeBeforeTax": 2702000000, "incomeTaxExpense": 554500000, "minorityInterest": 185600000, "netIncomeFromContinuingOps": 2147500000, "discontinuedOperations": 4872200000, "extraordinaryItems": {}, "effectOfAccountingCharges": {}, "otherItems": {}, "netIncome": 6887200000, "netIncomeApplicableToCommonShares": 6887200000}, {"maxAge": 1, "endDate": "2017-03-31", "totalRevenue": 5909100000, "costOfRevenue": 106200000, "grossProfit": 5802900000, "researchDevelopment": {}, "sellingGeneralAdministrative": 3432700000, "nonRecurring": {}, "otherOperatingExpenses": -100700000, "totalOperatingExpenses": 3963200000, "operatingIncome": 1945900000, "totalOtherIncomeExpenseNet": -54200000, "ebit": 1945900000, "interestExpense": -9600000, "incomeBeforeTax": 1891700000, "incomeTaxExpense": 106600000, "minorityInterest": 2908800000, "netIncomeFromContinuingOps": 1785100000, "discontinuedOperations": 865800000, "extraordinaryItems": {}, "effectOfAccountingCharges": {}, "otherItems": {}, "netIncome": 2205700000, "netIncomeApplicableToCommonShares": 2205700000}], "maxAge": 86400}, "fundOwnership": {"maxAge": 1, "ownershipList": [{"maxAge": 1, "reportDate": "2021-01-31", "organization": "DFA Investment Dimensions-DFA Emerging Mkts Value", "pctHeld": 0.0027, "position": 119329, "value": 70183351}, {"maxAge": 1, "reportDate": "2021-01-31", "organization": "DFA Emerging Markets Small Cap Series", "pctHeld": 0.0017, "position": 74598, "value": 43874813}, {"maxAge": 1, "reportDate": "2021-01-31", "organization": "DFA Emerging Markets Core Equity Portfolio", "pctHeld": 0.0011, "position": 49666, "value": 29211057}, {"maxAge": 1, "reportDate": "2021-01-31", "organization": "DFA Investment Dimensions-Emerging Markets Social Core Equity", "pctHeld": 0.0001, "position": 6411, "value": 3770629}, {"maxAge": 1, "reportDate": "2021-01-31", "organization": "DFA Investment Dimensions-World Ex U.S. Core Equity Port", "pctHeld": 0.0001, "position": 5002, "value": 2941926}, {"maxAge": 1, "reportDate": "2021-02-28", "organization": "Avantis Emerging Markets Equity ETF", "pctHeld": 0.0001, "position": 2857, "value": 1661345}, {"maxAge": 1, "reportDate": "2021-01-31", "organization": "DFA Investment Dimensions-DFA Emerging Markets Targeted Value Port", "pctHeld": 0.0001, "position": 2602, "value": 1530366}]}, "summaryDetail": {"maxAge": 1, "priceHint": 2, "previousClose": 605.4, "open": 602.0, "dayLow": 594.95, "dayHigh": 613.5, "regularMarketPreviousClose": 605.4, "regularMarketOpen": 602.0, "regularMarketDayLow": 594.95, "regularMarketDayHigh": 613.5, "dividendRate": 17.0, "dividendYield": 0.028099999, "exDividendDate": "2020-07-22 05:30:00", "payoutRatio": 0.6681, "beta": 1.212145, "trailingPE": 25.01041, "forwardPE": 14.263833, "volume": 209511, "regularMarketVolume": 209511, "averageVolume": 370162, "averageVolume10days": 354764, "averageDailyVolume10Day": 354764, "bid": 0.0, "ask": 0.0, "bidSize": 0, "askSize": 0, "marketCap": 27043846144, "fiftyTwoWeekLow": 371.6, "fiftyTwoWeekHigh": 658.0, "priceToSalesTrailing12Months": 4.3892374, "fiftyDayAverage": 582.0597, "twoHundredDayAverage": 576.66, "trailingAnnualDividendRate": 17.0, "trailingAnnualDividendYield": 0.028080607, "currency": "INR", "fromCurrency": null, "toCurrency": null, "lastMarket": null, "algorithm": null, "tradeable": false}, "insiderHolders": {"holders": [], "maxAge": 1}, "calendarEvents": {"maxAge": 1, "earnings": {"earningsDate": ["2021-02-11 05:30:S"], "revenueAverage": 1953400000, "revenueLow": 1500000000, "revenueHigh": 1953000000}, "exDividendDate": "2020-07-22 05:30:00"}, "price": {"maxAge": 1, "regularMarketChangePercent": -0.007846052, "regularMarketChange": -4.75, "regularMarketTime": "2021-04-30 15:30:01", "priceHint": 2, "regularMarketPrice": 600.65, "regularMarketDayHigh": 613.5, "regularMarketDayLow": 594.95, "regularMarketVolume": 209511, "averageDailyVolume10Day": 354764, "averageDailyVolume3Month": 370162, "regularMarketPreviousClose": 605.4, "regularMarketSource": "FREE_REALTIME", "regularMarketOpen": 602.0, "exchange": "NSI", "exchangeName": "NSE", "exchangeDataDelayedBy": 15, "marketState": "CLOSED", "quoteType": "EQUITY", "symbol": "BSE.NS", "underlyingSymbol": null, "shortName": "BSE LIMITED", "longName": "BSE Limited", "currency": "INR", "quoteSourceName": "Delayed Quote", "currencySymbol": "\u20b9", "fromCurrency": null, "toCurrency": null, "lastMarket": null, "marketCap": 27043846144}, "balanceSheetHistory": {"balanceSheetStatements": [{"maxAge": 1, "endDate": "2020-03-31", "cash": 7286600000, "shortTermInvestments": 1336600000, "netReceivables": 917700000, "otherCurrentAssets": 9503200000, "totalCurrentAssets": 29216400000, "longTermInvestments": 8589400000, "propertyPlantEquipment": 1282800000, "goodWill": 374200000, "intangibleAssets": 427500000, "otherAssets": 4868800000, "deferredLongTermAssetCharges": 1277700000, "totalAssets": 44759100000, "accountsPayable": 758400000, "otherCurrentLiab": 14624500000, "otherLiab": 112500000, "minorityInterest": 185600000, "totalCurrentLiabilities": 15855900000, "totalLiab": 15968700000, "commonStock": 90000000, "retainedEarnings": 16334700000, "treasuryStock": 12180100000, "otherStockholderEquity": 12180100000, "totalStockholderEquity": 28604800000, "netTangibleAssets": 27803100000}, {"maxAge": 1, "endDate": "2019-03-31", "cash": 4794300000, "shortTermInvestments": 1278800000, "netReceivables": 935500000, "otherCurrentAssets": 10016800000, "totalCurrentAssets": 27948000000, "longTermInvestments": 11627000000, "propertyPlantEquipment": 1340600000, "goodWill": 374200000, "intangibleAssets": 466200000, "otherAssets": 3283400000, "deferredLongTermAssetCharges": 1025300000, "totalAssets": 45039400000, "accountsPayable": 418900000, "otherCurrentLiab": 10750400000, "otherLiab": 116400000, "totalCurrentLiabilities": 11620800000, "totalLiab": 11737500000, "commonStock": 103600000, "retainedEarnings": 19229800000, "treasuryStock": 11715900000, "capitalSurplus": 2252600000, "otherStockholderEquity": 11715900000, "totalStockholderEquity": 33301900000, "netTangibleAssets": 32461500000}, {"maxAge": 1, "endDate": "2018-03-31", "cash": 7972600000, "shortTermInvestments": 5273800000, "netReceivables": 825100000, "otherCurrentAssets": 8500600000, "totalCurrentAssets": 28565600000, "longTermInvestments": 16901800000, "propertyPlantEquipment": 1402400000, "goodWill": 374200000, "intangibleAssets": 325800000, "otherAssets": 2411000000, "deferredLongTermAssetCharges": 879600000, "totalAssets": 49980800000, "accountsPayable": 629400000, "otherCurrentLiab": 14446200000, "otherLiab": 91800000, "totalCurrentLiabilities": 15495700000, "totalLiab": 15590500000, "commonStock": 106500000, "retainedEarnings": 19574000000, "treasuryStock": 11230200000, "capitalSurplus": 3479600000, "otherStockholderEquity": 11230200000, "totalStockholderEquity": 34390300000, "netTangibleAssets": 33690300000}, {"maxAge": 1, "endDate": "2017-03-31", "cash": 11636700000, "shortTermInvestments": 6804500000, "netReceivables": 1521800000, "otherCurrentAssets": 6496400000, "totalCurrentAssets": 30711400000, "longTermInvestments": 15577800000, "propertyPlantEquipment": 1467800000, "goodWill": 850400000, "intangibleAssets": 201100000, "otherAssets": 3021600000, "deferredLongTermAssetCharges": 188900000, "totalAssets": 51830100000, "accountsPayable": 563300000, "otherCurrentLiab": 18953300000, "otherLiab": 83900000, "minorityInterest": 2908800000, "totalCurrentLiabilities": 20164300000, "totalLiab": 20252100000, "commonStock": 107600000, "retainedEarnings": 14868900000, "treasuryStock": 9764400000, "capitalSurplus": 3928300000, "otherStockholderEquity": 9764400000, "totalStockholderEquity": 28669200000, "netTangibleAssets": 27617700000}], "maxAge": 86400}, "earningsTrend": {"trend": [{"maxAge": 1, "period": "0q", "endDate": "2018-03-31", "growth": {}, "earningsEstimate": {"avg": 0.0, "low": 0.0, "high": 0.0, "yearAgoEps": {}, "numberOfAnalysts": 0, "growth": {}}, "revenueEstimate": {"avg": 1953400000, "low": 1500000000, "high": 1953000000, "numberOfAnalysts": 3, "yearAgoRevenue": {}, "growth": {}}, "epsTrend": {"current": 0.0, "7daysAgo": 0.0, "30daysAgo": 0.0, "60daysAgo": 0.0, "90daysAgo": 0.0}, "epsRevisions": {"upLast7days": 0, "upLast30days": 0, "downLast30days": 0, "downLast90days": {}}}, {"maxAge": 1, "period": "+1q", "endDate": "2018-06-30", "growth": {}, "earningsEstimate": {"avg": 0.0, "low": 0.0, "high": 0.0, "yearAgoEps": {}, "numberOfAnalysts": 0, "growth": {}}, "revenueEstimate": {"avg": 1664100000, "low": 0, "high": 0, "numberOfAnalysts": 0, "yearAgoRevenue": {}, "growth": {}}, "epsTrend": {"current": 0.0, "7daysAgo": 0.0, "30daysAgo": 0.0, "60daysAgo": 0.0, "90daysAgo": 0.0}, "epsRevisions": {"upLast7days": 0, "upLast30days": 0, "downLast30days": 0, "downLast90days": {}}}, {"maxAge": 1, "period": "0y", "endDate": "2018-03-31", "growth": {}, "earningsEstimate": {"avg": 0.0, "low": 0.0, "high": 0.0, "yearAgoEps": {}, "numberOfAnalysts": 0, "growth": {}}, "revenueEstimate": {"avg": 6989200000, "low": 4907000000, "high": 6989000000, "numberOfAnalysts": 4, "yearAgoRevenue": 7552500000, "growth": -0.075}, "epsTrend": {"current": 0.0, "7daysAgo": 44.88, "30daysAgo": 44.88, "60daysAgo": 44.88, "90daysAgo": 44.88}, "epsRevisions": {"upLast7days": 1, "upLast30days": 1, "downLast30days": 0, "downLast90days": {}}}, {"maxAge": 1, "period": "+1y", "endDate": "2019-03-31", "growth": {}, "earningsEstimate": {"avg": 0.0, "low": 0.0, "high": 0.0, "yearAgoEps": {}, "numberOfAnalysts": 0, "growth": {}}, "revenueEstimate": {"avg": 6497700000, "low": 5910000000, "high": 7057790000, "numberOfAnalysts": 4, "yearAgoRevenue": 6989200000, "growth": -0.07}, "epsTrend": {"current": 0.0, "7daysAgo": 42.11, "30daysAgo": 42.11, "60daysAgo": 42.11, "90daysAgo": 42.11}, "epsRevisions": {"upLast7days": 0, "upLast30days": 0, "downLast30days": 0, "downLast90days": {}}}, {"maxAge": 1, "period": "+5y", "endDate": null, "growth": {}, "earningsEstimate": {"avg": {}, "low": {}, "high": {}, "yearAgoEps": {}, "numberOfAnalysts": {}, "growth": {}}, "revenueEstimate": {"avg": {}, "low": {}, "high": {}, "numberOfAnalysts": {}, "yearAgoRevenue": {}, "growth": {}}, "epsTrend": {"current": {}, "7daysAgo": {}, "30daysAgo": {}, "60daysAgo": {}, "90daysAgo": {}}, "epsRevisions": {"upLast7days": {}, "upLast30days": {}, "downLast30days": {}, "downLast90days": {}}}, {"maxAge": 1, "period": "-5y", "endDate": null, "growth": {}, "earningsEstimate": {"avg": {}, "low": {}, "high": {}, "yearAgoEps": {}, "numberOfAnalysts": {}, "growth": {}}, "revenueEstimate": {"avg": {}, "low": {}, "high": {}, "numberOfAnalysts": {}, "yearAgoRevenue": {}, "growth": {}}, "epsTrend": {"current": {}, "7daysAgo": {}, "30daysAgo": {}, "60daysAgo": {}, "90daysAgo": {}}, "epsRevisions": {"upLast7days": {}, "upLast30days": {}, "downLast30days": {}, "downLast90days": {}}}], "maxAge": 1}, "institutionOwnership": {"maxAge": 1, "ownershipList": []}, "majorHoldersBreakdown": {"maxAge": 1, "insidersPercentHeld": 0.0, "institutionsPercentHeld": 0.03816, "institutionsFloatPercentHeld": 0.03816, "institutionsCount": 10}, "balanceSheetHistoryQuarterly": {"balanceSheetStatements": [{"maxAge": 1, "endDate": "2020-12-31", "totalStockholderEquity": 28845600000, "netTangibleAssets": 28045400000}, {"maxAge": 1, "endDate": "2020-09-30", "cash": 18430200000, "shortTermInvestments": 11965000000, "netReceivables": 913200000, "otherCurrentAssets": 588100000, "totalCurrentAssets": 31896500000, "longTermInvestments": 9463400000, "propertyPlantEquipment": 1265600000, "goodWill": 374200000, "intangibleAssets": 426000000, "otherAssets": 2518000000, "deferredLongTermAssetCharges": 1573700000, "totalAssets": 45943700000, "accountsPayable": 810500000, "otherCurrentLiab": 15808700000, "otherLiab": 116900000, "minorityInterest": 212900000, "totalCurrentLiabilities": 16768300000, "totalLiab": 16885200000, "commonStock": 90000000, "treasuryStock": 28755600000, "otherStockholderEquity": 28755600000, "totalStockholderEquity": 28845600000, "netTangibleAssets": 28045400000}, {"maxAge": 1, "endDate": "2020-06-30", "totalStockholderEquity": 28604800000, "netTangibleAssets": 27803100000}, {"maxAge": 1, "endDate": "2020-03-31", "cash": 7286600000, "shortTermInvestments": 1336600000, "netReceivables": 917700000, "otherCurrentAssets": 9503200000, "totalCurrentAssets": 29216400000, "longTermInvestments": 8589400000, "propertyPlantEquipment": 1282800000, "goodWill": 374200000, "intangibleAssets": 427500000, "otherAssets": 4868800000, "deferredLongTermAssetCharges": 1277700000, "totalAssets": 44759100000, "accountsPayable": 758400000, "otherCurrentLiab": 14624500000, "otherLiab": 112500000, "minorityInterest": 185600000, "totalCurrentLiabilities": 15855900000, "totalLiab": 15968700000, "commonStock": 90000000, "retainedEarnings": 16334700000, "treasuryStock": 12180100000, "otherStockholderEquity": 12180100000, "totalStockholderEquity": 28604800000, "netTangibleAssets": 27803100000}], "maxAge": 86400}, "earningsHistory": {"history": [{"maxAge": 1, "epsActual": {}, "epsEstimate": {}, "epsDifference": {}, "surprisePercent": {}, "quarter": {}, "period": "-4q"}, {"maxAge": 1, "epsActual": {}, "epsEstimate": {}, "epsDifference": {}, "surprisePercent": {}, "quarter": {}, "period": "-3q"}, {"maxAge": 1, "epsActual": 12.33, "epsEstimate": 9.3, "epsDifference": 3.03, "surprisePercent": 0.32599998, "quarter": "2017-09-30", "period": "-2q"}, {"maxAge": 1, "epsActual": 10.84, "epsEstimate": 12.7, "epsDifference": -1.86, "surprisePercent": -0.146, "quarter": "2017-12-31", "period": "-1q"}], "maxAge": 86400}, "summaryProfile": {"address1": "Phiroze Jeejeebhoy Towers", "address2": "25th Floor Dalal Street Fort", "city": "Mumbai", "zip": "400001", "country": "India", "phone": "91 22 2272 1233", "fax": "91 22 2272 1919", "website": "http://www.bseindia.com", "industry": "Financial Data & Stock Exchanges", "sector": "Financial Services", "longBusinessSummary": "BSE Limited, together with its subsidiaries, provides a platform for trading in equity, debt instruments, derivatives, and mutual funds in India and internationally. The company also offers securities, data dissemination, and depository services. In addition, it provides clearing and settlement; IT support; training; and investment services, as well as engages in the corporate social responsibility activities. The company was formerly known as Bombay Stock Exchange Limited and changed its name to BSE Limited in July 2011. BSE Limited was founded in 1875 and is based in Mumbai, India.", "fullTimeEmployees": 516, "companyOfficers": [], "maxAge": 86400}, "netSharePurchaseActivity": {"maxAge": 1, "period": "6m", "buyInfoCount": 0, "buyInfoShares": 0, "sellInfoCount": 0, "netInfoCount": 0, "netInfoShares": 0, "totalInsiderShares": 0}, "sectorTrend": {"maxAge": 1, "symbol": null, "estimates": []}, "incomeStatementHistoryQuarterly": {"incomeStatementHistory": [{"maxAge": 1, "endDate": "2020-12-31", "totalRevenue": 1576900000, "costOfRevenue": 0, "grossProfit": 1576900000, "researchDevelopment": {}, "sellingGeneralAdministrative": 1086800000, "nonRecurring": {}, "otherOperatingExpenses": 52300000, "totalOperatingExpenses": 1287800000, "operatingIncome": 289100000, "totalOtherIncomeExpenseNet": 87700000, "ebit": 289100000, "interestExpense": -29100000, "incomeBeforeTax": 376800000, "incomeTaxExpense": 62400000, "minorityInterest": {}, "netIncomeFromContinuingOps": 314400000, "discontinuedOperations": {}, "extraordinaryItems": {}, "effectOfAccountingCharges": {}, "otherItems": {}, "netIncome": 323700000, "netIncomeApplicableToCommonShares": 323700000}, {"maxAge": 1, "endDate": "2020-09-30", "totalRevenue": 1499100000, "costOfRevenue": 0, "grossProfit": 1499100000, "researchDevelopment": {}, "sellingGeneralAdministrative": 1030400000, "nonRecurring": {}, "otherOperatingExpenses": -12700000, "totalOperatingExpenses": 1162600000, "operatingIncome": 336500000, "totalOtherIncomeExpenseNet": -68300000, "ebit": 336500000, "interestExpense": -23800000, "incomeBeforeTax": 268200000, "incomeTaxExpense": -192100000, "minorityInterest": 212900000, "netIncomeFromContinuingOps": 460300000, "discontinuedOperations": {}, "extraordinaryItems": {}, "effectOfAccountingCharges": {}, "otherItems": {}, "netIncome": 468100000, "netIncomeApplicableToCommonShares": 468100000}, {"maxAge": 1, "endDate": "2020-06-30", "totalRevenue": 1575700000, "costOfRevenue": 0, "grossProfit": 1575700000, "researchDevelopment": {}, "sellingGeneralAdministrative": 1110500000, "nonRecurring": {}, "otherOperatingExpenses": 14000000, "totalOperatingExpenses": 1256900000, "operatingIncome": 318800000, "totalOtherIncomeExpenseNet": 79300000, "ebit": 318800000, "interestExpense": -22100000, "incomeBeforeTax": 398100000, "incomeTaxExpense": 73300000, "minorityInterest": 212900000, "netIncomeFromContinuingOps": 324800000, "discontinuedOperations": {}, "extraordinaryItems": {}, "effectOfAccountingCharges": {}, "otherItems": {}, "netIncome": 331500000, "netIncomeApplicableToCommonShares": 331500000}, {"maxAge": 1, "endDate": "2020-03-31", "totalRevenue": 1509700000, "costOfRevenue": 94200000, "grossProfit": 1415500000, "researchDevelopment": {}, "sellingGeneralAdministrative": 1280900000, "nonRecurring": {}, "otherOperatingExpenses": 26500000, "totalOperatingExpenses": 1536800000, "operatingIncome": -27100000, "totalOtherIncomeExpenseNet": 89800000, "ebit": -27100000, "interestExpense": -10300000, "incomeBeforeTax": 62700000, "incomeTaxExpense": 81800000, "minorityInterest": 185600000, "netIncomeFromContinuingOps": -19100000, "discontinuedOperations": {}, "extraordinaryItems": {}, "effectOfAccountingCharges": {}, "otherItems": {}, "netIncome": -13100000, "netIncomeApplicableToCommonShares": -13100000}], "maxAge": 86400}, "cashflowStatementHistoryQuarterly": {"cashflowStatements": [{"maxAge": 1, "endDate": "2020-12-31", "netIncome": 323700000, "changeToLiabilities": 0}, {"maxAge": 1, "endDate": "2020-09-30", "netIncome": 468100000, "changeToLiabilities": 0}, {"maxAge": 1, "endDate": "2020-06-30", "netIncome": 331500000, "changeToLiabilities": 0}, {"maxAge": 1, "endDate": "2020-03-31", "netIncome": -13100000, "changeToLiabilities": 0}], "maxAge": 86400}, "earnings": {"maxAge": 86400, "earningsChart": {"quarterly": [{"date": "3Q2017", "actual": 12.33, "estimate": 9.3}, {"date": "4Q2017", "actual": 10.84, "estimate": 12.7}], "currentQuarterEstimateDate": "1Q", "currentQuarterEstimateYear": 2018, "earningsDate": ["2021-02-11 05:30:S"]}, "financialsChart": {"yearly": [{"date": 2017, "revenue": 5909100000, "earnings": 2205700000}, {"date": 2018, "revenue": 6787800000, "earnings": 6887200000}, {"date": 2019, "revenue": 6545800000, "earnings": 1992800000}, {"date": 2020, "revenue": 6100800000, "earnings": 1222700000}], "quarterly": [{"date": "1Q2020", "revenue": 1509700000, "earnings": -13100000}, {"date": "2Q2020", "revenue": 1575700000, "earnings": 331500000}, {"date": "3Q2020", "revenue": 1499100000, "earnings": 468100000}, {"date": "4Q2020", "revenue": 1576900000, "earnings": 323700000}]}, "financialCurrency": "INR"}, "financialData": {"maxAge": 86400, "currentPrice": 600.65, "targetHighPrice": 1035.0, "targetLowPrice": 715.0, "targetMeanPrice": 844.2, "targetMedianPrice": 800.0, "recommendationKey": "none", "numberOfAnalystOpinions": 5, "totalCash": 30395199488, "totalCashPerShare": 644.149, "ebitda": 1234850048, "totalDebt": 0, "totalRevenue": 6161399808, "revenuePerShare": 133.285, "grossProfits": 6006600000, "earningsGrowth": -0.301, "revenueGrowth": 0.096, "grossMargins": 0.98471, "ebitdaMargins": 0.20041999, "operatingMargins": 0.14887999, "profitMargins": 0.18019, "financialCurrency": "INR"}}}