{"BSELINFRA.BO": {"recommendationTrend": {"trend": [{"period": "0m", "strongBuy": 0, "buy": 0, "hold": 0, "sell": 0, "strongSell": 0}, {"period": "-1m", "strongBuy": 0, "buy": 0, "hold": 0, "sell": 0, "strongSell": 0}, {"period": "-2m", "strongBuy": 0, "buy": 0, "hold": 0, "sell": 0, "strongSell": 0}, {"period": "-3m", "strongBuy": 0, "buy": 0, "hold": 0, "sell": 0, "strongSell": 0}], "maxAge": 86400}, "cashflowStatementHistory": {"cashflowStatements": [{"maxAge": 1, "endDate": "2020-03-31", "netIncome": -65206632, "depreciation": 333607, "changeToNetincome": 43336907, "changeToAccountReceivables": -334462547, "changeToLiabilities": 337197650, "changeToInventory": -272581021, "changeToOperatingActivities": 832651, "totalCashFromOperatingActivities": -290705246, "investments": 82749466, "otherCashflowsFromInvestingActivities": 203178687, "totalCashflowsFromInvestingActivities": 289003524, "changeInCash": -1701722}, {"maxAge": 1, "endDate": "2019-03-31", "netIncome": -201980514, "depreciation": 1442110, "changeToNetincome": 36180319, "changeToAccountReceivables": -200532425, "changeToLiabilities": 254249226, "changeToInventory": 2347904, "changeToOperatingActivities": 36041282, "totalCashFromOperatingActivities": -75703493, "capitalExpenditures": -122785, "investments": -48177169, "otherCashflowsFromInvestingActivities": 145923910, "totalCashflowsFromInvestingActivities": 97623956, "changeInCash": 21920463}, {"maxAge": 1, "endDate": "2018-03-31", "netIncome": 5425179, "depreciation": 1471829, "changeToNetincome": -13913994, "changeToAccountReceivables": -6957686, "changeToLiabilities": 19678793, "changeToInventory": -9302881, "changeToOperatingActivities": 56011619, "totalCashFromOperatingActivities": 51242859, "capitalExpenditures": -122785, "investments": -85544076, "otherCashflowsFromInvestingActivities": 23157733, "totalCashflowsFromInvestingActivities": -62202750, "changeInCash": -10959891}, {"maxAge": 1, "endDate": "2017-03-31", "netIncome": 29188829, "depreciation": 1548383, "changeToNetincome": -1665189, "changeToAccountReceivables": 72738473, "changeToLiabilities": -90355033, "changeToInventory": 71039576, "changeToOperatingActivities": 115441475, "totalCashFromOperatingActivities": 185179178, "capitalExpenditures": -361201, "investments": -125445327, "otherCashflowsFromInvestingActivities": -49642634, "totalCashflowsFromInvestingActivities": -175449162, "changeInCash": 9730016}], "maxAge": 86400}, "institutionOwnership": {"maxAge": 1, "ownershipList": []}, "balanceSheetHistoryQuarterly": {"balanceSheetStatements": [{"maxAge": 1, "endDate": "2020-06-30", "totalStockholderEquity": 3685700000, "netTangibleAssets": 3685700000}, {"maxAge": 1, "endDate": "2020-03-31", "cash": 24696721, "netReceivables": 4097368465, "inventory": 3632640312, "totalCurrentAssets": 7754705498, "longTermInvestments": 206689893, "propertyPlantEquipment": 12960918, "otherAssets": 16733924, "totalAssets": 7991090233, "accountsPayable": 241329126, "otherCurrentLiab": 4063436101, "otherLiab": 178930, "totalCurrentLiabilities": 4305251104, "totalLiab": 4305430034, "commonStock": 826168400, "retainedEarnings": -1005233874, "treasuryStock": 1939973229, "capitalSurplus": 1924752444, "otherStockholderEquity": 1939973229, "totalStockholderEquity": 3685660199, "netTangibleAssets": 3685660199}, {"maxAge": 1, "endDate": "2019-12-31", "totalStockholderEquity": 3480600000, "netTangibleAssets": 3480600000}, {"maxAge": 1, "endDate": "2019-09-30", "cash": 3600000, "netReceivables": 3831100000, "inventory": 3406600000, "totalCurrentAssets": 7241300000, "longTermInvestments": 242600000, "propertyPlantEquipment": 13100000, "otherAssets": 3000000, "totalAssets": 7500000000, "accountsPayable": 225300000, "otherCurrentLiab": 3793200000, "otherLiab": 200000, "totalCurrentLiabilities": 4019200000, "totalLiab": 4019400000, "commonStock": 826200000, "treasuryStock": 2654400000, "otherStockholderEquity": 2654400000, "totalStockholderEquity": 3480600000, "netTangibleAssets": 3480600000}], "maxAge": 86400}, "earningsHistory": {"history": [{"maxAge": 1, "epsActual": {}, "epsEstimate": {}, "epsDifference": {}, "surprisePercent": {}, "quarter": {}, "period": "-4q"}, {"maxAge": 1, "epsActual": {}, "epsEstimate": {}, "epsDifference": {}, "surprisePercent": {}, "quarter": {}, "period": "-3q"}, {"maxAge": 1, "epsActual": {}, "epsEstimate": {}, "epsDifference": {}, "surprisePercent": {}, "quarter": {}, "period": "-2q"}, {"maxAge": 1, "epsActual": {}, "epsEstimate": {}, "epsDifference": {}, "surprisePercent": {}, "quarter": {}, "period": "-1q"}], "maxAge": 86400}, "indexTrend": {"maxAge": 1, "symbol": "SP5", "peRatio": 19.7411, "pegRatio": 1.34172, "estimates": [{"period": "0q", "growth": 0.549}, {"period": "+1q", "growth": 0.431}, {"period": "0y", "growth": 0.305}, {"period": "+1y", "growth": 0.109}, {"period": "+5y", "growth": 0.120865}, {"period": "-5y"}]}, "industryTrend": {"maxAge": 1, "symbol": null, "estimates": []}, "insiderTransactions": {"transactions": [{"maxAge": 1, "shares": 737366, "filerUrl": "", "transactionText": "", "filerName": "Contact Consultancy Services Pvt Ltd", "filerRelation": "Institution- Corporation", "moneyText": "", "startDate": "2018-08-20", "ownership": "D"}, {"maxAge": 1, "shares": 301685, "filerUrl": "", "transactionText": "", "filerName": "Kanakiya (Kirit Ramniklal)", "filerRelation": "Promoter", "moneyText": "", "startDate": "2016-03-28", "ownership": "D"}, {"maxAge": 1, "shares": 495541, "filerUrl": "", "transactionText": "", "filerName": "Kanakiya (Kirit Ramniklal)", "filerRelation": "Promoter", "moneyText": "", "startDate": "2016-03-23", "ownership": "D"}, {"maxAge": 1, "shares": 410000, "filerUrl": "", "transactionText": "", "filerName": "Poornima Commercial Pvt Ltd", "filerRelation": "Institution- Corporation", "moneyText": "", "startDate": "2010-01-15", "ownership": "D"}, {"maxAge": 1, "shares": 415440, "filerUrl": "", "transactionText": "", "filerName": "Contact Consultancy Services Pvt Ltd", "filerRelation": "Institution- Corporation", "moneyText": "", "startDate": "2010-01-14", "ownership": "D"}, {"maxAge": 1, "shares": 415440, "filerUrl": "", "transactionText": "", "filerName": "Poornima Commercial Pvt Ltd", "filerRelation": "Institution- Corporation", "moneyText": "", "startDate": "2010-01-14", "ownership": "D"}, {"maxAge": 1, "shares": 500000, "filerUrl": "", "transactionText": "", "filerName": "Contact Consultancy Services Pvt Ltd", "filerRelation": "Institution- Corporation", "moneyText": "", "startDate": "2010-01-13", "ownership": "D"}, {"maxAge": 1, "shares": 500000, "filerUrl": "", "transactionText": "", "filerName": "Contact Consultancy Services Pvt Ltd", "filerRelation": "Institution- Corporation", "moneyText": "", "startDate": "2010-01-12", "ownership": "D"}, {"maxAge": 1, "shares": 639982, "filerUrl": "", "transactionText": "", "filerName": "Contact Consultancy Services Pvt Ltd", "filerRelation": "Institution- Corporation", "moneyText": "", "startDate": "2010-01-11", "ownership": "D"}, {"maxAge": 1, "shares": 1214018, "filerUrl": "", "transactionText": "", "filerName": "Contact Consultancy Services Pvt Ltd", "filerRelation": "Institution- Corporation", "moneyText": "", "startDate": "2010-01-08", "ownership": "D"}, {"maxAge": 1, "shares": 450000, "filerUrl": "", "transactionText": "", "filerName": "Contact Consultancy Services Pvt Ltd", "filerRelation": "Institution- Corporation", "moneyText": "", "startDate": "2010-01-07", "ownership": "D"}, {"maxAge": 1, "shares": 500000, "filerUrl": "", "transactionText": "", "filerName": "Total Network Solutions Ltd", "filerRelation": "Institution- Corporation", "moneyText": "", "startDate": "2010-01-06", "ownership": "D"}, {"maxAge": 1, "shares": 600000, "filerUrl": "", "transactionText": "", "filerName": "Total Network Solutions Ltd", "filerRelation": "Institution- Corporation", "moneyText": "", "startDate": "2010-01-05", "ownership": "D"}, {"maxAge": 1, "shares": 1037845, "filerUrl": "", "transactionText": "", "filerName": "Total Network Solutions Ltd", "filerRelation": "Institution- Corporation", "moneyText": "", "startDate": "2010-01-04", "ownership": "D"}, {"maxAge": 1, "shares": 350000, "filerUrl": "", "transactionText": "", "filerName": "Western Bizcon Services Ltd", "filerRelation": "Institution- Corporation", "moneyText": "", "startDate": "2009-12-31", "ownership": "D"}, {"maxAge": 1, "shares": 595000, "filerUrl": "", "transactionText": "", "filerName": "Western Bizcon Services Ltd", "filerRelation": "Institution- Corporation", "moneyText": "", "startDate": "2009-12-31", "ownership": "D"}, {"maxAge": 1, "shares": 245000, "filerUrl": "", "transactionText": "", "filerName": "Western Bizcon Services Ltd", "filerRelation": "Institution- Corporation", "moneyText": "", "startDate": "2009-12-30", "ownership": "D"}, {"maxAge": 1, "shares": 0, "filerUrl": "", "transactionText": "", "filerName": "Western Bizcon Services Ltd", "filerRelation": "Institution- Corporation", "moneyText": "", "startDate": "2009-12-29", "ownership": "I"}, {"maxAge": 1, "shares": 225000, "filerUrl": "", "transactionText": "", "filerName": "Western Bizcon Services Ltd", "filerRelation": "Institution- Corporation", "moneyText": "", "startDate": "2009-12-29", "ownership": "D"}, {"maxAge": 1, "shares": 259700, "filerUrl": "", "transactionText": "", "filerName": "Western Bizcon Services Ltd", "filerRelation": "Institution- Corporation", "moneyText": "", "startDate": "2009-12-24", "ownership": "D"}, {"maxAge": 1, "shares": 113418, "filerUrl": "", "transactionText": "", "filerName": "Kanakiya (Daksha Kirit)", "filerRelation": "UNREPORTED", "moneyText": "", "startDate": "2009-12-23", "ownership": "D"}, {"maxAge": 1, "shares": 186582, "filerUrl": "", "transactionText": "", "filerName": "Kanakiya (Daksha Kirit)", "filerRelation": "UNREPORTED", "moneyText": "", "startDate": "2009-12-22", "ownership": "D"}, {"maxAge": 1, "shares": 213453, "filerUrl": "", "transactionText": "", "filerName": "Kanakiya (Daksha Kirit)", "filerRelation": "UNREPORTED", "moneyText": "", "startDate": "2009-12-21", "ownership": "D"}, {"maxAge": 1, "shares": 196922, "filerUrl": "", "transactionText": "", "filerName": "Kanakiya (Daksha Kirit)", "filerRelation": "UNREPORTED", "moneyText": "", "startDate": "2009-12-18", "ownership": "D"}, {"maxAge": 1, "shares": 211662, "filerUrl": "", "transactionText": "", "filerName": "Kanakiya (Daksha Kirit)", "filerRelation": "UNREPORTED", "moneyText": "", "startDate": "2009-12-17", "ownership": "D"}, {"maxAge": 1, "shares": 128499, "filerUrl": "", "transactionText": "", "filerName": "Kanakiya (Daksha Kirit)", "filerRelation": "UNREPORTED", "moneyText": "", "startDate": "2009-12-16", "ownership": "D"}, {"maxAge": 1, "shares": 98650, "filerUrl": "", "transactionText": "", "filerName": "Kanakiya (Daksha Kirit)", "filerRelation": "Chairman of the Board", "moneyText": "", "startDate": "2009-12-15", "ownership": "D"}, {"maxAge": 1, "shares": 229152, "filerUrl": "", "transactionText": "", "filerName": "Kanakiya (Daksha Kirit)", "filerRelation": "Chairman of the Board", "moneyText": "", "startDate": "2009-12-14", "ownership": "D"}, {"maxAge": 1, "shares": 139429, "filerUrl": "", "transactionText": "", "filerName": "Kanakiya (Daksha Kirit)", "filerRelation": "Chairman of the Board", "moneyText": "", "startDate": "2009-12-11", "ownership": "D"}, {"maxAge": 1, "shares": 253054, "filerUrl": "", "transactionText": "", "filerName": "Kanakiya (Daksha Kirit)", "filerRelation": "Chairman of the Board", "moneyText": "", "startDate": "2009-12-10", "ownership": "D"}, {"maxAge": 1, "shares": 264179, "filerUrl": "", "transactionText": "", "filerName": "Kanakiya (Daksha Kirit)", "filerRelation": "Chairman of the Board", "moneyText": "", "startDate": "2009-12-09", "ownership": "D"}], "maxAge": 1}, "quoteType": {"exchange": "BSE", "quoteType": "EQUITY", "symbol": "BSELINFRA.BO", "underlyingSymbol": "BSELINFRA.BO", "shortName": "BSEL INFRASTRUCTURE REALTY LTD", "longName": "BSEL Infrastructure Realty Limited", "firstTradeDateEpochUtc": "1997-01-24 09:15:00", "timeZoneFullName": "Asia/Kolkata", "timeZoneShortName": "IST", "uuid": "912b8a3a-c230-3883-b516-84b6f5751dcb", "messageBoardId": null, "gmtOffSetMilliseconds": 19800000, "maxAge": 1}, "incomeStatementHistory": {"incomeStatementHistory": [{"maxAge": 1, "endDate": "2020-03-31", "totalRevenue": 391715, "costOfRevenue": 0, "grossProfit": 391715, "researchDevelopment": {}, "sellingGeneralAdministrative": 2649879, "nonRecurring": {}, "otherOperatingExpenses": 16332698, "totalOperatingExpenses": 19316184, "operatingIncome": -18924469, "totalOtherIncomeExpenseNet": -46126302, "ebit": -18924469, "interestExpense": {}, "incomeBeforeTax": -65050771, "incomeTaxExpense": 155861, "minorityInterest": {}, "netIncomeFromContinuingOps": -65206632, "discontinuedOperations": {}, "extraordinaryItems": {}, "effectOfAccountingCharges": {}, "otherItems": {}, "netIncome": -65206632, "netIncomeApplicableToCommonShares": -65206632}, {"maxAge": 1, "endDate": "2019-03-31", "totalRevenue": 52033420, "costOfRevenue": 204054918, "grossProfit": -152021498, "researchDevelopment": {}, "sellingGeneralAdministrative": 3626457, "nonRecurring": {}, "otherOperatingExpenses": 8710130, "totalOperatingExpenses": 217833615, "operatingIncome": -165800195, "totalOtherIncomeExpenseNet": -35958368, "ebit": -165800195, "interestExpense": {}, "incomeBeforeTax": -201758563, "incomeTaxExpense": 221951, "minorityInterest": {}, "netIncomeFromContinuingOps": -201980514, "discontinuedOperations": {}, "extraordinaryItems": {}, "effectOfAccountingCharges": {}, "otherItems": {}, "netIncome": -201980514, "netIncomeApplicableToCommonShares": -201980514}, {"maxAge": 1, "endDate": "2018-03-31", "totalRevenue": 4328428, "costOfRevenue": 385224, "grossProfit": 3943204, "researchDevelopment": {}, "sellingGeneralAdministrative": 3831516, "nonRecurring": {}, "otherOperatingExpenses": 7088133, "totalOperatingExpenses": 12776702, "operatingIncome": -8448274, "totalOtherIncomeExpenseNet": 14708876, "ebit": -8448274, "interestExpense": {}, "incomeBeforeTax": 6260602, "incomeTaxExpense": 835423, "minorityInterest": {}, "netIncomeFromContinuingOps": 5425179, "discontinuedOperations": {}, "extraordinaryItems": {}, "effectOfAccountingCharges": {}, "otherItems": {}, "netIncome": 5425179, "netIncomeApplicableToCommonShares": 5425179}, {"maxAge": 1, "endDate": "2017-03-31", "totalRevenue": 4816750, "costOfRevenue": 457635, "grossProfit": 4359115, "researchDevelopment": {}, "sellingGeneralAdministrative": 3407372, "nonRecurring": {}, "otherOperatingExpenses": 9303830, "totalOperatingExpenses": 14717220, "operatingIncome": -9900470, "totalOtherIncomeExpenseNet": 51989882, "ebit": -9900470, "interestExpense": -3221, "incomeBeforeTax": 42089412, "incomeTaxExpense": 12900583, "minorityInterest": {}, "netIncomeFromContinuingOps": 29188829, "discontinuedOperations": {}, "extraordinaryItems": {}, "effectOfAccountingCharges": {}, "otherItems": {}, "netIncome": 29188829, "netIncomeApplicableToCommonShares": 29188829}], "maxAge": 86400}, "fundOwnership": {"maxAge": 1, "ownershipList": []}, "summaryDetail": {"maxAge": 1, "priceHint": 4, "previousClose": 0.9, "open": 0.87, "dayLow": 0.87, "dayHigh": 0.94, "regularMarketPreviousClose": 0.9, "regularMarketOpen": 0.87, "regularMarketDayLow": 0.87, "regularMarketDayHigh": 0.94, "volume": 12602, "regularMarketVolume": 12602, "averageVolume": 83847, "averageVolume10days": 32812, "averageDailyVolume10Day": 32812, "bid": 0.89, "ask": 0.93, "bidSize": 0, "askSize": 0, "marketCap": 76833624, "fiftyTwoWeekLow": 0.65, "fiftyTwoWeekHigh": 1.6, "fiftyDayAverage": 1.178, "twoHundredDayAverage": 1.1019708, "currency": "INR", "fromCurrency": null, "toCurrency": null, "lastMarket": null, "algorithm": null, "tradeable": false}, "sectorTrend": {"maxAge": 1, "symbol": null, "estimates": []}, "incomeStatementHistoryQuarterly": {"incomeStatementHistory": [{"maxAge": 1, "endDate": "2020-06-30", "totalRevenue": 0, "costOfRevenue": 0, "grossProfit": 0, "researchDevelopment": {}, "sellingGeneralAdministrative": 256000, "nonRecurring": {}, "otherOperatingExpenses": 1007000, "totalOperatingExpenses": 1344000, "operatingIncome": -1344000, "totalOtherIncomeExpenseNet": 9650000, "ebit": -1344000, "interestExpense": {}, "incomeBeforeTax": 8306000, "incomeTaxExpense": 0, "minorityInterest": {}, "netIncomeFromContinuingOps": 8306000, "discontinuedOperations": {}, "extraordinaryItems": {}, "effectOfAccountingCharges": {}, "otherItems": {}, "netIncome": 8306000, "netIncomeApplicableToCommonShares": 8306000}, {"maxAge": 1, "endDate": "2020-03-31", "totalRevenue": -285, "costOfRevenue": 0, "grossProfit": -285, "researchDevelopment": {}, "sellingGeneralAdministrative": -5562121, "nonRecurring": {}, "otherOperatingExpenses": 9248698, "totalOperatingExpenses": 3766184, "operatingIncome": -3766469, "totalOtherIncomeExpenseNet": 2731698, "ebit": -3766469, "interestExpense": {}, "incomeBeforeTax": -1034771, "incomeTaxExpense": -139, "minorityInterest": {}, "netIncomeFromContinuingOps": -1034632, "discontinuedOperations": {}, "extraordinaryItems": {}, "effectOfAccountingCharges": {}, "otherItems": {}, "netIncome": -1034632, "netIncomeApplicableToCommonShares": -1034632}, {"maxAge": 1, "endDate": "2019-12-31", "totalRevenue": 297000, "costOfRevenue": 0, "grossProfit": 297000, "researchDevelopment": {}, "sellingGeneralAdministrative": 580000, "nonRecurring": {}, "otherOperatingExpenses": 1087000, "totalOperatingExpenses": 1749000, "operatingIncome": -1452000, "totalOtherIncomeExpenseNet": 3467000, "ebit": -1452000, "interestExpense": {}, "incomeBeforeTax": 2015000, "incomeTaxExpense": 156000, "minorityInterest": {}, "netIncomeFromContinuingOps": 1859000, "discontinuedOperations": {}, "extraordinaryItems": {}, "effectOfAccountingCharges": {}, "otherItems": {}, "netIncome": 1859000, "netIncomeApplicableToCommonShares": 1859000}, {"maxAge": 1, "endDate": "2019-09-30", "totalRevenue": 0, "costOfRevenue": 0, "grossProfit": 0, "researchDevelopment": {}, "sellingGeneralAdministrative": 6718000, "nonRecurring": {}, "otherOperatingExpenses": 1760000, "totalOperatingExpenses": 8560000, "operatingIncome": -8560000, "totalOtherIncomeExpenseNet": -37291000, "ebit": -8560000, "interestExpense": {}, "incomeBeforeTax": -45851000, "incomeTaxExpense": 0, "minorityInterest": {}, "netIncomeFromContinuingOps": -45851000, "discontinuedOperations": {}, "extraordinaryItems": {}, "effectOfAccountingCharges": {}, "otherItems": {}, "netIncome": -45851000, "netIncomeApplicableToCommonShares": -45851000}], "maxAge": 86400}, "cashflowStatementHistoryQuarterly": {"cashflowStatements": [{"maxAge": 1, "endDate": "2020-06-30", "netIncome": 8306000, "changeToLiabilities": 0}, {"maxAge": 1, "endDate": "2020-03-31", "netIncome": -1034632, "changeToLiabilities": 0}, {"maxAge": 1, "endDate": "2019-12-31", "netIncome": 1859000, "changeToLiabilities": 0}, {"maxAge": 1, "endDate": "2019-09-30", "netIncome": -45851000, "changeToLiabilities": 0}], "maxAge": 86400}, "insiderHolders": {"holders": [{"maxAge": 1, "name": "Contact Consultancy Services Pvt Ltd", "relation": "Institution- Corporation", "url": "", "transactionDescription": "Acquisition", "latestTransDate": "2018-08-20", "positionDirect": 1697366, "positionDirectDate": "2018-08-20"}, {"maxAge": 1, "name": "Kanakiya (Daksha Kirit)", "relation": "UNREPORTED", "url": "", "transactionDescription": "Sale", "latestTransDate": "2009-12-23", "positionDirect": 0, "positionDirectDate": "2009-12-23"}, {"maxAge": 1, "name": "Kanakiya (Kirit Ramniklal)", "relation": "Promoter", "url": "", "transactionDescription": "Acquisition", "latestTransDate": "2016-03-28", "positionDirect": 7039406, "positionDirectDate": "2016-03-28"}, {"maxAge": 1, "name": "Poornima Commercial Pvt Ltd", "relation": "Institution- Corporation", "url": "", "transactionDescription": "Sale", "latestTransDate": "2010-01-15", "positionDirect": 550000, "positionDirectDate": "2010-01-15"}, {"maxAge": 1, "name": "Total Network Solutions Ltd", "relation": "Institution- Corporation", "url": "", "transactionDescription": "Sale", "latestTransDate": "2010-01-06", "positionDirect": 500000, "positionDirectDate": "2010-01-06"}, {"maxAge": 1, "name": "Western Bizcon Services Ltd", "relation": "Institution- Corporation", "url": "", "transactionDescription": "Sale", "latestTransDate": "2009-12-31", "positionDirectDate": "2009-12-31"}], "maxAge": 1}, "earnings": {"maxAge": 86400, "earningsChart": {"quarterly": [], "earningsDate": []}, "financialsChart": {"yearly": [{"date": 2017, "revenue": 4816750, "earnings": 29188829}, {"date": 2018, "revenue": 4328428, "earnings": 5425179}, {"date": 2019, "revenue": 52033420, "earnings": -201980514}, {"date": 2020, "revenue": 391715, "earnings": -65206632}], "quarterly": [{"date": "3Q2019", "revenue": 0, "earnings": -45851000}, {"date": "4Q2019", "revenue": 297000, "earnings": 1859000}, {"date": "1Q2020", "revenue": -285, "earnings": -1034632}, {"date": "2Q2020", "revenue": 0, "earnings": 8306000}]}, "financialCurrency": "INR"}, "calendarEvents": {"maxAge": 1, "earnings": {"earningsDate": []}}, "price": {"maxAge": 1, "regularMarketChangePercent": 0.03333337, "regularMarketChange": 0.030000031, "regularMarketTime": "2021-04-30 15:15:00", "priceHint": 4, "regularMarketPrice": 0.93, "regularMarketDayHigh": 0.94, "regularMarketDayLow": 0.87, "regularMarketVolume": 12602, "averageDailyVolume10Day": 32812, "averageDailyVolume3Month": 83847, "regularMarketPreviousClose": 0.9, "regularMarketSource": "FREE_REALTIME", "regularMarketOpen": 0.87, "exchange": "BSE", "exchangeName": "BSE", "exchangeDataDelayedBy": 0, "marketState": "CLOSED", "quoteType": "EQUITY", "symbol": "BSELINFRA.BO", "underlyingSymbol": null, "shortName": "BSEL INFRASTRUCTURE REALTY LTD", "longName": "BSEL Infrastructure Realty Limited", "currency": "INR", "quoteSourceName": "Delayed Quote", "currencySymbol": "\u20b9", "fromCurrency": null, "toCurrency": null, "lastMarket": null, "marketCap": 76833624}, "balanceSheetHistory": {"balanceSheetStatements": [{"maxAge": 1, "endDate": "2020-03-31", "cash": 24696721, "netReceivables": 4097368465, "inventory": 3632640312, "totalCurrentAssets": 7754705498, "longTermInvestments": 206689893, "propertyPlantEquipment": 12960918, "otherAssets": 16733924, "totalAssets": 7991090233, "accountsPayable": 241329126, "otherCurrentLiab": 4063436101, "otherLiab": 178930, "totalCurrentLiabilities": 4305251104, "totalLiab": 4305430034, "commonStock": 826168400, "retainedEarnings": -1005233874, "treasuryStock": 1939973229, "capitalSurplus": 1924752444, "otherStockholderEquity": 1939973229, "totalStockholderEquity": 3685660199, "netTangibleAssets": 3685660199}, {"maxAge": 1, "endDate": "2019-03-31", "cash": 26398443, "netReceivables": 3762090600, "inventory": 3360059291, "otherCurrentAssets": 1900000, "totalCurrentAssets": 7148548334, "longTermInvestments": 289937733, "propertyPlantEquipment": 16369896, "otherAssets": 17883519, "totalAssets": 7472739482, "accountsPayable": 222035024, "otherCurrentLiab": 3737392539, "otherLiab": 178930, "totalCurrentLiabilities": 3968053454, "totalLiab": 3968232384, "commonStock": 826168400, "retainedEarnings": -940027242, "treasuryStock": 1693613496, "capitalSurplus": 1924752444, "otherStockholderEquity": 1693613496, "totalStockholderEquity": 3504507098, "netTangibleAssets": 3504507098}, {"maxAge": 1, "endDate": "2018-03-31", "cash": 4477980, "netReceivables": 3562046724, "inventory": 3362407195, "totalCurrentAssets": 6928931899, "longTermInvestments": 277384042, "propertyPlantEquipment": 17689221, "otherAssets": 17812774, "totalAssets": 7241817936, "accountsPayable": 207823097, "otherCurrentLiab": 3504969935, "otherLiab": 3408374, "totalCurrentLiabilities": 3713804228, "totalLiab": 3717212602, "commonStock": 826168400, "retainedEarnings": -738046728, "treasuryStock": 1511731218, "capitalSurplus": 1924752444, "otherStockholderEquity": 1511731218, "totalStockholderEquity": 3524605334, "netTangibleAssets": 3524605334}, {"maxAge": 1, "endDate": "2017-03-31", "cash": 15437871, "netReceivables": 3554886821, "inventory": 3353104314, "totalCurrentAssets": 6923429006, "longTermInvestments": 248053830, "propertyPlantEquipment": 19344643, "otherAssets": 17812746, "totalAssets": 7208640225, "accountsPayable": 207169951, "otherCurrentLiab": 3486233503, "otherLiab": 3742951, "totalCurrentLiabilities": 3694125435, "totalLiab": 3697868386, "commonStock": 826168400, "retainedEarnings": -743471907, "treasuryStock": 1503322902, "capitalSurplus": 1924752444, "otherStockholderEquity": 1503322902, "totalStockholderEquity": 3510771839, "netTangibleAssets": 3510771839}], "maxAge": 86400}, "earningsTrend": {"trend": [{"maxAge": 1, "period": "0q", "endDate": null, "growth": {}, "earningsEstimate": {"avg": 0.0, "low": 0.0, "high": 0.0, "yearAgoEps": {}, "numberOfAnalysts": 0, "growth": {}}, "revenueEstimate": {"avg": 0, "low": 0, "high": 0, "numberOfAnalysts": 0, "yearAgoRevenue": {}, "growth": {}}, "epsTrend": {"current": 0.0, "7daysAgo": 0.0, "30daysAgo": 0.0, "60daysAgo": 0.0, "90daysAgo": 0.0}, "epsRevisions": {"upLast7days": 0, "upLast30days": 0, "downLast30days": 0, "downLast90days": {}}}, {"maxAge": 1, "period": "+1q", "endDate": null, "growth": {}, "earningsEstimate": {"avg": 0.0, "low": 0.0, "high": 0.0, "yearAgoEps": {}, "numberOfAnalysts": 0, "growth": {}}, "revenueEstimate": {"avg": 0, "low": 0, "high": 0, "numberOfAnalysts": 0, "yearAgoRevenue": {}, "growth": {}}, "epsTrend": {"current": 0.0, "7daysAgo": 0.0, "30daysAgo": 0.0, "60daysAgo": 0.0, "90daysAgo": 0.0}, "epsRevisions": {"upLast7days": 0, "upLast30days": 0, "downLast30days": 0, "downLast90days": {}}}, {"maxAge": 1, "period": "0y", "endDate": null, "growth": {}, "earningsEstimate": {"avg": 0.0, "low": 0.0, "high": 0.0, "yearAgoEps": {}, "numberOfAnalysts": 0, "growth": {}}, "revenueEstimate": {"avg": 0, "low": 0, "high": 0, "numberOfAnalysts": 0, "yearAgoRevenue": {}, "growth": {}}, "epsTrend": {"current": 0.0, "7daysAgo": 0.0, "30daysAgo": 0.0, "60daysAgo": 0.0, "90daysAgo": 0.0}, "epsRevisions": {"upLast7days": 0, "upLast30days": 0, "downLast30days": 0, "downLast90days": {}}}, {"maxAge": 1, "period": "+1y", "endDate": null, "growth": {}, "earningsEstimate": {"avg": 0.0, "low": 0.0, "high": 0.0, "yearAgoEps": {}, "numberOfAnalysts": 0, "growth": {}}, "revenueEstimate": {"avg": 0, "low": 0, "high": 0, "numberOfAnalysts": 0, "yearAgoRevenue": {}, "growth": {}}, "epsTrend": {"current": 0.0, "7daysAgo": 0.0, "30daysAgo": 0.0, "60daysAgo": 0.0, "90daysAgo": 0.0}, "epsRevisions": {"upLast7days": 0, "upLast30days": 0, "downLast30days": 0, "downLast90days": {}}}, {"maxAge": 1, "period": "+5y", "endDate": null, "growth": {}, "earningsEstimate": {"avg": {}, "low": {}, "high": {}, "yearAgoEps": {}, "numberOfAnalysts": {}, "growth": {}}, "revenueEstimate": {"avg": {}, "low": {}, "high": {}, "numberOfAnalysts": {}, "yearAgoRevenue": {}, "growth": {}}, "epsTrend": {"current": {}, "7daysAgo": {}, "30daysAgo": {}, "60daysAgo": {}, "90daysAgo": {}}, "epsRevisions": {"upLast7days": {}, "upLast30days": {}, "downLast30days": {}, "downLast90days": {}}}, {"maxAge": 1, "period": "-5y", "endDate": null, "growth": {}, "earningsEstimate": {"avg": {}, "low": {}, "high": {}, "yearAgoEps": {}, "numberOfAnalysts": {}, "growth": {}}, "revenueEstimate": {"avg": {}, "low": {}, "high": {}, "numberOfAnalysts": {}, "yearAgoRevenue": {}, "growth": {}}, "epsTrend": {"current": {}, "7daysAgo": {}, "30daysAgo": {}, "60daysAgo": {}, "90daysAgo": {}}, "epsRevisions": {"upLast7days": {}, "upLast30days": {}, "downLast30days": {}, "downLast90days": {}}}], "maxAge": 1}, "financialData": {"maxAge": 86400, "currentPrice": 0.93, "recommendationKey": "none", "grossProfits": 391715, "financialCurrency": "INR"}}}