{"BSHSL.NS": {"assetProfile": {"address1": "Shreenathji Industrial Estate", "address2": "Plot No. 11 Near Kuvadva GIDC 8-B, National Highway, Kuvadva", "city": "Rajkot", "zip": "360023", "country": "India", "phone": "91 96 3896 2396", "website": "http://www.bombaysuperseeds.com", "industry": "Agricultural Inputs", "sector": "Basic Materials", "longBusinessSummary": "Bombay Super Hybrid Seeds Limited engages in the research, production, processing, and marketing of hybrid agricultural seeds in India. It offers seeds of wheat, onion, groundnut, gram, bajra, coriander, fenugreek, beetroot, gum guar, black gram, sesame, guar, green gram, carrot, Lucerne, cumin, jowar, isabgol, mustard, toor, soybean, fennel, limabean, rajka bajri, chilly, brinjal, bhindi, ridge gourd, sponge gourd, bitter gourd, cauliflower, cucumber, cabbage, peas, tomato, papaya, watermelon, raddish and drumstick seeds. The company offers its seeds under the Kasturi and Bombay Super brands. It also imports and exports its seeds. The company was founded in 1983 and is based in Rajkot, India.", "fullTimeEmployees": 55, "companyOfficers": [{"maxAge": 1, "name": "Mr. Arvindkumar Jadavjibhai Kakadia", "age": 37, "title": "Chairman & MD", "yearBorn": 1983, "fiscalYear": 2020, "totalPay": 1700000, "exercisedValue": 0, "unexercisedValue": 0}, {"maxAge": 1, "name": "Mr. Kiritkumar Jadavijibhai Kakadia", "age": 39, "title": "CFO & Whole Time Director", "yearBorn": 1981, "fiscalYear": 2020, "totalPay": 1700000, "exercisedValue": 0, "unexercisedValue": 0}, {"maxAge": 1, "name": "Ms. Mona Kishorebhai Rathod", "title": "Company Sec. & Compliance Officer", "fiscalYear": 2020, "totalPay": 286000, "exercisedValue": 0, "unexercisedValue": 0}, {"maxAge": 1, "name": "Mr. Jadavjibhai Devrajbhai Kakadia Patel", "age": 62, "title": "Exec. Director", "yearBorn": 1958, "fiscalYear": 2020, "totalPay": 1700000, "exercisedValue": 0, "unexercisedValue": 0}, {"maxAge": 1, "name": "Mr. Kishorkumar Devrajbhai Kakadiya", "age": 54, "title": "Exec. Director", "yearBorn": 1966, "fiscalYear": 2020, "totalPay": 1700000, "exercisedValue": 0, "unexercisedValue": 0}, {"maxAge": 1, "name": "Mr. Hemang Chandrakant Baxi", "age": 55, "title": "Director of Research & Exec. Director", "yearBorn": 1965, "fiscalYear": 2020, "totalPay": 1300000, "exercisedValue": 0, "unexercisedValue": 0}, {"maxAge": 1, "name": "Dilip  Patil", "title": "Administrator & Accounts Mang.", "exercisedValue": 0, "unexercisedValue": 0}], "compensationAsOfEpochDate": "2020-12-31 05:30:00", "maxAge": 86400}, "cashflowStatementHistory": {"cashflowStatements": [{"maxAge": 1, "endDate": "2020-03-31", "netIncome": 26647056, "depreciation": 15019862, "changeToNetincome": 10648807, "changeToAccountReceivables": -53280639, "changeToLiabilities": 34045674, "changeToInventory": -35761066, "totalCashFromOperatingActivities": -1650922, "capitalExpenditures": -9642770, "otherCashflowsFromInvestingActivities": 6200, "totalCashflowsFromInvestingActivities": -9636570, "netBorrowings": 23634927, "otherCashflowsFromFinancingActivities": -11282193, "totalCashFromFinancingActivities": 12352734, "changeInCash": 1065242}, {"maxAge": 1, "endDate": "2019-03-31", "netIncome": 20842138, "depreciation": 9723720, "changeToNetincome": 7276817, "changeToAccountReceivables": 37487538, "changeToLiabilities": -21059433, "changeToInventory": -108879442, "totalCashFromOperatingActivities": -53648021, "capitalExpenditures": -56684124, "otherCashflowsFromInvestingActivities": 22928880, "totalCashflowsFromInvestingActivities": -32180608, "netBorrowings": -26385950, "otherCashflowsFromFinancingActivities": -9591188, "totalCashFromFinancingActivities": 67942862, "changeInCash": -17885767, "issuanceOfStock": 103920000}, {"maxAge": 1, "endDate": "2018-03-31", "netIncome": 11784523, "depreciation": 6809927, "changeToNetincome": 12336833, "changeToAccountReceivables": -16516614, "changeToLiabilities": 26232237, "changeToInventory": -58141631, "totalCashFromOperatingActivities": -17375801, "capitalExpenditures": -32295222, "otherCashflowsFromInvestingActivities": 13669438, "totalCashflowsFromInvestingActivities": -18625784, "netBorrowings": 39677836, "otherCashflowsFromFinancingActivities": -10534119, "totalCashFromFinancingActivities": 54143577, "changeInCash": 18141992, "issuanceOfStock": 24999860}, {"maxAge": 1, "endDate": "2017-03-31", "netIncome": 8516894, "depreciation": 4601831, "changeToNetincome": 6507308, "changeToAccountReceivables": -22693699, "changeToLiabilities": 14248574, "changeToInventory": -4298808, "totalCashFromOperatingActivities": 7001024, "capitalExpenditures": -28282265, "otherCashflowsFromInvestingActivities": 13669438, "totalCashflowsFromInvestingActivities": -27957265, "netBorrowings": 25791747, "otherCashflowsFromFinancingActivities": -6733999, "totalCashFromFinancingActivities": 19057748, "changeInCash": -1898493, "issuanceOfStock": 24999860}], "maxAge": 86400}, "institutionOwnership": {"maxAge": 1, "ownershipList": []}, "majorHoldersBreakdown": {"maxAge": 1}, "balanceSheetHistoryQuarterly": {"balanceSheetStatements": [{"maxAge": 1, "endDate": "2020-12-31", "totalStockholderEquity": 252786000, "netTangibleAssets": 252786000}, {"maxAge": 1, "endDate": "2020-09-30", "cash": 88813000, "netReceivables": 94103000, "inventory": 276484000, "otherCurrentAssets": 45434000, "totalCurrentAssets": 504834000, "propertyPlantEquipment": 80561000, "otherAssets": 4519000, "deferredLongTermAssetCharges": 2346000, "totalAssets": 589914000, "accountsPayable": 142315000, "shortLongTermDebt": 6258000, "otherCurrentLiab": 124283000, "longTermDebt": 22048000, "otherLiab": 8103000, "deferredLongTermLiab": 2173000, "totalCurrentLiabilities": 306977000, "totalLiab": 337128000, "commonStock": 104937000, "treasuryStock": 147849000, "otherStockholderEquity": 147849000, "totalStockholderEquity": 252786000, "netTangibleAssets": 252786000}, {"maxAge": 1, "endDate": "2020-06-30", "totalStockholderEquity": 233425388, "netTangibleAssets": 233425388}, {"maxAge": 1, "endDate": "2019-12-31"}], "maxAge": 86400}, "indexTrend": {"maxAge": 1, "symbol": "SP5", "peRatio": 19.7411, "pegRatio": 1.34172, "estimates": [{"period": "0q", "growth": 0.549}, {"period": "+1q", "growth": 0.431}, {"period": "0y", "growth": 0.305}, {"period": "+1y", "growth": 0.109}, {"period": "+5y", "growth": 0.120865}, {"period": "-5y"}]}, "defaultKeyStatistics": {"maxAge": 1, "priceHint": 2, "enterpriseValue": 1239024384, "profitMargins": 0.025339998, "floatShares": 1283373, "beta": -0.148075, "category": null, "bookValue": 26.992, "priceToBook": 4.9848104, "fundFamily": null, "legalType": null, "lastFiscalYearEnd": "2020-03-31 05:30:00", "nextFiscalYearEnd": "2022-03-31 05:30:00", "mostRecentQuarter": "2020-12-31 05:30:00", "earningsQuarterlyGrowth": 1.569, "netIncomeToCommon": 41142936, "trailingEps": 3.67, "lastSplitFactor": "4:3", "lastSplitDate": "2020-08-27 05:30:00", "enterpriseToRevenue": 0.763, "enterpriseToEbitda": 16.923, "52WeekChange": 0.22111237, "SandP52WeekChange": 0.48148263}, "summaryProfile": {"address1": "Shreenathji Industrial Estate", "address2": "Plot No. 11 Near Kuvadva GIDC 8-B, National Highway, Kuvadva", "city": "Rajkot", "zip": "360023", "country": "India", "phone": "91 96 3896 2396", "website": "http://www.bombaysuperseeds.com", "industry": "Agricultural Inputs", "sector": "Basic Materials", "longBusinessSummary": "Bombay Super Hybrid Seeds Limited engages in the research, production, processing, and marketing of hybrid agricultural seeds in India. It offers seeds of wheat, onion, groundnut, gram, bajra, coriander, fenugreek, beetroot, gum guar, black gram, sesame, guar, green gram, carrot, Lucerne, cumin, jowar, isabgol, mustard, toor, soybean, fennel, limabean, rajka bajri, chilly, brinjal, bhindi, ridge gourd, sponge gourd, bitter gourd, cauliflower, cucumber, cabbage, peas, tomato, papaya, watermelon, raddish and drumstick seeds. The company offers its seeds under the Kasturi and Bombay Super brands. It also imports and exports its seeds. The company was founded in 1983 and is based in Rajkot, India.", "fullTimeEmployees": 55, "companyOfficers": [], "maxAge": 86400}, "netSharePurchaseActivity": {"maxAge": 1, "period": "6m", "buyInfoCount": 0, "buyInfoShares": 0, "sellInfoCount": 0, "netInfoCount": 0, "netInfoShares": 0, "totalInsiderShares": 0}, "quoteType": {"exchange": "NSI", "quoteType": "EQUITY", "symbol": "BSHSL.NS", "underlyingSymbol": "BSHSL.NS", "shortName": "Bombay Super Hybrid Seeds", "longName": "Bombay Super Hybrid Seeds Limited", "firstTradeDateEpochUtc": "2018-05-10 09:15:00", "timeZoneFullName": "Asia/Kolkata", "timeZoneShortName": "IST", "uuid": "0c1c7aa5-cae1-30c0-a9b8-178882a08504", "messageBoardId": "finmb_548568313", "gmtOffSetMilliseconds": 19800000, "maxAge": 1}, "incomeStatementHistory": {"incomeStatementHistory": [{"maxAge": 1, "endDate": "2020-03-31", "totalRevenue": 1032483911, "costOfRevenue": 893441480, "grossProfit": 139042431, "researchDevelopment": {}, "sellingGeneralAdministrative": 28990606, "nonRecurring": {}, "otherOperatingExpenses": 50273569, "totalOperatingExpenses": 988754901, "operatingIncome": 43729010, "totalOtherIncomeExpenseNet": -7851264, "ebit": 43729010, "interestExpense": -9983371, "incomeBeforeTax": 35877746, "incomeTaxExpense": 9230690, "minorityInterest": {}, "netIncomeFromContinuingOps": 26647056, "discontinuedOperations": {}, "extraordinaryItems": {}, "effectOfAccountingCharges": {}, "otherItems": {}, "netIncome": 26647056, "netIncomeApplicableToCommonShares": 26647056}, {"maxAge": 1, "endDate": "2019-03-31", "totalRevenue": 746045427, "costOfRevenue": 638618858, "grossProfit": 107426569, "researchDevelopment": {}, "sellingGeneralAdministrative": 29791315, "nonRecurring": {}, "otherOperatingExpenses": 34052014, "totalOperatingExpenses": 713146548, "operatingIncome": 32898879, "totalOtherIncomeExpenseNet": -4887928, "ebit": 32898879, "interestExpense": -8139504, "incomeBeforeTax": 28010951, "incomeTaxExpense": 7168813, "minorityInterest": {}, "netIncomeFromContinuingOps": 20842138, "discontinuedOperations": {}, "extraordinaryItems": {}, "effectOfAccountingCharges": {}, "otherItems": {}, "netIncome": 20842138, "netIncomeApplicableToCommonShares": 20842138}, {"maxAge": 1, "endDate": "2018-03-31", "totalRevenue": 823042608, "costOfRevenue": 727751061, "grossProfit": 95291547, "researchDevelopment": {}, "sellingGeneralAdministrative": 28144671, "nonRecurring": {}, "otherOperatingExpenses": 32274402, "totalOperatingExpenses": 795098985, "operatingIncome": 27943623, "totalOtherIncomeExpenseNet": -9838345, "ebit": 27943623, "interestExpense": -10534119, "incomeBeforeTax": 18105278, "incomeTaxExpense": 6320755, "minorityInterest": {}, "netIncomeFromContinuingOps": 11784523, "discontinuedOperations": {}, "extraordinaryItems": {}, "effectOfAccountingCharges": {}, "otherItems": {}, "netIncome": 11784523, "netIncomeApplicableToCommonShares": 11784523}, {"maxAge": 1, "endDate": "2017-03-31", "totalRevenue": 1066175100, "costOfRevenue": 996218691, "grossProfit": 69956409, "researchDevelopment": {}, "sellingGeneralAdministrative": 22803686, "nonRecurring": {}, "otherOperatingExpenses": 33545562, "totalOperatingExpenses": 1057288694, "operatingIncome": 8886406, "totalOtherIncomeExpenseNet": 3982534, "ebit": 8886406, "interestExpense": -6733999, "incomeBeforeTax": 12868940, "incomeTaxExpense": 4352046, "minorityInterest": {}, "netIncomeFromContinuingOps": 8516894, "discontinuedOperations": {}, "extraordinaryItems": {}, "effectOfAccountingCharges": {}, "otherItems": {}, "netIncome": 8516894, "netIncomeApplicableToCommonShares": 8516894}], "maxAge": 86400}, "fundOwnership": {"maxAge": 1, "ownershipList": []}, "summaryDetail": {"maxAge": 1, "priceHint": 2, "previousClose": 135.05, "open": 137.95, "dayLow": 132.45, "dayHigh": 137.95, "regularMarketPreviousClose": 135.05, "regularMarketOpen": 137.95, "regularMarketDayLow": 132.45, "regularMarketDayHigh": 137.95, "payoutRatio": 0.0, "beta": -0.148075, "trailingPE": 36.662125, "volume": 6350, "regularMarketVolume": 6350, "averageVolume": 0, "averageVolume10days": 0, "averageDailyVolume10Day": 0, "bid": 0.0, "ask": 0.0, "fiftyTwoWeekLow": 64.27502, "fiftyTwoWeekHigh": 137.95, "fiftyDayAverage": 96.3, "twoHundredDayAverage": 95.953926, "currency": "INR", "fromCurrency": null, "toCurrency": null, "lastMarket": null, "algorithm": null, "tradeable": false}, "incomeStatementHistoryQuarterly": {"incomeStatementHistory": [{"maxAge": 1, "endDate": "2020-12-31", "totalRevenue": 517987688, "costOfRevenue": 472942577, "grossProfit": 45045111, "researchDevelopment": {}, "sellingGeneralAdministrative": 5180281, "nonRecurring": {}, "otherOperatingExpenses": 14739973, "totalOperatingExpenses": 496633530, "operatingIncome": 21354158, "totalOtherIncomeExpenseNet": -1069894, "ebit": 21354158, "interestExpense": -1897213, "incomeBeforeTax": 20284264, "incomeTaxExpense": 4390220, "minorityInterest": {}, "netIncomeFromContinuingOps": 15894044, "discontinuedOperations": {}, "extraordinaryItems": {}, "effectOfAccountingCharges": {}, "otherItems": {}, "netIncome": 15894044, "netIncomeApplicableToCommonShares": 15894044}, {"maxAge": 1, "endDate": "2020-09-30", "totalRevenue": 176332000, "costOfRevenue": 150685000, "grossProfit": 25647000, "researchDevelopment": {}, "sellingGeneralAdministrative": 5229000, "nonRecurring": {}, "otherOperatingExpenses": 13029000, "totalOperatingExpenses": 172725000, "operatingIncome": 3607000, "totalOtherIncomeExpenseNet": 883000, "ebit": 3607000, "interestExpense": -699000, "incomeBeforeTax": 4490000, "incomeTaxExpense": 182000, "minorityInterest": {}, "netIncomeFromContinuingOps": 4308000, "discontinuedOperations": {}, "extraordinaryItems": {}, "effectOfAccountingCharges": {}, "otherItems": {}, "netIncome": 4308000, "netIncomeApplicableToCommonShares": 4308000}, {"maxAge": 1, "endDate": "2020-06-30", "totalRevenue": 456693500, "costOfRevenue": 399523500, "grossProfit": 57170000, "researchDevelopment": {}, "sellingGeneralAdministrative": 5261500, "nonRecurring": {}, "otherOperatingExpenses": 35629000, "totalOperatingExpenses": 444136500, "operatingIncome": 12557000, "totalOtherIncomeExpenseNet": -785000, "ebit": 12557000, "interestExpense": -1597000, "incomeBeforeTax": 11772000, "incomeTaxExpense": 2091500, "minorityInterest": {}, "netIncomeFromContinuingOps": 9680500, "discontinuedOperations": {}, "extraordinaryItems": {}, "effectOfAccountingCharges": {}, "otherItems": {}, "netIncome": 9680500, "netIncomeApplicableToCommonShares": 9680500}, {"maxAge": 1, "endDate": "2019-12-31", "totalRevenue": 297126905, "costOfRevenue": 263546352, "grossProfit": 33580553, "researchDevelopment": {}, "sellingGeneralAdministrative": 4892293, "nonRecurring": {}, "otherOperatingExpenses": 16831972, "totalOperatingExpenses": 287848857, "operatingIncome": 9278048, "totalOtherIncomeExpenseNet": -1861949, "ebit": 9278048, "interestExpense": -3333708, "incomeBeforeTax": 7416099, "incomeTaxExpense": 1229612, "minorityInterest": {}, "netIncomeFromContinuingOps": 6186487, "discontinuedOperations": {}, "extraordinaryItems": {}, "effectOfAccountingCharges": {}, "otherItems": {}, "netIncome": 6186487, "netIncomeApplicableToCommonShares": 6186487}], "maxAge": 86400}, "cashflowStatementHistoryQuarterly": {"cashflowStatements": [{"maxAge": 1, "endDate": "2020-12-31", "netIncome": 15894044, "changeToLiabilities": 0}, {"maxAge": 1, "endDate": "2020-09-30", "netIncome": 4308000, "depreciation": 3722500, "changeToNetincome": -817500, "changeToAccountReceivables": -19410000, "changeToLiabilities": 48521000, "changeToInventory": 4478500, "totalCashFromOperatingActivities": 46175000, "capitalExpenditures": -707000, "totalCashflowsFromInvestingActivities": -707000, "netBorrowings": -340500, "otherCashflowsFromFinancingActivities": -1597000, "totalCashFromFinancingActivities": -1937500, "changeInCash": 43530500}, {"maxAge": 1, "endDate": "2020-06-30", "netIncome": 9680500, "depreciation": 3722500, "changeToNetincome": -817500, "changeToAccountReceivables": -19410000, "changeToLiabilities": 48521000, "changeToInventory": 4478500, "totalCashFromOperatingActivities": 46175000, "capitalExpenditures": -707000, "totalCashflowsFromInvestingActivities": -707000, "netBorrowings": -340500, "otherCashflowsFromFinancingActivities": -1597000, "totalCashFromFinancingActivities": -1937500, "changeInCash": 43530500}, {"maxAge": 1, "endDate": "2019-12-31", "netIncome": 6186487, "depreciation": 3722500, "changeToNetincome": -817500, "changeToAccountReceivables": -19410000, "changeToLiabilities": 0, "changeToInventory": 4478500, "totalCashFromOperatingActivities": 46175000, "capitalExpenditures": -707000, "totalCashflowsFromInvestingActivities": -707000, "netBorrowings": -340500, "otherCashflowsFromFinancingActivities": -1597000, "totalCashFromFinancingActivities": -1937500, "changeInCash": 43530500}], "maxAge": 86400}, "insiderHolders": {"holders": [], "maxAge": 1}, "calendarEvents": {"maxAge": 1, "earnings": {"earningsDate": []}}, "price": {"maxAge": 1, "regularMarketChangePercent": -0.0037023323, "regularMarketChange": -0.5, "regularMarketTime": "2021-04-30 15:28:59", "priceHint": 2, "regularMarketPrice": 134.55, "regularMarketDayHigh": 137.95, "regularMarketDayLow": 132.45, "regularMarketVolume": 6350, "averageDailyVolume10Day": 0, "averageDailyVolume3Month": 0, "regularMarketPreviousClose": 135.05, "regularMarketSource": "FREE_REALTIME", "regularMarketOpen": 137.95, "exchange": "NSI", "exchangeName": "NSE", "exchangeDataDelayedBy": 15, "marketState": "CLOSED", "quoteType": "EQUITY", "symbol": "BSHSL.NS", "underlyingSymbol": null, "shortName": "Bombay Super Hybrid Seeds", "longName": "Bombay Super Hybrid Seeds Limited", "currency": "INR", "quoteSourceName": "Delayed Quote", "currencySymbol": "\u20b9", "fromCurrency": null, "toCurrency": null, "lastMarket": null}, "balanceSheetHistory": {"balanceSheetStatements": [{"maxAge": 1, "endDate": "2020-03-31", "cash": 1752985, "netReceivables": 71567369, "inventory": 285440944, "otherCurrentAssets": 19665479, "totalCurrentAssets": 378898854, "propertyPlantEquipment": 86076907, "otherAssets": 4216489, "deferredLongTermAssetCharges": 1528311, "totalAssets": 469192250, "accountsPayable": 14505012, "shortLongTermDebt": 6258033, "otherCurrentLiab": 56232092, "longTermDebt": 22729283, "otherLiab": 8493880, "deferredLongTermLiab": 2688177, "totalCurrentLiabilities": 204543699, "totalLiab": 235766862, "commonStock": 78702960, "retainedEarnings": 70945528, "capitalSurplus": 83776900, "totalStockholderEquity": 233425388, "netTangibleAssets": 233425388}, {"maxAge": 1, "endDate": "2019-03-31", "cash": 687743, "netReceivables": 30344935, "inventory": 249679878, "otherCurrentAssets": 7832531, "totalCurrentAssets": 288666907, "propertyPlantEquipment": 91453999, "otherAssets": 4743687, "deferredLongTermAssetCharges": 901126, "totalAssets": 384864593, "accountsPayable": 9023998, "shortLongTermDebt": 7184179, "otherCurrentLiab": 30077732, "longTermDebt": 25810452, "otherLiab": 5141800, "deferredLongTermLiab": 3842561, "totalCurrentLiabilities": 147134009, "totalLiab": 178086261, "commonStock": 65585800, "retainedEarnings": 44298472, "capitalSurplus": 96894060, "totalStockholderEquity": 206778332, "netTangibleAssets": 206778332}, {"maxAge": 1, "endDate": "2018-03-31", "cash": 18573510, "netReceivables": 42090280, "inventory": 140800436, "otherCurrentAssets": 36637982, "totalCurrentAssets": 238195993, "propertyPlantEquipment": 66466297, "otherAssets": 2885548, "deferredLongTermAssetCharges": 1117569, "totalAssets": 307547838, "accountsPayable": 26684776, "shortLongTermDebt": 7147447, "otherCurrentLiab": 35575725, "longTermDebt": 80187415, "otherLiab": 3830000, "deferredLongTermLiab": 1767979, "totalCurrentLiabilities": 141514229, "totalLiab": 225531644, "commonStock": 48265800, "retainedEarnings": 23456334, "capitalSurplus": 10294060, "totalStockholderEquity": 82016194, "netTangibleAssets": 82016194}, {"maxAge": 1, "endDate": "2017-03-31", "cash": 431518, "netReceivables": 36182327, "inventory": 82658805, "otherCurrentAssets": 28170989, "totalCurrentAssets": 147539684, "propertyPlantEquipment": 54112266, "otherAssets": 574425, "deferredLongTermAssetCharges": 299077, "totalAssets": 202226375, "accountsPayable": 21808639, "shortLongTermDebt": 4414569, "otherCurrentLiab": 15548008, "longTermDebt": 43242457, "otherLiab": 2510000, "deferredLongTermLiab": 275348, "totalCurrentLiabilities": 111242107, "totalLiab": 156994564, "commonStock": 33560000, "retainedEarnings": 11671811, "totalStockholderEquity": 45231811, "netTangibleAssets": 45231811}], "maxAge": 86400}, "financialData": {"maxAge": 86400, "currentPrice": 134.55, "recommendationKey": "none", "totalCash": 88813000, "totalCashPerShare": 9.443, "ebitda": 73214112, "totalDebt": 62427000, "totalRevenue": 1623443200, "debtToEquity": 24.695, "revenuePerShare": 144.822, "grossProfits": 139042431, "earningsGrowth": 0.943, "revenueGrowth": 0.743, "grossMargins": 0.12055001, "ebitdaMargins": 0.045100003, "operatingMargins": 0.03611, "profitMargins": 0.025339998, "financialCurrency": "INR"}}}