{"BSL.BO": {"recommendationTrend": {"trend": [{"period": "0m", "strongBuy": 0, "buy": 0, "hold": 0, "sell": 0, "strongSell": 0}, {"period": "-1m", "strongBuy": 0, "buy": 0, "hold": 0, "sell": 0, "strongSell": 0}, {"period": "-2m", "strongBuy": 0, "buy": 0, "hold": 0, "sell": 0, "strongSell": 0}, {"period": "-3m", "strongBuy": 0, "buy": 0, "hold": 0, "sell": 0, "strongSell": 0}], "maxAge": 86400}, "cashflowStatementHistory": {"cashflowStatements": [{"maxAge": 1, "endDate": "2020-03-31", "netIncome": 16631000, "depreciation": 134131000, "changeToNetincome": 126980000, "changeToAccountReceivables": 152492000, "changeToLiabilities": 56526000, "changeToInventory": -210674000, "changeToOperatingActivities": 25964000, "totalCashFromOperatingActivities": 303463000, "capitalExpenditures": -20829000, "totalCashflowsFromInvestingActivities": -15536000, "netBorrowings": -104049000, "otherCashflowsFromFinancingActivities": -165091000, "totalCashFromFinancingActivities": -269140000, "changeInCash": 18787000}, {"maxAge": 1, "endDate": "2019-03-31", "netIncome": 8723000, "depreciation": 164139000, "changeToNetincome": 115004000, "changeToAccountReceivables": 20637000, "changeToLiabilities": -21837000, "changeToInventory": -22499000, "changeToOperatingActivities": -64459000, "totalCashFromOperatingActivities": 201878000, "capitalExpenditures": -41626000, "totalCashflowsFromInvestingActivities": -1091000, "dividendsPaid": -10292000, "netBorrowings": -30463000, "otherCashflowsFromFinancingActivities": -160639000, "totalCashFromFinancingActivities": -201394000, "changeInCash": -607000}, {"maxAge": 1, "endDate": "2018-03-31", "netIncome": 10272000, "depreciation": 175769000, "changeToNetincome": 88577000, "changeToAccountReceivables": 2576000, "changeToLiabilities": 162781000, "changeToInventory": -135693000, "changeToOperatingActivities": 67188000, "totalCashFromOperatingActivities": 373831000, "capitalExpenditures": -196804000, "totalCashflowsFromInvestingActivities": -168027000, "dividendsPaid": -12351000, "netBorrowings": -77786000, "otherCashflowsFromFinancingActivities": -116584000, "totalCashFromFinancingActivities": -206721000, "changeInCash": -917000}, {"maxAge": 1, "endDate": "2017-03-31", "netIncome": 59236000, "depreciation": 162433000, "changeToNetincome": 127845000, "changeToAccountReceivables": -152178000, "changeToLiabilities": 264948000, "changeToInventory": -328725000, "changeToOperatingActivities": -25132000, "totalCashFromOperatingActivities": 109713000, "capitalExpenditures": -253534000, "totalCashflowsFromInvestingActivities": -240125000, "dividendsPaid": -12353000, "netBorrowings": 257097000, "otherCashflowsFromFinancingActivities": -113014000, "totalCashFromFinancingActivities": 131730000, "changeInCash": 1318000}], "maxAge": 86400}, "institutionOwnership": {"maxAge": 1, "ownershipList": []}, "balanceSheetHistoryQuarterly": {"balanceSheetStatements": [{"maxAge": 1, "endDate": "2020-06-30", "totalStockholderEquity": 750500000, "netTangibleAssets": 748400000}, {"maxAge": 1, "endDate": "2020-03-31", "cash": 3367000, "shortTermInvestments": 2543000, "netReceivables": 822428000, "inventory": 1393814000, "otherCurrentAssets": 38130000, "totalCurrentAssets": 2289043000, "propertyPlantEquipment": 890424000, "intangibleAssets": 2035000, "otherAssets": 25062000, "totalAssets": 3206564000, "accountsPayable": 531979000, "shortLongTermDebt": 62957000, "otherCurrentLiab": 178179000, "longTermDebt": 227778000, "otherLiab": 79973000, "totalCurrentLiabilities": 2148341000, "totalLiab": 2456092000, "commonStock": 102922000, "retainedEarnings": 373810000, "treasuryStock": 81171000, "capitalSurplus": 192569000, "otherStockholderEquity": 81171000, "totalStockholderEquity": 750472000, "netTangibleAssets": 748437000}, {"maxAge": 1, "endDate": "2019-12-31", "totalStockholderEquity": 773900000, "netTangibleAssets": 771600000}, {"maxAge": 1, "endDate": "2019-09-30", "cash": 5100000, "shortTermInvestments": 13800000, "netReceivables": 1024500000, "inventory": 1189700000, "otherCurrentAssets": 193100000, "totalCurrentAssets": 2426200000, "propertyPlantEquipment": 944200000, "intangibleAssets": 2300000, "otherAssets": 25300000, "totalAssets": 3398000000, "accountsPayable": 625700000, "otherCurrentLiab": 353800000, "longTermDebt": 229000000, "otherLiab": 106000000, "totalCurrentLiabilities": 2289100000, "totalLiab": 2624100000, "commonStock": 102900000, "treasuryStock": 671000000, "otherStockholderEquity": 671000000, "totalStockholderEquity": 773900000, "netTangibleAssets": 771600000}], "maxAge": 86400}, "earningsHistory": {"history": [{"maxAge": 1, "epsActual": {}, "epsEstimate": {}, "epsDifference": {}, "surprisePercent": {}, "quarter": {}, "period": "-4q"}, {"maxAge": 1, "epsActual": {}, "epsEstimate": {}, "epsDifference": {}, "surprisePercent": {}, "quarter": {}, "period": "-3q"}, {"maxAge": 1, "epsActual": {}, "epsEstimate": {}, "epsDifference": {}, "surprisePercent": {}, "quarter": {}, "period": "-2q"}, {"maxAge": 1, "epsActual": {}, "epsEstimate": {}, "epsDifference": {}, "surprisePercent": {}, "quarter": {}, "period": "-1q"}], "maxAge": 86400}, "indexTrend": {"maxAge": 1, "symbol": "SP5", "peRatio": 19.7411, "pegRatio": 1.34172, "estimates": [{"period": "0q", "growth": 0.549}, {"period": "+1q", "growth": 0.431}, {"period": "0y", "growth": 0.305}, {"period": "+1y", "growth": 0.109}, {"period": "+5y", "growth": 0.120865}, {"period": "-5y"}]}, "industryTrend": {"maxAge": 1, "symbol": null, "estimates": []}, "insiderTransactions": {"transactions": [{"maxAge": 1, "shares": 12559, "filerUrl": "", "transactionText": "Gift at price 0.00 per share.", "filerName": "Jhunjhunwala (Ravi)", "filerRelation": "Promoter", "moneyText": "", "startDate": "2020-09-25", "ownership": "D"}, {"maxAge": 1, "shares": 12559, "filerUrl": "", "transactionText": "Gift at price 0.00 per share.", "filerName": "Chokani (Sushila Devi)", "filerRelation": "UNREPORTED", "moneyText": "", "startDate": "2020-09-25", "ownership": "D"}, {"maxAge": 1, "shares": 33070, "filerUrl": "", "transactionText": "", "filerName": "Jhunjhunwala (Ravi)", "filerRelation": "Promoter", "moneyText": "", "startDate": "2020-05-18", "ownership": "D"}, {"maxAge": 1, "shares": 33070, "filerUrl": "", "transactionText": "", "filerName": "Jhunjhunwala (Lakshmi Niwas)", "filerRelation": "Promoter", "moneyText": "", "startDate": "2020-05-18", "ownership": "D"}], "maxAge": 1}, "quoteType": {"exchange": "BSE", "quoteType": "EQUITY", "symbol": "BSL.BO", "underlyingSymbol": "BSL.BO", "shortName": "BSL LTD.", "longName": "BSL Limited", "firstTradeDateEpochUtc": "2000-08-08 09:15:00", "timeZoneFullName": "Asia/Kolkata", "timeZoneShortName": "IST", "uuid": "0d667b46-169a-39d5-a12c-6bf4aa795692", "messageBoardId": null, "gmtOffSetMilliseconds": 19800000, "maxAge": 1}, "incomeStatementHistory": {"incomeStatementHistory": [{"maxAge": 1, "endDate": "2020-03-31", "totalRevenue": 3900441000, "costOfRevenue": 1940056000, "grossProfit": 1960385000, "researchDevelopment": {}, "sellingGeneralAdministrative": 684660000, "nonRecurring": {}, "otherOperatingExpenses": 983913000, "totalOperatingExpenses": 3739046000, "operatingIncome": 161395000, "totalOtherIncomeExpenseNet": -170052000, "ebit": 161395000, "interestExpense": -165091000, "incomeBeforeTax": -8657000, "incomeTaxExpense": -25288000, "minorityInterest": {}, "netIncomeFromContinuingOps": 16631000, "discontinuedOperations": {}, "extraordinaryItems": {}, "effectOfAccountingCharges": {}, "otherItems": {}, "netIncome": 16631000, "netIncomeApplicableToCommonShares": 16631000}, {"maxAge": 1, "endDate": "2019-03-31", "totalRevenue": 4373068000, "costOfRevenue": 2310128000, "grossProfit": 2062940000, "researchDevelopment": {}, "sellingGeneralAdministrative": 661644000, "nonRecurring": {}, "otherOperatingExpenses": 1092953000, "totalOperatingExpenses": 4224697000, "operatingIncome": 148371000, "totalOtherIncomeExpenseNet": -136787000, "ebit": 148371000, "interestExpense": -158524000, "incomeBeforeTax": 11584000, "incomeTaxExpense": 2861000, "minorityInterest": {}, "netIncomeFromContinuingOps": 8723000, "discontinuedOperations": {}, "extraordinaryItems": {}, "effectOfAccountingCharges": {}, "otherItems": {}, "netIncome": 8723000, "netIncomeApplicableToCommonShares": 8723000}, {"maxAge": 1, "endDate": "2018-03-31", "totalRevenue": 4026812000, "costOfRevenue": 2084517000, "grossProfit": 1942295000, "researchDevelopment": {}, "sellingGeneralAdministrative": 648570000, "nonRecurring": {}, "otherOperatingExpenses": 995226000, "totalOperatingExpenses": 3898360000, "operatingIncome": 128452000, "totalOtherIncomeExpenseNet": -110913000, "ebit": 128452000, "interestExpense": -124385000, "incomeBeforeTax": 17539000, "incomeTaxExpense": 7267000, "minorityInterest": {}, "netIncomeFromContinuingOps": 10272000, "discontinuedOperations": {}, "extraordinaryItems": {}, "effectOfAccountingCharges": {}, "otherItems": {}, "netIncome": 10272000, "netIncomeApplicableToCommonShares": 10272000}, {"maxAge": 1, "endDate": "2017-03-31", "totalRevenue": 4398833000, "costOfRevenue": 2408550000, "grossProfit": 1990283000, "researchDevelopment": {}, "sellingGeneralAdministrative": 604629000, "nonRecurring": {}, "otherOperatingExpenses": 1029687000, "totalOperatingExpenses": 4201755000, "operatingIncome": 197078000, "totalOtherIncomeExpenseNet": -106373000, "ebit": 197078000, "interestExpense": -130700000, "incomeBeforeTax": 90705000, "incomeTaxExpense": 31469000, "minorityInterest": {}, "netIncomeFromContinuingOps": 59236000, "discontinuedOperations": {}, "extraordinaryItems": {}, "effectOfAccountingCharges": {}, "otherItems": {}, "netIncome": 59236000, "netIncomeApplicableToCommonShares": 59236000}], "maxAge": 86400}, "fundOwnership": {"maxAge": 1, "ownershipList": []}, "summaryDetail": {"maxAge": 1, "priceHint": 2, "previousClose": 37.7, "open": 38.0, "dayLow": 36.75, "dayHigh": 38.0, "regularMarketPreviousClose": 37.7, "regularMarketOpen": 38.0, "regularMarketDayLow": 36.75, "regularMarketDayHigh": 38.0, "volume": 2135, "regularMarketVolume": 2135, "averageVolume": 2393, "averageVolume10days": 3350, "averageDailyVolume10Day": 3350, "bid": 35.6, "ask": 36.75, "bidSize": 0, "askSize": 0, "marketCap": 379267552, "fiftyTwoWeekLow": 17.95, "fiftyTwoWeekHigh": 41.8, "fiftyDayAverage": 33.67857, "twoHundredDayAverage": 29.962774, "trailingAnnualDividendRate": 1.0, "trailingAnnualDividendYield": 0.026525198, "currency": "INR", "fromCurrency": null, "toCurrency": null, "lastMarket": null, "algorithm": null, "tradeable": false}, "sectorTrend": {"maxAge": 1, "symbol": null, "estimates": []}, "incomeStatementHistoryQuarterly": {"incomeStatementHistory": [{"maxAge": 1, "endDate": "2020-06-30", "totalRevenue": 466700000, "costOfRevenue": 256200000, "grossProfit": 210500000, "researchDevelopment": {}, "sellingGeneralAdministrative": 122900000, "nonRecurring": {}, "otherOperatingExpenses": 81200000, "totalOperatingExpenses": 491400000, "operatingIncome": -24700000, "totalOtherIncomeExpenseNet": -36500000, "ebit": -24700000, "interestExpense": -43300000, "incomeBeforeTax": -61200000, "incomeTaxExpense": -2500000, "minorityInterest": {}, "netIncomeFromContinuingOps": -58700000, "discontinuedOperations": {}, "extraordinaryItems": {}, "effectOfAccountingCharges": {}, "otherItems": {}, "netIncome": -58700000, "netIncomeApplicableToCommonShares": -58700000}, {"maxAge": 1, "endDate": "2020-03-31", "totalRevenue": 744341000, "costOfRevenue": 7656000, "grossProfit": 736685000, "researchDevelopment": {}, "sellingGeneralAdministrative": 184660000, "nonRecurring": {}, "otherOperatingExpenses": 500813000, "totalOperatingExpenses": 724046000, "operatingIncome": 20295000, "totalOtherIncomeExpenseNet": -45752000, "ebit": 20295000, "interestExpense": -25591000, "incomeBeforeTax": -25457000, "incomeTaxExpense": -12088000, "minorityInterest": {}, "netIncomeFromContinuingOps": -13369000, "discontinuedOperations": {}, "extraordinaryItems": {}, "effectOfAccountingCharges": {}, "otherItems": {}, "netIncome": -13369000, "netIncomeApplicableToCommonShares": -13369000}, {"maxAge": 1, "endDate": "2019-12-31", "totalRevenue": 996000000, "costOfRevenue": 582000000, "grossProfit": 414000000, "researchDevelopment": {}, "sellingGeneralAdministrative": 166400000, "nonRecurring": {}, "otherOperatingExpenses": 158200000, "totalOperatingExpenses": 938100000, "operatingIncome": 57900000, "totalOtherIncomeExpenseNet": -48200000, "ebit": 57900000, "interestExpense": -48300000, "incomeBeforeTax": 9700000, "incomeTaxExpense": -4300000, "minorityInterest": {}, "netIncomeFromContinuingOps": 14000000, "discontinuedOperations": {}, "extraordinaryItems": {}, "effectOfAccountingCharges": {}, "otherItems": {}, "netIncome": 14000000, "netIncomeApplicableToCommonShares": 14000000}, {"maxAge": 1, "endDate": "2019-09-30", "totalRevenue": 1178600000, "costOfRevenue": 741600000, "grossProfit": 437000000, "researchDevelopment": {}, "sellingGeneralAdministrative": 168100000, "nonRecurring": {}, "otherOperatingExpenses": 177900000, "totalOperatingExpenses": 1119600000, "operatingIncome": 59000000, "totalOtherIncomeExpenseNet": -38100000, "ebit": 59000000, "interestExpense": -46000000, "incomeBeforeTax": 20900000, "incomeTaxExpense": -6000000, "minorityInterest": {}, "netIncomeFromContinuingOps": 26900000, "discontinuedOperations": {}, "extraordinaryItems": {}, "effectOfAccountingCharges": {}, "otherItems": {}, "netIncome": 26900000, "netIncomeApplicableToCommonShares": 26900000}], "maxAge": 86400}, "cashflowStatementHistoryQuarterly": {"cashflowStatements": [{"maxAge": 1, "endDate": "2020-06-30", "netIncome": -58700000, "changeToLiabilities": 0}, {"maxAge": 1, "endDate": "2020-03-31", "netIncome": -13369000, "changeToLiabilities": 0}, {"maxAge": 1, "endDate": "2019-12-31", "netIncome": 14000000, "changeToLiabilities": 0}, {"maxAge": 1, "endDate": "2019-09-30", "netIncome": 26900000, "changeToLiabilities": 0}], "maxAge": 86400}, "insiderHolders": {"holders": [{"maxAge": 1, "name": "Chokani (Sushila Devi)", "relation": "UNREPORTED", "url": "", "transactionDescription": "Gift", "latestTransDate": "2020-09-25", "positionDirect": 0, "positionDirectDate": "2020-09-25"}, {"maxAge": 1, "name": "Jhunjhunwala (Lakshmi Niwas)", "relation": "Promoter", "url": "", "transactionDescription": "Other", "latestTransDate": "2020-05-18", "positionDirect": 0, "positionDirectDate": "2020-05-18"}, {"maxAge": 1, "name": "Jhunjhunwala (Ravi)", "relation": "Promoter", "url": "", "transactionDescription": "Gift", "latestTransDate": "2020-09-25", "positionDirect": 129865, "positionDirectDate": "2020-09-25"}], "maxAge": 1}, "earnings": {"maxAge": 86400, "earningsChart": {"quarterly": [], "earningsDate": ["2020-11-09 05:30:S", "2020-11-13 05:30:S"]}, "financialsChart": {"yearly": [{"date": 2017, "revenue": 4398833000, "earnings": 59236000}, {"date": 2018, "revenue": 4026812000, "earnings": 10272000}, {"date": 2019, "revenue": 4373068000, "earnings": 8723000}, {"date": 2020, "revenue": 3900441000, "earnings": 16631000}], "quarterly": [{"date": "3Q2019", "revenue": 1178600000, "earnings": 26900000}, {"date": "4Q2019", "revenue": 996000000, "earnings": 14000000}, {"date": "1Q2020", "revenue": 744341000, "earnings": -13369000}, {"date": "2Q2020", "revenue": 466700000, "earnings": -58700000}]}, "financialCurrency": "INR"}, "calendarEvents": {"maxAge": 1, "earnings": {"earningsDate": ["2020-11-09 05:30:S", "2020-11-13 05:30:S"]}}, "price": {"maxAge": 1, "regularMarketChangePercent": -0.02254648, "regularMarketChange": -0.8500023, "regularMarketTime": "2021-04-30 15:15:38", "priceHint": 2, "regularMarketPrice": 36.85, "regularMarketDayHigh": 38.0, "regularMarketDayLow": 36.75, "regularMarketVolume": 2135, "averageDailyVolume10Day": 3350, "averageDailyVolume3Month": 2393, "regularMarketPreviousClose": 37.7, "regularMarketSource": "FREE_REALTIME", "regularMarketOpen": 38.0, "exchange": "BSE", "exchangeName": "BSE", "exchangeDataDelayedBy": 0, "marketState": "CLOSED", "quoteType": "EQUITY", "symbol": "BSL.BO", "underlyingSymbol": null, "shortName": "BSL LTD.", "longName": "BSL Limited", "currency": "INR", "quoteSourceName": "Delayed Quote", "currencySymbol": "\u20b9", "fromCurrency": null, "toCurrency": null, "lastMarket": null, "marketCap": 379267552}, "balanceSheetHistory": {"balanceSheetStatements": [{"maxAge": 1, "endDate": "2020-03-31", "cash": 3367000, "shortTermInvestments": 2543000, "netReceivables": 822428000, "inventory": 1393814000, "otherCurrentAssets": 38130000, "totalCurrentAssets": 2289043000, "propertyPlantEquipment": 890424000, "intangibleAssets": 2035000, "otherAssets": 25062000, "totalAssets": 3206564000, "accountsPayable": 531979000, "shortLongTermDebt": 62957000, "otherCurrentLiab": 178179000, "longTermDebt": 227778000, "otherLiab": 79973000, "totalCurrentLiabilities": 2148341000, "totalLiab": 2456092000, "commonStock": 102922000, "retainedEarnings": 373810000, "treasuryStock": 81171000, "capitalSurplus": 192569000, "otherStockholderEquity": 81171000, "totalStockholderEquity": 750472000, "netTangibleAssets": 748437000}, {"maxAge": 1, "endDate": "2019-03-31", "cash": 1972000, "shortTermInvestments": 1705000, "netReceivables": 1006599000, "inventory": 1183140000, "otherCurrentAssets": 36020000, "totalCurrentAssets": 2242215000, "propertyPlantEquipment": 1009716000, "intangibleAssets": 2883000, "otherAssets": 15906000, "totalAssets": 3270720000, "accountsPayable": 475453000, "shortLongTermDebt": 151604000, "otherCurrentLiab": 128215000, "longTermDebt": 287259000, "otherLiab": 129183000, "totalCurrentLiabilities": 2086784000, "totalLiab": 2503226000, "commonStock": 102922000, "retainedEarnings": 363698000, "treasuryStock": 108305000, "capitalSurplus": 192569000, "otherStockholderEquity": 108305000, "totalStockholderEquity": 767494000, "netTangibleAssets": 764611000}, {"maxAge": 1, "endDate": "2018-03-31", "cash": 2579000, "shortTermInvestments": 2189000, "netReceivables": 990183000, "inventory": 1160641000, "otherCurrentAssets": 24922000, "totalCurrentAssets": 2187468000, "propertyPlantEquipment": 1147416000, "intangibleAssets": 4458000, "otherAssets": 10276000, "totalAssets": 3349618000, "accountsPayable": 497290000, "shortLongTermDebt": 150075000, "otherCurrentLiab": 139594000, "longTermDebt": 431700000, "otherLiab": 136480000, "totalCurrentLiabilities": 2004544000, "totalLiab": 2572724000, "commonStock": 102922000, "retainedEarnings": 371487000, "treasuryStock": 109916000, "capitalSurplus": 192569000, "otherStockholderEquity": 109916000, "totalStockholderEquity": 776894000, "netTangibleAssets": 772436000}, {"maxAge": 1, "endDate": "2017-03-31", "cash": 3496000, "shortTermInvestments": 4579000, "netReceivables": 1012433000, "inventory": 1024948000, "otherCurrentAssets": 36411000, "totalCurrentAssets": 2089168000, "propertyPlantEquipment": 1141648000, "intangibleAssets": 5753000, "otherAssets": 20758000, "totalAssets": 3257327000, "accountsPayable": 392626000, "shortLongTermDebt": 182183000, "otherCurrentLiab": 124855000, "longTermDebt": 436909000, "otherLiab": 132558000, "totalCurrentLiabilities": 1897504000, "totalLiab": 2466971000, "commonStock": 102922000, "retainedEarnings": 382793000, "treasuryStock": 112072000, "capitalSurplus": 192569000, "otherStockholderEquity": 112072000, "totalStockholderEquity": 790356000, "netTangibleAssets": 784603000}], "maxAge": 86400}, "earningsTrend": {"trend": [{"maxAge": 1, "period": "0q", "endDate": null, "growth": {}, "earningsEstimate": {"avg": 0.0, "low": 0.0, "high": 0.0, "yearAgoEps": {}, "numberOfAnalysts": 0, "growth": {}}, "revenueEstimate": {"avg": 0, "low": 0, "high": 0, "numberOfAnalysts": 0, "yearAgoRevenue": {}, "growth": {}}, "epsTrend": {"current": 0.0, "7daysAgo": 0.0, "30daysAgo": 0.0, "60daysAgo": 0.0, "90daysAgo": 0.0}, "epsRevisions": {"upLast7days": 0, "upLast30days": 0, "downLast30days": 0, "downLast90days": {}}}, {"maxAge": 1, "period": "+1q", "endDate": null, "growth": {}, "earningsEstimate": {"avg": 0.0, "low": 0.0, "high": 0.0, "yearAgoEps": {}, "numberOfAnalysts": 0, "growth": {}}, "revenueEstimate": {"avg": 0, "low": 0, "high": 0, "numberOfAnalysts": 0, "yearAgoRevenue": {}, "growth": {}}, "epsTrend": {"current": 0.0, "7daysAgo": 0.0, "30daysAgo": 0.0, "60daysAgo": 0.0, "90daysAgo": 0.0}, "epsRevisions": {"upLast7days": 0, "upLast30days": 0, "downLast30days": 0, "downLast90days": {}}}, {"maxAge": 1, "period": "0y", "endDate": null, "growth": {}, "earningsEstimate": {"avg": 0.0, "low": 0.0, "high": 0.0, "yearAgoEps": {}, "numberOfAnalysts": 0, "growth": {}}, "revenueEstimate": {"avg": 0, "low": 0, "high": 0, "numberOfAnalysts": 0, "yearAgoRevenue": {}, "growth": {}}, "epsTrend": {"current": 0.0, "7daysAgo": 0.0, "30daysAgo": 0.0, "60daysAgo": 0.0, "90daysAgo": 0.0}, "epsRevisions": {"upLast7days": 0, "upLast30days": 0, "downLast30days": 0, "downLast90days": {}}}, {"maxAge": 1, "period": "+1y", "endDate": null, "growth": {}, "earningsEstimate": {"avg": 0.0, "low": 0.0, "high": 0.0, "yearAgoEps": {}, "numberOfAnalysts": 0, "growth": {}}, "revenueEstimate": {"avg": 0, "low": 0, "high": 0, "numberOfAnalysts": 0, "yearAgoRevenue": {}, "growth": {}}, "epsTrend": {"current": 0.0, "7daysAgo": 0.0, "30daysAgo": 0.0, "60daysAgo": 0.0, "90daysAgo": 0.0}, "epsRevisions": {"upLast7days": 0, "upLast30days": 0, "downLast30days": 0, "downLast90days": {}}}, {"maxAge": 1, "period": "+5y", "endDate": null, "growth": {}, "earningsEstimate": {"avg": {}, "low": {}, "high": {}, "yearAgoEps": {}, "numberOfAnalysts": {}, "growth": {}}, "revenueEstimate": {"avg": {}, "low": {}, "high": {}, "numberOfAnalysts": {}, "yearAgoRevenue": {}, "growth": {}}, "epsTrend": {"current": {}, "7daysAgo": {}, "30daysAgo": {}, "60daysAgo": {}, "90daysAgo": {}}, "epsRevisions": {"upLast7days": {}, "upLast30days": {}, "downLast30days": {}, "downLast90days": {}}}, {"maxAge": 1, "period": "-5y", "endDate": null, "growth": {}, "earningsEstimate": {"avg": {}, "low": {}, "high": {}, "yearAgoEps": {}, "numberOfAnalysts": {}, "growth": {}}, "revenueEstimate": {"avg": {}, "low": {}, "high": {}, "numberOfAnalysts": {}, "yearAgoRevenue": {}, "growth": {}}, "epsTrend": {"current": {}, "7daysAgo": {}, "30daysAgo": {}, "60daysAgo": {}, "90daysAgo": {}}, "epsRevisions": {"upLast7days": {}, "upLast30days": {}, "downLast30days": {}, "downLast90days": {}}}], "maxAge": 1}, "financialData": {"maxAge": 86400, "currentPrice": 36.85, "targetHighPrice": 66.0, "targetLowPrice": 66.0, "targetMeanPrice": 66.0, "targetMedianPrice": 66.0, "recommendationKey": "none", "numberOfAnalystOpinions": 1, "grossProfits": 1960385000, "financialCurrency": "INR"}}}