{"BUTTERFLY.BO": {"recommendationTrend": {"trend": [{"period": "0m", "strongBuy": 0, "buy": 0, "hold": 0, "sell": 0, "strongSell": 0}, {"period": "-1m", "strongBuy": 0, "buy": 0, "hold": 0, "sell": 0, "strongSell": 0}, {"period": "-2m", "strongBuy": 0, "buy": 0, "hold": 0, "sell": 0, "strongSell": 0}, {"period": "-3m", "strongBuy": 0, "buy": 0, "hold": 0, "sell": 0, "strongSell": 0}], "maxAge": 86400}, "cashflowStatementHistory": {"cashflowStatements": [{"maxAge": 1, "endDate": "2020-03-31", "netIncome": 39790000, "depreciation": 133452000, "changeToNetincome": 279571000, "changeToAccountReceivables": -6626000, "changeToLiabilities": 80323000, "changeToInventory": -280157000, "changeToOperatingActivities": -71113000, "totalCashFromOperatingActivities": 181162000, "capitalExpenditures": -132027000, "otherCashflowsFromInvestingActivities": 2412000, "totalCashflowsFromInvestingActivities": -128448000, "netBorrowings": 163953000, "otherCashflowsFromFinancingActivities": -241341000, "totalCashFromFinancingActivities": -77388000, "effectOfExchangeRate": -70000, "changeInCash": -24744000}, {"maxAge": 1, "endDate": "2019-03-31", "netIncome": 95726000, "depreciation": 121886000, "changeToNetincome": 274988000, "changeToAccountReceivables": 131049000, "changeToLiabilities": 435155000, "changeToInventory": -169692000, "changeToOperatingActivities": -71949000, "totalCashFromOperatingActivities": 824204000, "capitalExpenditures": -192060000, "investments": -1000000, "otherCashflowsFromInvestingActivities": 2716000, "totalCashflowsFromInvestingActivities": -187775000, "netBorrowings": -542239000, "otherCashflowsFromFinancingActivities": -224512000, "totalCashFromFinancingActivities": -766751000, "effectOfExchangeRate": 48000, "changeInCash": -130274000}, {"maxAge": 1, "endDate": "2018-03-31", "netIncome": 48130000, "depreciation": 114748000, "changeToNetincome": 273279000, "changeToAccountReceivables": -451739000, "changeToLiabilities": -36022000, "changeToInventory": -163642000, "changeToOperatingActivities": -142061000, "totalCashFromOperatingActivities": -348277000, "capitalExpenditures": -86484000, "investments": -1000000, "otherCashflowsFromInvestingActivities": 1036000, "totalCashflowsFromInvestingActivities": -85108000, "netBorrowings": 497791000, "otherCashflowsFromFinancingActivities": -180880000, "totalCashFromFinancingActivities": 316911000, "effectOfExchangeRate": -55000, "changeInCash": -116528000}, {"maxAge": 1, "endDate": "2017-03-31", "netIncome": -517690000, "depreciation": 107240000, "changeToNetincome": 221313000, "changeToAccountReceivables": 1597587000, "changeToLiabilities": -248398000, "changeToInventory": 150526000, "changeToOperatingActivities": 130817000, "totalCashFromOperatingActivities": 1450303000, "capitalExpenditures": -107915000, "investments": -1000000, "otherCashflowsFromInvestingActivities": 2923000, "totalCashflowsFromInvestingActivities": -104859000, "dividendsPaid": -26899000, "netBorrowings": -898998000, "otherCashflowsFromFinancingActivities": -234596000, "totalCashFromFinancingActivities": -1160493000, "effectOfExchangeRate": -55000, "changeInCash": 184951000}], "maxAge": 86400}, "institutionOwnership": {"maxAge": 1, "ownershipList": []}, "balanceSheetHistoryQuarterly": {"balanceSheetStatements": [{"maxAge": 1, "endDate": "2020-06-30", "totalStockholderEquity": 1926808000, "netTangibleAssets": 1563802000}, {"maxAge": 1, "endDate": "2020-03-31", "cash": 8024000, "netReceivables": 1214103000, "inventory": 1701186000, "otherCurrentAssets": 190179000, "totalCurrentAssets": 3126928000, "longTermInvestments": 1840000, "propertyPlantEquipment": 1356151000, "intangibleAssets": 363006000, "otherAssets": 73096000, "deferredLongTermAssetCharges": 22464000, "totalAssets": 4921021000, "accountsPayable": 1074974000, "shortLongTermDebt": 111606000, "otherCurrentLiab": 113521000, "longTermDebt": 323044000, "otherLiab": 27666000, "totalCurrentLiabilities": 2637244000, "totalLiab": 2994213000, "commonStock": 178796000, "retainedEarnings": 761123000, "treasuryStock": 16736000, "capitalSurplus": 970153000, "otherStockholderEquity": 16736000, "totalStockholderEquity": 1926808000, "netTangibleAssets": 1563802000}, {"maxAge": 1, "endDate": "2019-12-31", "totalStockholderEquity": 1995462000, "netTangibleAssets": 1622170000}, {"maxAge": 1, "endDate": "2019-09-30", "cash": 53772000, "shortTermInvestments": 47762000, "netReceivables": 2286334000, "inventory": 1506626000, "otherCurrentAssets": 81626000, "totalCurrentAssets": 3976120000, "longTermInvestments": 2326000, "propertyPlantEquipment": 1336928000, "intangibleAssets": 373292000, "otherAssets": 12273000, "deferredLongTermAssetCharges": 537000, "totalAssets": 5700939000, "accountsPayable": 1611535000, "otherCurrentLiab": 359614000, "longTermDebt": 345217000, "otherLiab": 27736000, "totalCurrentLiabilities": 3332524000, "totalLiab": 3705477000, "commonStock": 178796000, "treasuryStock": 1816666000, "otherStockholderEquity": 1816666000, "totalStockholderEquity": 1995462000, "netTangibleAssets": 1622170000}], "maxAge": 86400}, "earningsHistory": {"history": [{"maxAge": 1, "epsActual": {}, "epsEstimate": {}, "epsDifference": {}, "surprisePercent": {}, "quarter": {}, "period": "-4q"}, {"maxAge": 1, "epsActual": {}, "epsEstimate": {}, "epsDifference": {}, "surprisePercent": {}, "quarter": {}, "period": "-3q"}, {"maxAge": 1, "epsActual": {}, "epsEstimate": {}, "epsDifference": {}, "surprisePercent": {}, "quarter": {}, "period": "-2q"}, {"maxAge": 1, "epsActual": {}, "epsEstimate": {}, "epsDifference": {}, "surprisePercent": {}, "quarter": {}, "period": "-1q"}], "maxAge": 86400}, "indexTrend": {"maxAge": 1, "symbol": "SP5", "peRatio": 19.7411, "pegRatio": 1.34172, "estimates": [{"period": "0q", "growth": 0.549}, {"period": "+1q", "growth": 0.431}, {"period": "0y", "growth": 0.305}, {"period": "+1y", "growth": 0.109}, {"period": "+5y", "growth": 0.120865}, {"period": "-5y"}]}, "industryTrend": {"maxAge": 1, "symbol": null, "estimates": []}, "insiderTransactions": {"transactions": [{"maxAge": 1, "shares": 18024, "filerUrl": "", "transactionText": "", "filerName": "Gandhimathi (A)", "filerRelation": "Promoter", "moneyText": "", "startDate": "2020-02-20", "ownership": "D"}, {"maxAge": 1, "shares": 5100, "filerUrl": "", "transactionText": "", "filerName": "Gandhimathi (A)", "filerRelation": "Promoter", "moneyText": "", "startDate": "2020-02-18", "ownership": "D"}, {"maxAge": 1, "shares": 5000, "filerUrl": "", "transactionText": "", "filerName": "Gandhimathi (A)", "filerRelation": "Promoter", "moneyText": "", "startDate": "2020-02-14", "ownership": "D"}], "maxAge": 1}, "quoteType": {"exchange": "BSE", "quoteType": "EQUITY", "symbol": "BUTTERFLY.BO", "underlyingSymbol": "BUTTERFLY.BO", "shortName": "BUTTERFLY GANDHIMATHI APPLIANC", "longName": "Butterfly Gandhimathi Appliances Limited", "firstTradeDateEpochUtc": "2000-01-04 09:15:00", "timeZoneFullName": "Asia/Kolkata", "timeZoneShortName": "IST", "uuid": "84aa5275-55ac-323c-8fcd-bdd95453cae1", "messageBoardId": null, "gmtOffSetMilliseconds": 19800000, "maxAge": 1}, "incomeStatementHistory": {"incomeStatementHistory": [{"maxAge": 1, "endDate": "2020-03-31", "totalRevenue": 6786950000, "costOfRevenue": 3967252000, "grossProfit": 2819698000, "researchDevelopment": {}, "sellingGeneralAdministrative": 1469946000, "nonRecurring": {}, "otherOperatingExpenses": 942325000, "totalOperatingExpenses": 6518897000, "operatingIncome": 268053000, "totalOtherIncomeExpenseNet": -226773000, "ebit": 268053000, "interestExpense": -207926000, "incomeBeforeTax": 41280000, "incomeTaxExpense": 1490000, "minorityInterest": {}, "netIncomeFromContinuingOps": 39790000, "discontinuedOperations": {}, "extraordinaryItems": {}, "effectOfAccountingCharges": {}, "otherItems": {}, "netIncome": 39790000, "netIncomeApplicableToCommonShares": 39790000}, {"maxAge": 1, "endDate": "2019-03-31", "totalRevenue": 6519832000, "costOfRevenue": 3942138000, "grossProfit": 2577694000, "researchDevelopment": {}, "sellingGeneralAdministrative": 1276695000, "nonRecurring": {}, "otherOperatingExpenses": 838500000, "totalOperatingExpenses": 6186260000, "operatingIncome": 333572000, "totalOtherIncomeExpenseNet": -209644000, "ebit": 333572000, "interestExpense": -197910000, "incomeBeforeTax": 123928000, "incomeTaxExpense": 28202000, "minorityInterest": {}, "netIncomeFromContinuingOps": 95726000, "discontinuedOperations": {}, "extraordinaryItems": {}, "effectOfAccountingCharges": {}, "otherItems": {}, "netIncome": 95726000, "netIncomeApplicableToCommonShares": 95726000}, {"maxAge": 1, "endDate": "2018-03-31", "totalRevenue": 5405562000, "costOfRevenue": 3190518000, "grossProfit": 2215044000, "researchDevelopment": {}, "sellingGeneralAdministrative": 1145929000, "nonRecurring": {}, "otherOperatingExpenses": 722044000, "totalOperatingExpenses": 5182269000, "operatingIncome": 223293000, "totalOtherIncomeExpenseNet": -164818000, "ebit": 223293000, "interestExpense": -158932000, "incomeBeforeTax": 58349000, "incomeTaxExpense": 10219000, "minorityInterest": {}, "netIncomeFromContinuingOps": 48130000, "discontinuedOperations": {}, "extraordinaryItems": {}, "effectOfAccountingCharges": {}, "otherItems": {}, "netIncome": 48130000, "netIncomeApplicableToCommonShares": 48130000}, {"maxAge": 1, "endDate": "2017-03-31", "totalRevenue": 4048592000, "costOfRevenue": 2504138000, "grossProfit": 1544454000, "researchDevelopment": {}, "sellingGeneralAdministrative": 1120371000, "nonRecurring": {}, "otherOperatingExpenses": 621236000, "totalOperatingExpenses": 4361893000, "operatingIncome": -313301000, "totalOtherIncomeExpenseNet": -218339000, "ebit": -313301000, "interestExpense": -200896000, "incomeBeforeTax": -531648000, "incomeTaxExpense": -13958000, "minorityInterest": {}, "netIncomeFromContinuingOps": -517690000, "discontinuedOperations": {}, "extraordinaryItems": {}, "effectOfAccountingCharges": {}, "otherItems": {}, "netIncome": -517690000, "netIncomeApplicableToCommonShares": -517690000}], "maxAge": 86400}, "fundOwnership": {"maxAge": 1, "ownershipList": []}, "summaryDetail": {"maxAge": 1, "priceHint": 2, "previousClose": 670.0, "open": 662.0, "dayLow": 652.15, "dayHigh": 683.05, "regularMarketPreviousClose": 670.0, "regularMarketOpen": 662.0, "regularMarketDayLow": 652.15, "regularMarketDayHigh": 683.05, "volume": 5573, "regularMarketVolume": 5573, "averageVolume": 9382, "averageVolume10days": 21733, "averageDailyVolume10Day": 21733, "bid": 655.0, "ask": 659.95, "bidSize": 0, "askSize": 0, "marketCap": 11777292288, "fiftyTwoWeekLow": 84.5, "fiftyTwoWeekHigh": 683.05, "fiftyDayAverage": 548.16, "twoHundredDayAverage": 372.07117, "currency": "INR", "fromCurrency": null, "toCurrency": null, "lastMarket": null, "algorithm": null, "tradeable": false}, "sectorTrend": {"maxAge": 1, "symbol": null, "estimates": []}, "incomeStatementHistoryQuarterly": {"incomeStatementHistory": [{"maxAge": 1, "endDate": "2020-06-30", "totalRevenue": 767592000, "costOfRevenue": 439007000, "grossProfit": 328585000, "researchDevelopment": {}, "sellingGeneralAdministrative": 134333000, "nonRecurring": {}, "otherOperatingExpenses": 234556000, "totalOperatingExpenses": 844848000, "operatingIncome": -77256000, "totalOtherIncomeExpenseNet": -55052000, "ebit": -77256000, "interestExpense": -57010000, "incomeBeforeTax": -132308000, "incomeTaxExpense": -46192000, "minorityInterest": {}, "netIncomeFromContinuingOps": -86116000, "discontinuedOperations": {}, "extraordinaryItems": {}, "effectOfAccountingCharges": {}, "otherItems": {}, "netIncome": -86116000, "netIncomeApplicableToCommonShares": -86116000}, {"maxAge": 1, "endDate": "2020-03-31", "totalRevenue": 1106475000, "costOfRevenue": 681419000, "grossProfit": 425056000, "researchDevelopment": {}, "sellingGeneralAdministrative": 863096000, "nonRecurring": {}, "otherOperatingExpenses": -391468000, "totalOperatingExpenses": 1188895000, "operatingIncome": -82420000, "totalOtherIncomeExpenseNet": -54299000, "ebit": -82420000, "interestExpense": -27516000, "incomeBeforeTax": -136719000, "incomeTaxExpense": -59662000, "minorityInterest": {}, "netIncomeFromContinuingOps": -77057000, "discontinuedOperations": {}, "extraordinaryItems": {}, "effectOfAccountingCharges": {}, "otherItems": {}, "netIncome": -77057000, "netIncomeApplicableToCommonShares": -77057000}, {"maxAge": 1, "endDate": "2019-12-31", "totalRevenue": 1745234000, "costOfRevenue": 947087000, "grossProfit": 798147000, "researchDevelopment": {}, "sellingGeneralAdministrative": 211376000, "nonRecurring": {}, "otherOperatingExpenses": 461590000, "totalOperatingExpenses": 1653805000, "operatingIncome": 91429000, "totalOtherIncomeExpenseNet": -59521000, "ebit": 91429000, "interestExpense": -63033000, "incomeBeforeTax": 31908000, "incomeTaxExpense": 20740000, "minorityInterest": {}, "netIncomeFromContinuingOps": 11168000, "discontinuedOperations": {}, "extraordinaryItems": {}, "effectOfAccountingCharges": {}, "otherItems": {}, "netIncome": 11168000, "netIncomeApplicableToCommonShares": 11168000}, {"maxAge": 1, "endDate": "2019-09-30", "totalRevenue": 2414444000, "costOfRevenue": 1451924000, "grossProfit": 962520000, "researchDevelopment": {}, "sellingGeneralAdministrative": 211788000, "nonRecurring": {}, "otherOperatingExpenses": 539358000, "totalOperatingExpenses": 2235383000, "operatingIncome": 179061000, "totalOtherIncomeExpenseNet": -55354000, "ebit": 179061000, "interestExpense": -57905000, "incomeBeforeTax": 123707000, "incomeTaxExpense": 39909000, "minorityInterest": {}, "netIncomeFromContinuingOps": 83798000, "discontinuedOperations": {}, "extraordinaryItems": {}, "effectOfAccountingCharges": {}, "otherItems": {}, "netIncome": 83798000, "netIncomeApplicableToCommonShares": 83798000}], "maxAge": 86400}, "cashflowStatementHistoryQuarterly": {"cashflowStatements": [{"maxAge": 1, "endDate": "2020-06-30", "netIncome": -86116000, "changeToLiabilities": 0}, {"maxAge": 1, "endDate": "2020-03-31", "netIncome": -77057000, "changeToLiabilities": 0}, {"maxAge": 1, "endDate": "2019-12-31", "netIncome": 11168000, "changeToLiabilities": 0}, {"maxAge": 1, "endDate": "2019-09-30", "netIncome": 83798000, "changeToLiabilities": 0}], "maxAge": 86400}, "insiderHolders": {"holders": [{"maxAge": 1, "name": "Gandhimathi (A)", "relation": "Promoter", "url": "", "transactionDescription": "Sale", "latestTransDate": "2020-02-20", "positionDirect": 5900, "positionDirectDate": "2020-02-20"}], "maxAge": 1}, "earnings": {"maxAge": 86400, "earningsChart": {"quarterly": [], "earningsDate": []}, "financialsChart": {"yearly": [{"date": 2017, "revenue": 4048592000, "earnings": -517690000}, {"date": 2018, "revenue": 5405562000, "earnings": 48130000}, {"date": 2019, "revenue": 6519832000, "earnings": 95726000}, {"date": 2020, "revenue": 6786950000, "earnings": 39790000}], "quarterly": [{"date": "3Q2019", "revenue": 2414444000, "earnings": 83798000}, {"date": "4Q2019", "revenue": 1745234000, "earnings": 11168000}, {"date": "1Q2020", "revenue": 1106475000, "earnings": -77057000}, {"date": "2Q2020", "revenue": 767592000, "earnings": -86116000}]}, "financialCurrency": "INR"}, "calendarEvents": {"maxAge": 1, "earnings": {"earningsDate": []}}, "price": {"maxAge": 1, "regularMarketChangePercent": -0.016865654, "regularMarketChange": -11.299988, "regularMarketTime": "2021-04-30 15:29:32", "priceHint": 2, "regularMarketPrice": 658.7, "regularMarketDayHigh": 683.05, "regularMarketDayLow": 652.15, "regularMarketVolume": 5573, "averageDailyVolume10Day": 21733, "averageDailyVolume3Month": 9382, "regularMarketPreviousClose": 670.0, "regularMarketSource": "FREE_REALTIME", "regularMarketOpen": 662.0, "exchange": "BSE", "exchangeName": "BSE", "exchangeDataDelayedBy": 0, "marketState": "CLOSED", "quoteType": "EQUITY", "symbol": "BUTTERFLY.BO", "underlyingSymbol": null, "shortName": "BUTTERFLY GANDHIMATHI APPLIANC", "longName": "Butterfly Gandhimathi Appliances Limited", "currency": "INR", "quoteSourceName": "Delayed Quote", "currencySymbol": "\u20b9", "fromCurrency": null, "toCurrency": null, "lastMarket": null, "marketCap": 11777292288}, "balanceSheetHistory": {"balanceSheetStatements": [{"maxAge": 1, "endDate": "2020-03-31", "cash": 8024000, "netReceivables": 1214103000, "inventory": 1701186000, "otherCurrentAssets": 190179000, "totalCurrentAssets": 3126928000, "longTermInvestments": 1840000, "propertyPlantEquipment": 1356151000, "intangibleAssets": 363006000, "otherAssets": 73096000, "deferredLongTermAssetCharges": 22464000, "totalAssets": 4921021000, "accountsPayable": 1074974000, "shortLongTermDebt": 111606000, "otherCurrentLiab": 113521000, "longTermDebt": 323044000, "otherLiab": 27666000, "totalCurrentLiabilities": 2637244000, "totalLiab": 2994213000, "commonStock": 178796000, "retainedEarnings": 761123000, "treasuryStock": 16736000, "capitalSurplus": 970153000, "otherStockholderEquity": 16736000, "totalStockholderEquity": 1926808000, "netTangibleAssets": 1563802000}, {"maxAge": 1, "endDate": "2019-03-31", "cash": 32768000, "netReceivables": 1205497000, "inventory": 1421029000, "otherCurrentAssets": 200667000, "totalCurrentAssets": 2872390000, "longTermInvestments": 2331000, "propertyPlantEquipment": 1349183000, "intangibleAssets": 387733000, "otherAssets": 26748000, "deferredLongTermAssetCharges": 13629000, "totalAssets": 4638385000, "accountsPayable": 993905000, "shortLongTermDebt": 101504000, "otherCurrentLiab": 108572000, "longTermDebt": 394001000, "otherLiab": 27766000, "totalCurrentLiabilities": 2322464000, "totalLiab": 2744231000, "commonStock": 178796000, "retainedEarnings": 721333000, "treasuryStock": 23872000, "capitalSurplus": 970153000, "otherStockholderEquity": 23872000, "totalStockholderEquity": 1894154000, "netTangibleAssets": 1506421000}, {"maxAge": 1, "endDate": "2018-03-31", "cash": 163042000, "netReceivables": 1325379000, "inventory": 1251337000, "otherCurrentAssets": 210173000, "totalCurrentAssets": 2959753000, "longTermInvestments": 1134000, "propertyPlantEquipment": 1262364000, "intangibleAssets": 414437000, "otherAssets": 38467000, "deferredLongTermAssetCharges": 13835000, "totalAssets": 4676155000, "accountsPayable": 561180000, "shortLongTermDebt": 195654000, "otherCurrentLiab": 116126000, "longTermDebt": 431670000, "otherLiab": 26466000, "totalCurrentLiabilities": 2415896000, "totalLiab": 2874032000, "commonStock": 178796000, "retainedEarnings": 625607000, "treasuryStock": 27567000, "capitalSurplus": 970153000, "otherStockholderEquity": 27567000, "totalStockholderEquity": 1802123000, "netTangibleAssets": 1387686000}, {"maxAge": 1, "endDate": "2017-03-31", "cash": 279570000, "netReceivables": 896556000, "inventory": 1087695000, "otherCurrentAssets": 126141000, "totalCurrentAssets": 2404534000, "longTermInvestments": 1008000, "propertyPlantEquipment": 1266811000, "intangibleAssets": 448324000, "otherAssets": 63124000, "deferredLongTermAssetCharges": 7679000, "totalAssets": 4183801000, "accountsPayable": 597036000, "shortLongTermDebt": 145128000, "otherCurrentLiab": 131999000, "longTermDebt": 599377000, "otherLiab": 25500000, "totalCurrentLiabilities": 1807293000, "totalLiab": 2432170000, "commonStock": 178796000, "retainedEarnings": 577477000, "treasuryStock": 25205000, "capitalSurplus": 970153000, "otherStockholderEquity": 25205000, "totalStockholderEquity": 1751631000, "netTangibleAssets": 1303307000}], "maxAge": 86400}, "earningsTrend": {"trend": [{"maxAge": 1, "period": "0q", "endDate": null, "growth": {}, "earningsEstimate": {"avg": 0.0, "low": 0.0, "high": 0.0, "yearAgoEps": {}, "numberOfAnalysts": 0, "growth": {}}, "revenueEstimate": {"avg": 0, "low": 0, "high": 0, "numberOfAnalysts": 0, "yearAgoRevenue": {}, "growth": {}}, "epsTrend": {"current": 0.0, "7daysAgo": 0.0, "30daysAgo": 0.0, "60daysAgo": 0.0, "90daysAgo": 0.0}, "epsRevisions": {"upLast7days": 0, "upLast30days": 0, "downLast30days": 0, "downLast90days": {}}}, {"maxAge": 1, "period": "+1q", "endDate": null, "growth": {}, "earningsEstimate": {"avg": 0.0, "low": 0.0, "high": 0.0, "yearAgoEps": {}, "numberOfAnalysts": 0, "growth": {}}, "revenueEstimate": {"avg": 0, "low": 0, "high": 0, "numberOfAnalysts": 0, "yearAgoRevenue": {}, "growth": {}}, "epsTrend": {"current": 0.0, "7daysAgo": 0.0, "30daysAgo": 0.0, "60daysAgo": 0.0, "90daysAgo": 0.0}, "epsRevisions": {"upLast7days": 0, "upLast30days": 0, "downLast30days": 0, "downLast90days": {}}}, {"maxAge": 1, "period": "0y", "endDate": null, "growth": {}, "earningsEstimate": {"avg": 0.0, "low": 0.0, "high": 0.0, "yearAgoEps": {}, "numberOfAnalysts": 0, "growth": {}}, "revenueEstimate": {"avg": 0, "low": 0, "high": 0, "numberOfAnalysts": 0, "yearAgoRevenue": {}, "growth": {}}, "epsTrend": {"current": 0.0, "7daysAgo": 0.0, "30daysAgo": 0.0, "60daysAgo": 0.0, "90daysAgo": 0.0}, "epsRevisions": {"upLast7days": 0, "upLast30days": 0, "downLast30days": 0, "downLast90days": {}}}, {"maxAge": 1, "period": "+1y", "endDate": null, "growth": {}, "earningsEstimate": {"avg": 0.0, "low": 0.0, "high": 0.0, "yearAgoEps": {}, "numberOfAnalysts": 0, "growth": {}}, "revenueEstimate": {"avg": 0, "low": 0, "high": 0, "numberOfAnalysts": 0, "yearAgoRevenue": {}, "growth": {}}, "epsTrend": {"current": 0.0, "7daysAgo": 0.0, "30daysAgo": 0.0, "60daysAgo": 0.0, "90daysAgo": 0.0}, "epsRevisions": {"upLast7days": 0, "upLast30days": 0, "downLast30days": 0, "downLast90days": {}}}, {"maxAge": 1, "period": "+5y", "endDate": null, "growth": {}, "earningsEstimate": {"avg": {}, "low": {}, "high": {}, "yearAgoEps": {}, "numberOfAnalysts": {}, "growth": {}}, "revenueEstimate": {"avg": {}, "low": {}, "high": {}, "numberOfAnalysts": {}, "yearAgoRevenue": {}, "growth": {}}, "epsTrend": {"current": {}, "7daysAgo": {}, "30daysAgo": {}, "60daysAgo": {}, "90daysAgo": {}}, "epsRevisions": {"upLast7days": {}, "upLast30days": {}, "downLast30days": {}, "downLast90days": {}}}, {"maxAge": 1, "period": "-5y", "endDate": null, "growth": {}, "earningsEstimate": {"avg": {}, "low": {}, "high": {}, "yearAgoEps": {}, "numberOfAnalysts": {}, "growth": {}}, "revenueEstimate": {"avg": {}, "low": {}, "high": {}, "numberOfAnalysts": {}, "yearAgoRevenue": {}, "growth": {}}, "epsTrend": {"current": {}, "7daysAgo": {}, "30daysAgo": {}, "60daysAgo": {}, "90daysAgo": {}}, "epsRevisions": {"upLast7days": {}, "upLast30days": {}, "downLast30days": {}, "downLast90days": {}}}], "maxAge": 1}, "financialData": {"maxAge": 86400, "currentPrice": 658.7, "targetHighPrice": 285.0, "targetLowPrice": 285.0, "targetMeanPrice": 285.0, "targetMedianPrice": 285.0, "recommendationKey": "none", "numberOfAnalystOpinions": 1, "grossProfits": 2819698000, "financialCurrency": "INR"}}}