{"CADILAHC.NS": {"assetProfile": {"address1": "Zydus Corporate Park", "address2": "Scheme No. 63 Survey No. 536, Khoraj (Gandhinagar) Nr. Vaishnodevi Circle, S. G. Highway", "city": "Ahmedabad", "zip": "382481", "country": "India", "phone": "91 79 7180 000", "website": "http://www.zyduscadila.com", "industry": "Drug Manufacturers\u2014Specialty & Generic", "sector": "Healthcare", "longBusinessSummary": "Cadila Healthcare Limited engages in the research, development, production, marketing, and distribution of pharmaceutical products in India, the United States, and internationally. It offers finished dosage human formulations comprising generics, branded generics, and specialty formulations, including biosimilars and vaccines; active pharmaceutical ingredients; animal healthcare products; and consumer wellness products. The company offers products in the therapeutic areas of pain management, neurology, dermatology, rare diseases, specialty oncology, gastroenterology, and liver diseases. It also provides consumer wellness products, such as Sugar Free and Sugarlite; Complan; EverYuth, a range of skincare products; Nycil, a prickly heat powder; Glucon-D glucose powder; Sampriti Ghee; Nutralite; and various other products. In addition, the company is developing drugs in the areas of oncology, autoimmune disease, nephrology, ophthalmology, inflammation, rheumatology, hepatology, infectious disease, etc. Further, it offers animal healthcare products for various therapeutic areas, such as anti-bacterial, NSAIDs, anti-mastitis, tonics, and poultry vaccines. The company also engages in the retail pharmacy, and manpower supply and administration activities. Cadila Healthcare Limited was founded in 1952 and is headquartered in Ahmedabad, India.", "fullTimeEmployees": 25000, "companyOfficers": [{"maxAge": 1, "name": "Dr. Sharvil Pankajbhai Patel", "age": 41, "title": "MD & Exec. Director", "yearBorn": 1979, "fiscalYear": 2020, "totalPay": 250000000, "exercisedValue": 0, "unexercisedValue": 0}, {"maxAge": 1, "name": "Mr. Nitin D. Parekh", "title": "Chief Financial Officer", "fiscalYear": 2020, "totalPay": 54310000, "exercisedValue": 0, "unexercisedValue": 0}, {"maxAge": 1, "name": "Dr. Ganesh Narayan Nayak", "age": 65, "title": "COO & Exec. Director", "yearBorn": 1955, "fiscalYear": 2020, "totalPay": 278940000, "exercisedValue": 0, "unexercisedValue": 0}, {"maxAge": 1, "name": "Mr. Dhaval N. Soni", "title": "Company Sec. & Compliance Officer", "fiscalYear": 2020, "totalPay": 2090000, "exercisedValue": 0, "unexercisedValue": 0}, {"maxAge": 1, "name": "Vishal  Gor", "title": "Vice  Pres of Corp. Fin. at Zydus Cadila", "exercisedValue": 0, "unexercisedValue": 0}], "auditRisk": 10, "boardRisk": 4, "compensationRisk": 3, "shareHolderRightsRisk": 4, "overallRisk": 4, "governanceEpochDate": "2021-04-01 05:30:00", "compensationAsOfEpochDate": "2020-12-31 05:30:00", "maxAge": 86400}, "recommendationTrend": {"trend": [{"period": "0m", "strongBuy": 0, "buy": 0, "hold": 0, "sell": 0, "strongSell": 0}, {"period": "-1m", "strongBuy": 0, "buy": 0, "hold": 0, "sell": 0, "strongSell": 0}, {"period": "-2m", "strongBuy": 0, "buy": 0, "hold": 0, "sell": 0, "strongSell": 0}, {"period": "-3m", "strongBuy": 0, "buy": 0, "hold": 0, "sell": 0, "strongSell": 0}], "maxAge": 86400}, "cashflowStatementHistory": {"cashflowStatements": [{"maxAge": 1, "endDate": "2020-03-31", "netIncome": 11766000000, "depreciation": 6725000000, "changeToNetincome": 5029000000, "changeToAccountReceivables": 2824000000, "changeToLiabilities": 564000000, "changeToInventory": -1010000000, "changeToOperatingActivities": -1084000000, "totalCashFromOperatingActivities": 25054000000, "capitalExpenditures": -9041000000, "investments": 285000000, "otherCashflowsFromInvestingActivities": 330000000, "totalCashflowsFromInvestingActivities": -10123000000, "dividendsPaid": -7166000000, "netBorrowings": -3489000000, "otherCashflowsFromFinancingActivities": -287000000, "totalCashFromFinancingActivities": -10942000000, "changeInCash": 3989000000}, {"maxAge": 1, "endDate": "2019-03-31", "netIncome": 18488000000, "depreciation": 5818000000, "changeToNetincome": -1938000000, "changeToAccountReceivables": -6428000000, "changeToLiabilities": -2259000000, "changeToInventory": -1004000000, "changeToOperatingActivities": -26000000, "totalCashFromOperatingActivities": 12819000000, "capitalExpenditures": -10574000000, "investments": -47459000000, "otherCashflowsFromInvestingActivities": 536000000, "totalCashflowsFromInvestingActivities": -42387000000, "dividendsPaid": -3583000000, "netBorrowings": 23955000000, "otherCashflowsFromFinancingActivities": -1526000000, "totalCashFromFinancingActivities": 18846000000, "changeInCash": -8109000000}, {"maxAge": 1, "endDate": "2018-03-31", "netIncome": 17758000000, "depreciation": 5179000000, "changeToNetincome": 3000000, "changeToAccountReceivables": -9690000000, "changeToLiabilities": 3164000000, "changeToInventory": -5924000000, "changeToOperatingActivities": -1389000000, "totalCashFromOperatingActivities": 9193000000, "capitalExpenditures": -10493000000, "investments": 116000000, "otherCashflowsFromInvestingActivities": 500000000, "totalCashflowsFromInvestingActivities": -9737000000, "dividendsPaid": -3583000000, "netBorrowings": 1574000000, "otherCashflowsFromFinancingActivities": -1059000000, "totalCashFromFinancingActivities": 515000000, "changeInCash": -29000000}, {"maxAge": 1, "endDate": "2017-03-31", "netIncome": 14877000000, "depreciation": 3670000000, "changeToNetincome": -1398000000, "changeToAccountReceivables": -5051000000, "changeToLiabilities": 2337000000, "changeToInventory": -4666000000, "changeToOperatingActivities": 3268000000, "totalCashFromOperatingActivities": 13117000000, "capitalExpenditures": -29397000000, "investments": 53000000, "otherCashflowsFromInvestingActivities": 578000000, "totalCashflowsFromInvestingActivities": -28719000000, "dividendsPaid": -3271000000, "netBorrowings": 27652000000, "otherCashflowsFromFinancingActivities": -1223000000, "totalCashFromFinancingActivities": 23158000000, "changeInCash": 7556000000}], "maxAge": 86400}, "indexTrend": {"maxAge": 1, "symbol": "SP5", "peRatio": 19.7411, "pegRatio": 1.34172, "estimates": [{"period": "0q", "growth": 0.549}, {"period": "+1q", "growth": 0.431}, {"period": "0y", "growth": 0.305}, {"period": "+1y", "growth": 0.109}, {"period": "+5y", "growth": 0.120865}, {"period": "-5y"}]}, "defaultKeyStatistics": {"maxAge": 1, "priceHint": 2, "enterpriseValue": 623601582080, "profitMargins": 0.12304, "floatShares": 253199316, "sharesOutstanding": 1023740032, "heldPercentInsiders": 0.75, "heldPercentInstitutions": 0.14071, "beta": 0.550479, "category": null, "bookValue": 114.715, "priceToBook": 4.978861, "fundFamily": null, "legalType": null, "lastFiscalYearEnd": "2020-03-31 05:30:00", "nextFiscalYearEnd": "2022-03-31 05:30:00", "mostRecentQuarter": "2020-12-31 05:30:00", "earningsQuarterlyGrowth": 0.41, "netIncomeToCommon": 18464999424, "trailingEps": 18.029, "forwardEps": 20.28, "lastSplitFactor": "5:1", "lastSplitDate": "2015-10-06 05:30:00", "enterpriseToRevenue": 4.155, "enterpriseToEbitda": 18.936, "52WeekChange": 0.72970927, "SandP52WeekChange": 0.48148263, "lastDividendValue": 3.5, "lastDividendDate": 1584921600}, "industryTrend": {"maxAge": 1, "symbol": null, "estimates": []}, "quoteType": {"exchange": "NSI", "quoteType": "EQUITY", "symbol": "CADILAHC.NS", "underlyingSymbol": "CADILAHC.NS", "shortName": "CADILA HEALTHCARE", "longName": "Cadila Healthcare Limited", "firstTradeDateEpochUtc": "2002-07-01 09:15:00", "timeZoneFullName": "Asia/Kolkata", "timeZoneShortName": "IST", "uuid": "bc8ef634-44e2-3966-9101-48154425e652", "messageBoardId": "finmb_865192", "gmtOffSetMilliseconds": 19800000, "maxAge": 1}, "incomeStatementHistory": {"incomeStatementHistory": [{"maxAge": 1, "endDate": "2020-03-31", "totalRevenue": 142531000000, "costOfRevenue": 50804000000, "grossProfit": 91727000000, "researchDevelopment": {}, "sellingGeneralAdministrative": 33089000000, "nonRecurring": {}, "otherOperatingExpenses": 30666000000, "totalOperatingExpenses": 121515000000, "operatingIncome": 21016000000, "totalOtherIncomeExpenseNet": -5774000000, "ebit": 21016000000, "interestExpense": -3236000000, "incomeBeforeTax": 15242000000, "incomeTaxExpense": 3198000000, "minorityInterest": 13347000000, "netIncomeFromContinuingOps": 12044000000, "discontinuedOperations": {}, "extraordinaryItems": {}, "effectOfAccountingCharges": {}, "otherItems": {}, "netIncome": 11766000000, "netIncomeApplicableToCommonShares": 11766000000}, {"maxAge": 1, "endDate": "2019-03-31", "totalRevenue": 131656000000, "costOfRevenue": 48574000000, "grossProfit": 83082000000, "researchDevelopment": {}, "sellingGeneralAdministrative": 28276000000, "nonRecurring": {}, "otherOperatingExpenses": 24855000000, "totalOperatingExpenses": 107730000000, "operatingIncome": 23926000000, "totalOtherIncomeExpenseNet": 364000000, "ebit": 23926000000, "interestExpense": -1905000000, "incomeBeforeTax": 24290000000, "incomeTaxExpense": 5303000000, "minorityInterest": 12929000000, "netIncomeFromContinuingOps": 18987000000, "discontinuedOperations": {}, "extraordinaryItems": {}, "effectOfAccountingCharges": {}, "otherItems": {}, "netIncome": 18488000000, "netIncomeApplicableToCommonShares": 18488000000}, {"maxAge": 1, "endDate": "2018-03-31", "totalRevenue": 119049000000, "costOfRevenue": 42448000000, "grossProfit": 76601000000, "researchDevelopment": {}, "sellingGeneralAdministrative": 24864000000, "nonRecurring": {}, "otherOperatingExpenses": 23229000000, "totalOperatingExpenses": 95805000000, "operatingIncome": 23244000000, "totalOtherIncomeExpenseNet": 692000000, "ebit": 23244000000, "interestExpense": -1047000000, "incomeBeforeTax": 23936000000, "incomeTaxExpense": 5644000000, "minorityInterest": 1910000000, "netIncomeFromContinuingOps": 18292000000, "discontinuedOperations": -188000000, "extraordinaryItems": {}, "effectOfAccountingCharges": {}, "otherItems": {}, "netIncome": 17758000000, "netIncomeApplicableToCommonShares": 17758000000}, {"maxAge": 1, "endDate": "2017-03-31", "totalRevenue": 93765000000, "costOfRevenue": 35081000000, "grossProfit": 58684000000, "researchDevelopment": {}, "sellingGeneralAdministrative": 20767000000, "nonRecurring": {}, "otherOperatingExpenses": 18858000000, "totalOperatingExpenses": 78446000000, "operatingIncome": 15319000000, "totalOtherIncomeExpenseNet": 1165000000, "ebit": 15319000000, "interestExpense": -568000000, "incomeBeforeTax": 16484000000, "incomeTaxExpense": 1289000000, "minorityInterest": 1561000000, "netIncomeFromContinuingOps": 15195000000, "discontinuedOperations": -27000000, "extraordinaryItems": {}, "effectOfAccountingCharges": {}, "otherItems": {}, "netIncome": 14877000000, "netIncomeApplicableToCommonShares": 14877000000}], "maxAge": 86400}, "fundOwnership": {"maxAge": 1, "ownershipList": [{"maxAge": 1, "reportDate": "2021-01-31", "organization": "Vanguard International Stock Index-Total Intl Stock Indx", "pctHeld": 0.0034, "position": 3503519, "value": 1581838828}, {"maxAge": 1, "reportDate": "2021-01-31", "organization": "Vanguard International Stock Index-Emerging Markets Stk", "pctHeld": 0.0033000002, "position": 3389323, "value": 1530279334}, {"maxAge": 1, "reportDate": "2021-01-31", "organization": "Goldman Sachs Emerging Markets Equity Insights Fund", "pctHeld": 0.0015, "position": 1507791, "value": 680767636}, {"maxAge": 1, "reportDate": "2021-01-31", "organization": "DFA Emerging Markets Core Equity Portfolio", "pctHeld": 0.0011999999, "position": 1210221, "value": 546414781}, {"maxAge": 1, "reportDate": "2020-11-30", "organization": "GMO Implementation Fund", "pctHeld": 0.0005, "position": 493293, "value": 222031179}, {"maxAge": 1, "reportDate": "2021-01-31", "organization": "Vanguard Intl Equity Index Fds-FTSE All World ex U.S. Index Fund", "pctHeld": 0.0004, "position": 443454, "value": 200219481}, {"maxAge": 1, "reportDate": "2021-01-31", "organization": "DFA Investment Dimensions-DFA Emerging Mkts Value", "pctHeld": 0.0004, "position": 399189, "value": 180233833}, {"maxAge": 1, "reportDate": "2021-01-31", "organization": "Financial Investors Tr-ALPS/Kotak India Growth Fund", "pctHeld": 0.0004, "position": 396533, "value": 179034649}, {"maxAge": 1, "reportDate": "2021-01-31", "organization": "DFA Emerging Markets Series", "pctHeld": 0.0004, "position": 378635, "value": 170953702}, {"maxAge": 1, "reportDate": "2021-02-28", "organization": "Schwab Strategic Tr-Schwab Emerging Markets Equity ETF", "pctHeld": 0.00029999999, "position": 297504, "value": 129473740}]}, "summaryDetail": {"maxAge": 1, "priceHint": 2, "previousClose": 561.5, "open": 559.8, "dayLow": 558.1, "dayHigh": 578.85, "regularMarketPreviousClose": 561.5, "regularMarketOpen": 559.8, "regularMarketDayLow": 558.1, "regularMarketDayHigh": 578.85, "exDividendDate": "2020-03-23 05:30:00", "payoutRatio": 0.19409999, "beta": 0.550479, "trailingPE": 31.67952, "forwardPE": 28.163216, "volume": 9767622, "regularMarketVolume": 9767622, "averageVolume": 6253306, "averageVolume10days": 17395088, "averageDailyVolume10Day": 17395088, "bid": 0.0, "ask": 0.0, "bidSize": 0, "askSize": 0, "marketCap": 584606351360, "fiftyTwoWeekLow": 318.0, "fiftyTwoWeekHigh": 605.0, "priceToSalesTrailing12Months": 3.895402, "fiftyDayAverage": 482.11804, "twoHundredDayAverage": 460.77344, "trailingAnnualDividendRate": 0.0, "trailingAnnualDividendYield": 0.0, "currency": "INR", "fromCurrency": null, "toCurrency": null, "lastMarket": null, "algorithm": null, "tradeable": false}, "insiderHolders": {"holders": [{"maxAge": 1, "name": "Desai (Nitin Raojibhai)", "relation": "Chief Financial Officer", "url": "", "transactionDescription": "Acquisition", "latestTransDate": "2015-03-05", "positionDirect": 73400, "positionDirectDate": "2015-03-05"}, {"maxAge": 1, "name": "Desai (Nitin Raojibhai) HUF", "relation": "UNREPORTED", "url": "", "transactionDescription": "Acquisition", "latestTransDate": "2015-03-02", "positionDirect": 15000, "positionDirectDate": "2015-03-02"}, {"maxAge": 1, "name": "Nayak (Ganesh N)", "relation": "UNREPORTED", "url": "", "transactionDescription": "Acquisition", "latestTransDate": "2018-05-28", "positionDirect": 251120, "positionDirectDate": "2018-05-28"}, {"maxAge": 1, "name": "Parekh (Nitin D.)", "relation": "Chief Financial Officer", "url": "", "transactionDescription": "Acquisition", "latestTransDate": "2017-08-21", "positionDirect": 60000, "positionDirectDate": "2017-08-21"}, {"maxAge": 1, "name": "Parekh (Rupa Nitinkumar)", "relation": "Promoter", "url": "", "transactionDescription": "Sale", "latestTransDate": "2020-03-20", "positionDirect": 10000, "positionDirectDate": "2020-03-20"}, {"maxAge": 1, "name": "Patel (Pankaj Ramanbhai) HUF", "relation": "Promoter", "url": "", "transactionDescription": "Acquisition", "latestTransDate": "2018-03-26", "positionDirect": 30000, "positionDirectDate": "2018-03-26"}, {"maxAge": 1, "name": "Patel (Ramanbhai B) HUF", "relation": "Promoter", "url": "", "transactionDescription": "Sale", "latestTransDate": "2018-03-26", "positionDirect": 0, "positionDirectDate": "2018-03-26"}, {"maxAge": 1, "name": "Sadana (Harish)", "relation": "UNREPORTED", "url": "", "transactionDescription": "Acquisition", "latestTransDate": "2019-06-13", "positionDirect": 2500, "positionDirectDate": "2019-06-13"}, {"maxAge": 1, "name": "Shah (Mukesh M)", "relation": "Director (Non-Executive)", "url": "", "transactionDescription": "Sale", "latestTransDate": "2014-02-11", "positionDirect": 0, "positionDirectDate": "2014-02-11"}, {"maxAge": 1, "name": "Zydus Family Trust", "relation": "Promoter", "url": "", "transactionDescription": "Sale", "latestTransDate": "2020-03-20", "positionDirect": 10000, "positionDirectDate": "2020-03-20"}], "maxAge": 1}, "calendarEvents": {"maxAge": 1, "earnings": {"earningsDate": [], "revenueAverage": 32977700000, "revenueLow": 31981000000, "revenueHigh": 33788000000}, "exDividendDate": "2020-03-23 05:30:00"}, "price": {"maxAge": 1, "regularMarketChangePercent": 0.017186152, "regularMarketChange": 9.650024, "regularMarketTime": "2021-04-30 15:30:00", "priceHint": 2, "regularMarketPrice": 571.15, "regularMarketDayHigh": 578.85, "regularMarketDayLow": 558.1, "regularMarketVolume": 9767622, "averageDailyVolume10Day": 17395088, "averageDailyVolume3Month": 6253306, "regularMarketPreviousClose": 561.5, "regularMarketSource": "FREE_REALTIME", "regularMarketOpen": 559.8, "exchange": "NSI", "exchangeName": "NSE", "exchangeDataDelayedBy": 15, "marketState": "CLOSED", "quoteType": "EQUITY", "symbol": "CADILAHC.NS", "underlyingSymbol": null, "shortName": "CADILA HEALTHCARE", "longName": "Cadila Healthcare Limited", "currency": "INR", "quoteSourceName": "Delayed Quote", "currencySymbol": "\u20b9", "fromCurrency": null, "toCurrency": null, "lastMarket": null, "marketCap": 584606351360}, "balanceSheetHistory": {"balanceSheetStatements": [{"maxAge": 1, "endDate": "2020-03-31", "cash": 9649000000, "shortTermInvestments": 2306000000, "netReceivables": 37892000000, "inventory": 27890000000, "otherCurrentAssets": 6528000000, "totalCurrentAssets": 87154000000, "longTermInvestments": 6181000000, "propertyPlantEquipment": 61937000000, "goodWill": 53915000000, "intangibleAssets": 13868000000, "otherAssets": 13811000000, "deferredLongTermAssetCharges": 8529000000, "totalAssets": 236866000000, "accountsPayable": 20310000000, "shortLongTermDebt": 9453000000, "otherCurrentLiab": 3941000000, "longTermDebt": 32146000000, "otherLiab": 4777000000, "minorityInterest": 13347000000, "totalCurrentLiabilities": 82694000000, "totalLiab": 119762000000, "commonStock": 1024000000, "retainedEarnings": 104048000000, "treasuryStock": -1315000000, "otherStockholderEquity": -1315000000, "totalStockholderEquity": 103757000000, "netTangibleAssets": 35974000000}, {"maxAge": 1, "endDate": "2019-03-31", "cash": 5489000000, "shortTermInvestments": 2216000000, "netReceivables": 41013000000, "inventory": 26880000000, "otherCurrentAssets": 6279000000, "totalCurrentAssets": 84981000000, "longTermInvestments": 4543000000, "propertyPlantEquipment": 59431000000, "goodWill": 52890000000, "intangibleAssets": 17688000000, "otherAssets": 15298000000, "deferredLongTermAssetCharges": 9703000000, "totalAssets": 234831000000, "accountsPayable": 19226000000, "shortLongTermDebt": 7528000000, "otherCurrentLiab": 2813000000, "longTermDebt": 39497000000, "otherLiab": 5117000000, "minorityInterest": 12929000000, "totalCurrentLiabilities": 73425000000, "totalLiab": 118039000000, "commonStock": 1024000000, "retainedEarnings": 99891000000, "treasuryStock": 2948000000, "otherStockholderEquity": 2948000000, "totalStockholderEquity": 103863000000, "netTangibleAssets": 33285000000}, {"maxAge": 1, "endDate": "2018-03-31", "cash": 13149000000, "shortTermInvestments": 2024000000, "netReceivables": 32889000000, "inventory": 23853000000, "otherCurrentAssets": 7060000000, "totalCurrentAssets": 82297000000, "longTermInvestments": 4816000000, "propertyPlantEquipment": 53460000000, "goodWill": 13853000000, "intangibleAssets": 12785000000, "otherAssets": 13442000000, "deferredLongTermAssetCharges": 9246000000, "totalAssets": 180653000000, "accountsPayable": 18884000000, "shortLongTermDebt": 2941000000, "otherCurrentLiab": 2619000000, "longTermDebt": 25551000000, "otherLiab": 4917000000, "minorityInterest": 1910000000, "totalCurrentLiabilities": 60830000000, "totalLiab": 91298000000, "commonStock": 1024000000, "retainedEarnings": 85640000000, "treasuryStock": 781000000, "otherStockholderEquity": 781000000, "totalStockholderEquity": 87445000000, "netTangibleAssets": 60807000000}, {"maxAge": 1, "endDate": "2017-03-31", "cash": 15435000000, "shortTermInvestments": 123000000, "netReceivables": 23098000000, "inventory": 18037000000, "otherCurrentAssets": 2572000000, "totalCurrentAssets": 60223000000, "longTermInvestments": 4108000000, "propertyPlantEquipment": 48337000000, "goodWill": 11494000000, "intangibleAssets": 13153000000, "otherAssets": 14892000000, "deferredLongTermAssetCharges": 8955000000, "totalAssets": 152207000000, "accountsPayable": 15479000000, "shortLongTermDebt": 2619000000, "otherCurrentLiab": 2277000000, "longTermDebt": 24684000000, "otherLiab": 3304000000, "minorityInterest": 1561000000, "totalCurrentLiabilities": 53058000000, "totalLiab": 81046000000, "commonStock": 1024000000, "retainedEarnings": 66012000000, "treasuryStock": 2564000000, "otherStockholderEquity": 2564000000, "totalStockholderEquity": 69600000000, "netTangibleAssets": 44953000000}], "maxAge": 86400}, "earningsTrend": {"trend": [{"maxAge": 1, "period": "0q", "endDate": "2018-12-31", "growth": {}, "earningsEstimate": {"avg": 0.0, "low": 0.0, "high": 0.0, "yearAgoEps": 5.31, "numberOfAnalysts": 0, "growth": {}}, "revenueEstimate": {"avg": 32977700000, "low": 31981000000, "high": 33788000000, "numberOfAnalysts": 3, "yearAgoRevenue": 32596000000, "growth": 0.012}, "epsTrend": {"current": 0.0, "7daysAgo": 5.0, "30daysAgo": 5.0, "60daysAgo": 5.0, "90daysAgo": 5.0}, "epsRevisions": {"upLast7days": 0, "upLast30days": 0, "downLast30days": 0, "downLast90days": {}}}, {"maxAge": 1, "period": "+1q", "endDate": "2019-03-31", "growth": {}, "earningsEstimate": {"avg": 0.0, "low": 0.0, "high": 0.0, "yearAgoEps": 5.77, "numberOfAnalysts": 0, "growth": {}}, "revenueEstimate": {"avg": 33418500000, "low": 31811000000, "high": 35026000000, "numberOfAnalysts": 2, "yearAgoRevenue": 32502000000, "growth": 0.027999999}, "epsTrend": {"current": 0.0, "7daysAgo": 5.25, "30daysAgo": 5.25, "60daysAgo": 5.25, "90daysAgo": 5.25}, "epsRevisions": {"upLast7days": 0, "upLast30days": 0, "downLast30days": 0, "downLast90days": {}}}, {"maxAge": 1, "period": "0y", "endDate": "2019-03-31", "growth": {}, "earningsEstimate": {"avg": 0.0, "low": 0.0, "high": 0.0, "yearAgoEps": {}, "numberOfAnalysts": 0, "growth": {}}, "revenueEstimate": {"avg": 125672000000, "low": 120444000000, "high": 130946000000, "numberOfAnalysts": 30, "yearAgoRevenue": 119049000000, "growth": 0.055999998}, "epsTrend": {"current": 0.0, "7daysAgo": 18.25, "30daysAgo": 18.25, "60daysAgo": 18.25, "90daysAgo": 18.25}, "epsRevisions": {"upLast7days": 0, "upLast30days": 2, "downLast30days": 1, "downLast90days": {}}}, {"maxAge": 1, "period": "+1y", "endDate": "2020-03-31", "growth": {}, "earningsEstimate": {"avg": 0.0, "low": 0.0, "high": 0.0, "yearAgoEps": {}, "numberOfAnalysts": 0, "growth": {}}, "revenueEstimate": {"avg": 139386000000, "low": 127295000000, "high": 164518000000, "numberOfAnalysts": 30, "yearAgoRevenue": 125672000000, "growth": 0.109}, "epsTrend": {"current": 0.0, "7daysAgo": 20.28, "30daysAgo": 20.28, "60daysAgo": 20.28, "90daysAgo": 20.28}, "epsRevisions": {"upLast7days": 0, "upLast30days": 1, "downLast30days": 1, "downLast90days": {}}}, {"maxAge": 1, "period": "+5y", "endDate": null, "growth": 0.173, "earningsEstimate": {"avg": {}, "low": {}, "high": {}, "yearAgoEps": {}, "numberOfAnalysts": {}, "growth": {}}, "revenueEstimate": {"avg": {}, "low": {}, "high": {}, "numberOfAnalysts": {}, "yearAgoRevenue": {}, "growth": {}}, "epsTrend": {"current": {}, "7daysAgo": {}, "30daysAgo": {}, "60daysAgo": {}, "90daysAgo": {}}, "epsRevisions": {"upLast7days": {}, "upLast30days": {}, "downLast30days": {}, "downLast90days": {}}}, {"maxAge": 1, "period": "-5y", "endDate": null, "growth": {}, "earningsEstimate": {"avg": {}, "low": {}, "high": {}, "yearAgoEps": {}, "numberOfAnalysts": {}, "growth": {}}, "revenueEstimate": {"avg": {}, "low": {}, "high": {}, "numberOfAnalysts": {}, "yearAgoRevenue": {}, "growth": {}}, "epsTrend": {"current": {}, "7daysAgo": {}, "30daysAgo": {}, "60daysAgo": {}, "90daysAgo": {}}, "epsRevisions": {"upLast7days": {}, "upLast30days": {}, "downLast30days": {}, "downLast90days": {}}}], "maxAge": 1}, "institutionOwnership": {"maxAge": 1, "ownershipList": []}, "majorHoldersBreakdown": {"maxAge": 1, "insidersPercentHeld": 0.75, "institutionsPercentHeld": 0.14071, "institutionsFloatPercentHeld": 0.56285, "institutionsCount": 71}, "balanceSheetHistoryQuarterly": {"balanceSheetStatements": [{"maxAge": 1, "endDate": "2020-12-31", "totalStockholderEquity": 117546000000, "netTangibleAssets": 50885000000}, {"maxAge": 1, "endDate": "2020-09-30", "cash": 18731000000, "shortTermInvestments": 7697000000, "netReceivables": 33243000000, "inventory": 28180000000, "otherCurrentAssets": 8981000000, "totalCurrentAssets": 96832000000, "longTermInvestments": 9012000000, "propertyPlantEquipment": 61024000000, "goodWill": 53513000000, "intangibleAssets": 13148000000, "otherAssets": 11972000000, "deferredLongTermAssetCharges": 8254000000, "totalAssets": 245501000000, "accountsPayable": 22811000000, "otherCurrentLiab": 24765000000, "longTermDebt": 15016000000, "otherLiab": 5151000000, "minorityInterest": 18793000000, "totalCurrentLiabilities": 88995000000, "totalLiab": 109162000000, "commonStock": 1024000000, "treasuryStock": 116522000000, "otherStockholderEquity": 116522000000, "totalStockholderEquity": 117546000000, "netTangibleAssets": 50885000000}, {"maxAge": 1, "endDate": "2020-06-30", "totalStockholderEquity": 103757000000, "netTangibleAssets": 35974000000}, {"maxAge": 1, "endDate": "2020-03-31", "cash": 9649000000, "shortTermInvestments": 2306000000, "netReceivables": 37892000000, "inventory": 27890000000, "otherCurrentAssets": 6528000000, "totalCurrentAssets": 87154000000, "longTermInvestments": 6181000000, "propertyPlantEquipment": 61937000000, "goodWill": 53915000000, "intangibleAssets": 13868000000, "otherAssets": 13811000000, "deferredLongTermAssetCharges": 8529000000, "totalAssets": 236866000000, "accountsPayable": 20310000000, "shortLongTermDebt": 9453000000, "otherCurrentLiab": 3941000000, "longTermDebt": 32146000000, "otherLiab": 4777000000, "minorityInterest": 13347000000, "totalCurrentLiabilities": 82694000000, "totalLiab": 119762000000, "commonStock": 1024000000, "retainedEarnings": 104048000000, "treasuryStock": -1315000000, "otherStockholderEquity": -1315000000, "totalStockholderEquity": 103757000000, "netTangibleAssets": 35974000000}], "maxAge": 86400}, "earningsHistory": {"history": [{"maxAge": 1, "epsActual": 5.31, "epsEstimate": 5.1, "epsDifference": 0.21, "surprisePercent": 0.040999997, "quarter": "2017-12-31", "period": "-4q"}, {"maxAge": 1, "epsActual": 5.77, "epsEstimate": 5.54, "epsDifference": 0.23, "surprisePercent": 0.042, "quarter": "2018-03-31", "period": "-3q"}, {"maxAge": 1, "epsActual": 4.5, "epsEstimate": 4.33, "epsDifference": 0.17, "surprisePercent": 0.039, "quarter": "2018-06-30", "period": "-2q"}, {"maxAge": 1, "epsActual": 4.08, "epsEstimate": 4.53, "epsDifference": -0.45, "surprisePercent": -0.099, "quarter": "2018-09-30", "period": "-1q"}], "maxAge": 86400}, "esgScores": {"maxAge": 86400, "totalEsg": 40.92, "environmentScore": null, "socialScore": null, "governanceScore": null, "ratingYear": 2021, "ratingMonth": 3, "highestControversy": 3.0, "peerCount": 82, "esgPerformance": "LEAD_PERF", "peerGroup": "Pharmaceuticals", "relatedControversy": ["Customer Incidents"], "peerEsgScorePerformance": {"min": 11.18, "avg": 27.705487804878054, "max": 49.3}, "peerGovernancePerformance": {"min": 5.23, "avg": 9.976375, "max": 17.67}, "peerSocialPerformance": {"min": 3.6, "avg": 16.081999999999997, "max": 23.67}, "peerEnvironmentPerformance": {"min": 0.01, "avg": 1.2128750000000008, "max": 3.1}, "peerHighestControversyPerformance": {"min": 0.0, "avg": 1.9390243902439024, "max": 5.0}, "percentile": 86.36, "environmentPercentile": null, "socialPercentile": null, "governancePercentile": null, "adult": false, "alcoholic": false, "animalTesting": true, "catholic": true, "controversialWeapons": false, "smallArms": false, "furLeather": false, "gambling": false, "gmo": false, "militaryContract": false, "nuclear": false, "pesticides": false, "palmOil": false, "coal": false, "tobacco": false}, "summaryProfile": {"address1": "Zydus Corporate Park", "address2": "Scheme No. 63 Survey No. 536, Khoraj (Gandhinagar) Nr. Vaishnodevi Circle, S. G. Highway", "city": "Ahmedabad", "zip": "382481", "country": "India", "phone": "91 79 7180 000", "website": "http://www.zyduscadila.com", "industry": "Drug Manufacturers\u2014Specialty & Generic", "sector": "Healthcare", "longBusinessSummary": "Cadila Healthcare Limited engages in the research, development, production, marketing, and distribution of pharmaceutical products in India, the United States, and internationally. It offers finished dosage human formulations comprising generics, branded generics, and specialty formulations, including biosimilars and vaccines; active pharmaceutical ingredients; animal healthcare products; and consumer wellness products. The company offers products in the therapeutic areas of pain management, neurology, dermatology, rare diseases, specialty oncology, gastroenterology, and liver diseases. It also provides consumer wellness products, such as Sugar Free and Sugarlite; Complan; EverYuth, a range of skincare products; Nycil, a prickly heat powder; Glucon-D glucose powder; Sampriti Ghee; Nutralite; and various other products. In addition, the company is developing drugs in the areas of oncology, autoimmune disease, nephrology, ophthalmology, inflammation, rheumatology, hepatology, infectious disease, etc. Further, it offers animal healthcare products for various therapeutic areas, such as anti-bacterial, NSAIDs, anti-mastitis, tonics, and poultry vaccines. The company also engages in the retail pharmacy, and manpower supply and administration activities. Cadila Healthcare Limited was founded in 1952 and is headquartered in Ahmedabad, India.", "fullTimeEmployees": 25000, "companyOfficers": [], "maxAge": 86400}, "netSharePurchaseActivity": {"maxAge": 1, "period": "6m", "buyInfoCount": 0, "buyInfoShares": 0, "sellInfoCount": 0, "netInfoCount": 0, "netInfoShares": 0, "netPercentInsiderShares": 0.0, "totalInsiderShares": 767767040}, "insiderTransactions": {"transactions": [{"maxAge": 1, "shares": 10000, "filerUrl": "", "transactionText": "", "filerName": "Parekh (Rupa Nitinkumar)", "filerRelation": "Promoter", "moneyText": "", "startDate": "2020-03-20", "ownership": "D"}, {"maxAge": 1, "shares": 766120711, "filerUrl": "", "transactionText": "", "filerName": "Zydus Family Trust", "filerRelation": "Promoter", "moneyText": "", "startDate": "2020-03-20", "ownership": "D"}, {"maxAge": 1, "shares": 502651, "filerUrl": "", "transactionText": "", "filerName": "Zydus Family Trust", "filerRelation": "Promoter", "moneyText": "", "startDate": "2019-09-04", "ownership": "D"}, {"maxAge": 1, "shares": 250723, "filerUrl": "", "transactionText": "", "filerName": "Zydus Family Trust", "filerRelation": "Promoter", "moneyText": "", "startDate": "2019-09-04", "ownership": "D"}, {"maxAge": 1, "shares": 251848, "filerUrl": "", "transactionText": "", "filerName": "Zydus Family Trust", "filerRelation": "Promoter", "moneyText": "", "startDate": "2019-09-03", "ownership": "D"}, {"maxAge": 1, "shares": 234428, "filerUrl": "", "transactionText": "", "filerName": "Zydus Family Trust", "filerRelation": "Promoter", "moneyText": "", "startDate": "2019-09-03", "ownership": "D"}, {"maxAge": 1, "shares": 107798, "filerUrl": "", "transactionText": "", "filerName": "Zydus Family Trust", "filerRelation": "Promoter", "moneyText": "", "startDate": "2019-08-30", "ownership": "D"}, {"maxAge": 1, "shares": 7427, "filerUrl": "", "transactionText": "", "filerName": "Zydus Family Trust", "filerRelation": "Promoter", "moneyText": "", "startDate": "2019-08-30", "ownership": "D"}, {"maxAge": 1, "shares": 208908, "filerUrl": "", "transactionText": "", "filerName": "Zydus Family Trust", "filerRelation": "Promoter", "moneyText": "", "startDate": "2019-08-29", "ownership": "D"}, {"maxAge": 1, "shares": 2500, "filerUrl": "", "transactionText": "", "filerName": "Sadana (Harish)", "filerRelation": "UNREPORTED", "moneyText": "", "startDate": "2019-06-13", "ownership": "D"}, {"maxAge": 1, "shares": 199872, "filerUrl": "", "transactionText": "", "filerName": "Nayak (Ganesh N)", "filerRelation": "UNREPORTED", "moneyText": "", "startDate": "2018-05-28", "ownership": "D"}, {"maxAge": 1, "shares": 15000, "filerUrl": "", "transactionText": "", "filerName": "Patel (Ramanbhai B) HUF", "filerRelation": "Promoter", "moneyText": "", "startDate": "2018-03-26", "ownership": "D"}, {"maxAge": 1, "shares": 15000, "filerUrl": "", "transactionText": "", "filerName": "Patel (Pankaj Ramanbhai) HUF", "filerRelation": "Promoter", "moneyText": "", "startDate": "2018-03-26", "ownership": "D"}, {"maxAge": 1, "shares": 52000, "filerUrl": "", "transactionText": "", "filerName": "Parekh (Nitin D.)", "filerRelation": "Chief Financial Officer", "moneyText": "", "startDate": "2017-08-21", "ownership": "D"}, {"maxAge": 1, "shares": 7524, "filerUrl": "", "transactionText": "", "filerName": "Nayak (Ganesh N)", "filerRelation": "Chief Operating Officer", "moneyText": "", "startDate": "2015-03-16", "ownership": "D"}, {"maxAge": 1, "shares": 3000, "filerUrl": "", "transactionText": "", "filerName": "Desai (Nitin Raojibhai)", "filerRelation": "Chief Financial Officer", "moneyText": "", "startDate": "2015-03-05", "ownership": "D"}, {"maxAge": 1, "shares": 10000, "filerUrl": "", "transactionText": "", "filerName": "Desai (Nitin Raojibhai) HUF", "filerRelation": "UNREPORTED", "moneyText": "", "startDate": "2015-03-02", "ownership": "D"}, {"maxAge": 1, "shares": 1950, "filerUrl": "", "transactionText": "", "filerName": "Desai (Nitin Raojibhai)", "filerRelation": "Chief Financial Officer", "moneyText": "", "startDate": "2015-02-28", "ownership": "D"}, {"maxAge": 1, "shares": 5000, "filerUrl": "", "transactionText": "", "filerName": "Desai (Nitin Raojibhai) HUF", "filerRelation": "UNREPORTED", "moneyText": "", "startDate": "2015-02-28", "ownership": "D"}, {"maxAge": 1, "shares": 18050, "filerUrl": "", "transactionText": "", "filerName": "Desai (Nitin Raojibhai)", "filerRelation": "Chief Financial Officer", "moneyText": "", "startDate": "2015-02-27", "ownership": "D"}, {"maxAge": 1, "shares": 5000, "filerUrl": "", "transactionText": "", "filerName": "Nayak (Ganesh N)", "filerRelation": "Chief Operating Officer", "moneyText": "", "startDate": "2014-12-02", "ownership": "D"}, {"maxAge": 1, "shares": 500, "filerUrl": "", "transactionText": "", "filerName": "Shah (Mukesh M)", "filerRelation": "Director (Non-Executive)", "moneyText": "", "startDate": "2014-02-11", "ownership": "D"}, {"maxAge": 1, "shares": 500, "filerUrl": "", "transactionText": "", "filerName": "Shah (Shilpa M)", "filerRelation": "UNREPORTED", "moneyText": "", "startDate": "2014-01-11", "ownership": "D"}, {"maxAge": 1, "shares": 1000, "filerUrl": "", "transactionText": "", "filerName": "Shah (Shilpa M)", "filerRelation": "UNREPORTED", "moneyText": "", "startDate": "2014-01-09", "ownership": "D"}, {"maxAge": 1, "shares": 1000, "filerUrl": "", "transactionText": "", "filerName": "Shah (Mukesh M)", "filerRelation": "Director (Non-Executive)", "moneyText": "", "startDate": "2014-01-09", "ownership": "D"}, {"maxAge": 1, "shares": 1000, "filerUrl": "", "transactionText": "", "filerName": "Shah (Shilpa M)", "filerRelation": "UNREPORTED", "moneyText": "", "startDate": "2013-12-31", "ownership": "D"}, {"maxAge": 1, "shares": 900, "filerUrl": "", "transactionText": "", "filerName": "Shah (Mukesh M)", "filerRelation": "Director (Non-Executive)", "moneyText": "", "startDate": "2013-12-31", "ownership": "D"}, {"maxAge": 1, "shares": 500, "filerUrl": "", "transactionText": "", "filerName": "Shah (Shilpa M)", "filerRelation": "UNREPORTED", "moneyText": "", "startDate": "2013-12-24", "ownership": "D"}, {"maxAge": 1, "shares": 1000, "filerUrl": "", "transactionText": "", "filerName": "Shah (Shilpa M)", "filerRelation": "UNREPORTED", "moneyText": "", "startDate": "2013-07-13", "ownership": "D"}, {"maxAge": 1, "shares": 250, "filerUrl": "", "transactionText": "", "filerName": "Shah (Shilpa M)", "filerRelation": "UNREPORTED", "moneyText": "", "startDate": "2013-07-10", "ownership": "D"}, {"maxAge": 1, "shares": 4000, "filerUrl": "", "transactionText": "", "filerName": "Parekh (Nitin D.)", "filerRelation": "Chief Financial Officer", "moneyText": "", "startDate": "2013-07-10", "ownership": "D"}, {"maxAge": 1, "shares": 250, "filerUrl": "", "transactionText": "", "filerName": "Shah (Shilpa M)", "filerRelation": "UNREPORTED", "moneyText": "", "startDate": "2013-06-22", "ownership": "D"}, {"maxAge": 1, "shares": 500, "filerUrl": "", "transactionText": "", "filerName": "Shah (Shilpa M)", "filerRelation": "UNREPORTED", "moneyText": "", "startDate": "2013-06-20", "ownership": "D"}, {"maxAge": 1, "shares": 2500, "filerUrl": "", "transactionText": "", "filerName": "Shah (Shilpa M)", "filerRelation": "UNREPORTED", "moneyText": "", "startDate": "2013-06-05", "ownership": "D"}, {"maxAge": 1, "shares": 1500, "filerUrl": "", "transactionText": "", "filerName": "Shah (Shilpa M)", "filerRelation": "UNREPORTED", "moneyText": "", "startDate": "2013-06-05", "ownership": "D"}, {"maxAge": 1, "shares": 1200, "filerUrl": "", "transactionText": "", "filerName": "Shah (Mukesh M)", "filerRelation": "Director (Non-Executive)", "moneyText": "", "startDate": "2013-01-10", "ownership": "D"}, {"maxAge": 1, "shares": 3750, "filerUrl": "", "transactionText": "", "filerName": "Parekh (Nitin D.)", "filerRelation": "Chief Financial Officer", "moneyText": "", "startDate": "2012-12-26", "ownership": "D"}, {"maxAge": 1, "shares": 250, "filerUrl": "", "transactionText": "", "filerName": "Joshi (Prabodh R)", "filerRelation": "UNREPORTED", "moneyText": "", "startDate": "2011-07-25", "ownership": "D"}, {"maxAge": 1, "shares": 2000, "filerUrl": "", "transactionText": "", "filerName": "Nayak (Ganesh N)", "filerRelation": "UNREPORTED", "moneyText": "", "startDate": "2011-07-25", "ownership": "D"}, {"maxAge": 1, "shares": 1000, "filerUrl": "", "transactionText": "", "filerName": "Parekh (Nitin D.)", "filerRelation": "Chief Financial Officer", "moneyText": "", "startDate": "2011-05-25", "ownership": "D"}, {"maxAge": 1, "shares": 2000, "filerUrl": "", "transactionText": "", "filerName": "Nayak (Ganesh N)", "filerRelation": "UNREPORTED", "moneyText": "", "startDate": "2011-03-18", "ownership": "D"}, {"maxAge": 1, "shares": 500, "filerUrl": "", "transactionText": "", "filerName": "Parekh (Nitin D.)", "filerRelation": "Chief Financial Officer", "moneyText": "", "startDate": "2011-02-07", "ownership": "D"}, {"maxAge": 1, "shares": 1000, "filerUrl": "", "transactionText": "", "filerName": "Patel (Manubhai K)", "filerRelation": "UNREPORTED", "moneyText": "", "startDate": "2011-01-19", "ownership": "D"}, {"maxAge": 1, "shares": 1250, "filerUrl": "", "transactionText": "", "filerName": "Parekh (Nitin D.)", "filerRelation": "Chief Financial Officer", "moneyText": "", "startDate": "2010-08-19", "ownership": "D"}, {"maxAge": 1, "shares": 7000, "filerUrl": "", "transactionText": "", "filerName": "Parekh (Nitin D.)", "filerRelation": "Chief Financial Officer", "moneyText": "", "startDate": "2010-05-03", "ownership": "D"}, {"maxAge": 1, "shares": 100000, "filerUrl": "", "transactionText": "", "filerName": "Life Insurance Corporation of India", "filerRelation": "Institution- Corporation", "moneyText": "", "startDate": "2010-04-23", "ownership": "D"}, {"maxAge": 1, "shares": 2500, "filerUrl": "", "transactionText": "", "filerName": "Parekh (Niyati Nitinkumar)", "filerRelation": "UNREPORTED", "moneyText": "", "startDate": "2010-04-07", "ownership": "D"}, {"maxAge": 1, "shares": 1000, "filerUrl": "", "transactionText": "", "filerName": "Parekh (Nitin D.)", "filerRelation": "Chief Financial Officer", "moneyText": "", "startDate": "2010-02-01", "ownership": "D"}], "maxAge": 1}, "sectorTrend": {"maxAge": 1, "symbol": null, "estimates": []}, "incomeStatementHistoryQuarterly": {"incomeStatementHistory": [{"maxAge": 1, "endDate": "2020-12-31", "totalRevenue": 37956000000, "costOfRevenue": 12935000000, "grossProfit": 25021000000, "researchDevelopment": {}, "sellingGeneralAdministrative": 6286000000, "nonRecurring": {}, "otherOperatingExpenses": 10666000000, "totalOperatingExpenses": 31691000000, "operatingIncome": 6265000000, "totalOtherIncomeExpenseNet": 162000000, "ebit": 6265000000, "interestExpense": -268000000, "incomeBeforeTax": 6427000000, "incomeTaxExpense": 1147000000, "minorityInterest": {}, "netIncomeFromContinuingOps": 5280000000, "discontinuedOperations": {}, "extraordinaryItems": {}, "effectOfAccountingCharges": {}, "otherItems": {}, "netIncome": 5272000000, "netIncomeApplicableToCommonShares": 5272000000}, {"maxAge": 1, "endDate": "2020-09-30", "totalRevenue": 38200000000, "costOfRevenue": 13223000000, "grossProfit": 24977000000, "researchDevelopment": {}, "sellingGeneralAdministrative": 6165000000, "nonRecurring": {}, "otherOperatingExpenses": 10178000000, "totalOperatingExpenses": 31356000000, "operatingIncome": 6844000000, "totalOtherIncomeExpenseNet": -1388000000, "ebit": 6844000000, "interestExpense": -457000000, "incomeBeforeTax": 5456000000, "incomeTaxExpense": 1106000000, "minorityInterest": 18793000000, "netIncomeFromContinuingOps": 4350000000, "discontinuedOperations": {}, "extraordinaryItems": {}, "effectOfAccountingCharges": {}, "otherItems": {}, "netIncome": 4734000000, "netIncomeApplicableToCommonShares": 4734000000}, {"maxAge": 1, "endDate": "2020-06-30", "totalRevenue": 36399000000, "costOfRevenue": 12503000000, "grossProfit": 23896000000, "researchDevelopment": {}, "sellingGeneralAdministrative": 6345000000, "nonRecurring": {}, "otherOperatingExpenses": 9397000000, "totalOperatingExpenses": 30013000000, "operatingIncome": 6386000000, "totalOtherIncomeExpenseNet": -285000000, "ebit": 6386000000, "interestExpense": -677000000, "incomeBeforeTax": 6101000000, "incomeTaxExpense": 1235000000, "minorityInterest": 18793000000, "netIncomeFromContinuingOps": 4866000000, "discontinuedOperations": {}, "extraordinaryItems": {}, "effectOfAccountingCharges": {}, "otherItems": {}, "netIncome": 4540000000, "netIncomeApplicableToCommonShares": 4540000000}, {"maxAge": 1, "endDate": "2020-03-31", "totalRevenue": 37521000000, "costOfRevenue": 14201000000, "grossProfit": 23320000000, "researchDevelopment": {}, "sellingGeneralAdministrative": 15034000000, "nonRecurring": {}, "otherOperatingExpenses": -178000000, "totalOperatingExpenses": 30833000000, "operatingIncome": 6688000000, "totalOtherIncomeExpenseNet": -1466000000, "ebit": 6688000000, "interestExpense": -643000000, "incomeBeforeTax": 5222000000, "incomeTaxExpense": 1085000000, "minorityInterest": 13347000000, "netIncomeFromContinuingOps": 4137000000, "discontinuedOperations": {}, "extraordinaryItems": {}, "effectOfAccountingCharges": {}, "otherItems": {}, "netIncome": 3919000000, "netIncomeApplicableToCommonShares": 3919000000}], "maxAge": 86400}, "cashflowStatementHistoryQuarterly": {"cashflowStatements": [{"maxAge": 1, "endDate": "2020-12-31", "netIncome": 5272000000, "changeToLiabilities": 0}, {"maxAge": 1, "endDate": "2020-09-30", "netIncome": 4734000000, "changeToLiabilities": 0}, {"maxAge": 1, "endDate": "2020-06-30", "netIncome": 4540000000, "changeToLiabilities": 0}, {"maxAge": 1, "endDate": "2020-03-31", "netIncome": 3919000000, "changeToLiabilities": 0}], "maxAge": 86400}, "earnings": {"maxAge": 86400, "earningsChart": {"quarterly": [{"date": "4Q2017", "actual": 5.31, "estimate": 5.1}, {"date": "1Q2018", "actual": 5.77, "estimate": 5.54}, {"date": "2Q2018", "actual": 4.5, "estimate": 4.33}, {"date": "3Q2018", "actual": 4.08, "estimate": 4.53}], "currentQuarterEstimateDate": "4Q", "currentQuarterEstimateYear": 2018, "earningsDate": []}, "financialsChart": {"yearly": [{"date": 2017, "revenue": 93765000000, "earnings": 14877000000}, {"date": 2018, "revenue": 119049000000, "earnings": 17758000000}, {"date": 2019, "revenue": 131656000000, "earnings": 18488000000}, {"date": 2020, "revenue": 142531000000, "earnings": 11766000000}], "quarterly": [{"date": "1Q2020", "revenue": 37521000000, "earnings": 3919000000}, {"date": "2Q2020", "revenue": 36399000000, "earnings": 4540000000}, {"date": "3Q2020", "revenue": 38200000000, "earnings": 4734000000}, {"date": "4Q2020", "revenue": 37956000000, "earnings": 5272000000}]}, "financialCurrency": "INR"}, "financialData": {"maxAge": 86400, "currentPrice": 571.15, "targetHighPrice": 500.0, "targetLowPrice": 330.0, "targetMeanPrice": 419.59, "targetMedianPrice": 418.5, "recommendationKey": "none", "numberOfAnalystOpinions": 34, "totalCash": 26428000256, "totalCashPerShare": 25.816, "ebitda": 32931999744, "totalDebt": 56434999296, "totalRevenue": 150075998208, "debtToEquity": 41.393, "revenuePerShare": 146.534, "grossProfits": 91727000000, "earningsGrowth": 0.411, "revenueGrowth": 0.043, "grossMargins": 0.64776003, "ebitdaMargins": 0.21944, "operatingMargins": 0.17171, "profitMargins": 0.12304, "financialCurrency": "INR"}}}