{"CADILAHC.BO": {"recommendationTrend": {"trend": [{"period": "0m", "strongBuy": 0, "buy": 0, "hold": 0, "sell": 0, "strongSell": 0}, {"period": "-1m", "strongBuy": 0, "buy": 0, "hold": 0, "sell": 0, "strongSell": 0}, {"period": "-2m", "strongBuy": 0, "buy": 0, "hold": 0, "sell": 0, "strongSell": 0}, {"period": "-3m", "strongBuy": 0, "buy": 0, "hold": 0, "sell": 0, "strongSell": 0}], "maxAge": 86400}, "cashflowStatementHistory": {"cashflowStatements": [{"maxAge": 1, "endDate": "2020-03-31", "netIncome": 11766000000, "depreciation": 6725000000, "changeToNetincome": 5029000000, "changeToAccountReceivables": 2824000000, "changeToLiabilities": 564000000, "changeToInventory": -1010000000, "changeToOperatingActivities": -1084000000, "totalCashFromOperatingActivities": 25054000000, "capitalExpenditures": -9041000000, "investments": 285000000, "otherCashflowsFromInvestingActivities": 330000000, "totalCashflowsFromInvestingActivities": -10123000000, "dividendsPaid": -7166000000, "netBorrowings": -3489000000, "otherCashflowsFromFinancingActivities": -287000000, "totalCashFromFinancingActivities": -10942000000, "changeInCash": 3989000000}, {"maxAge": 1, "endDate": "2019-03-31", "netIncome": 18488000000, "depreciation": 5818000000, "changeToNetincome": -1938000000, "changeToAccountReceivables": -6428000000, "changeToLiabilities": -2259000000, "changeToInventory": -1004000000, "changeToOperatingActivities": -26000000, "totalCashFromOperatingActivities": 12819000000, "capitalExpenditures": -10574000000, "investments": -47459000000, "otherCashflowsFromInvestingActivities": 536000000, "totalCashflowsFromInvestingActivities": -42387000000, "dividendsPaid": -3583000000, "netBorrowings": 23955000000, "otherCashflowsFromFinancingActivities": -1526000000, "totalCashFromFinancingActivities": 18846000000, "changeInCash": -8109000000}, {"maxAge": 1, "endDate": "2018-03-31", "netIncome": 17758000000, "depreciation": 5179000000, "changeToNetincome": 3000000, "changeToAccountReceivables": -9690000000, "changeToLiabilities": 3164000000, "changeToInventory": -5924000000, "changeToOperatingActivities": -1389000000, "totalCashFromOperatingActivities": 9193000000, "capitalExpenditures": -10493000000, "investments": 116000000, "otherCashflowsFromInvestingActivities": 500000000, "totalCashflowsFromInvestingActivities": -9737000000, "dividendsPaid": -3583000000, "netBorrowings": 1574000000, "otherCashflowsFromFinancingActivities": -1059000000, "totalCashFromFinancingActivities": 515000000, "changeInCash": -29000000}, {"maxAge": 1, "endDate": "2017-03-31", "netIncome": 14877000000, "depreciation": 3670000000, "changeToNetincome": -1398000000, "changeToAccountReceivables": -5051000000, "changeToLiabilities": 2337000000, "changeToInventory": -4666000000, "changeToOperatingActivities": 3268000000, "totalCashFromOperatingActivities": 13117000000, "capitalExpenditures": -29397000000, "investments": 53000000, "otherCashflowsFromInvestingActivities": 578000000, "totalCashflowsFromInvestingActivities": -28719000000, "dividendsPaid": -3271000000, "netBorrowings": 27652000000, "otherCashflowsFromFinancingActivities": -1223000000, "totalCashFromFinancingActivities": 23158000000, "changeInCash": 7556000000}], "maxAge": 86400}, "institutionOwnership": {"maxAge": 1, "ownershipList": []}, "balanceSheetHistoryQuarterly": {"balanceSheetStatements": [{"maxAge": 1, "endDate": "2020-06-30", "totalStockholderEquity": 103757000000, "netTangibleAssets": 35974000000}, {"maxAge": 1, "endDate": "2020-03-31", "cash": 9649000000, "shortTermInvestments": 2306000000, "netReceivables": 37892000000, "inventory": 27890000000, "otherCurrentAssets": 6528000000, "totalCurrentAssets": 87154000000, "longTermInvestments": 6181000000, "propertyPlantEquipment": 61937000000, "goodWill": 53915000000, "intangibleAssets": 13868000000, "otherAssets": 13811000000, "deferredLongTermAssetCharges": 8529000000, "totalAssets": 236866000000, "accountsPayable": 20310000000, "shortLongTermDebt": 9453000000, "otherCurrentLiab": 3941000000, "longTermDebt": 32146000000, "otherLiab": 4777000000, "minorityInterest": 13347000000, "totalCurrentLiabilities": 82694000000, "totalLiab": 119762000000, "commonStock": 1024000000, "retainedEarnings": 104048000000, "treasuryStock": -1315000000, "otherStockholderEquity": -1315000000, "totalStockholderEquity": 103757000000, "netTangibleAssets": 35974000000}, {"maxAge": 1, "endDate": "2019-12-31", "totalStockholderEquity": 102989000000, "netTangibleAssets": 35360000000}, {"maxAge": 1, "endDate": "2019-09-30", "cash": 7134000000, "shortTermInvestments": 5966000000, "netReceivables": 33969000000, "inventory": 25730000000, "otherCurrentAssets": 8581000000, "totalCurrentAssets": 81380000000, "longTermInvestments": 6848000000, "propertyPlantEquipment": 60982000000, "goodWill": 53019000000, "intangibleAssets": 14610000000, "otherAssets": 13249000000, "deferredLongTermAssetCharges": 9766000000, "totalAssets": 230088000000, "accountsPayable": 16550000000, "otherCurrentLiab": 21790000000, "longTermDebt": 37734000000, "otherLiab": 5070000000, "minorityInterest": 12867000000, "totalCurrentLiabilities": 71428000000, "totalLiab": 114232000000, "commonStock": 1024000000, "treasuryStock": 101965000000, "otherStockholderEquity": 101965000000, "totalStockholderEquity": 102989000000, "netTangibleAssets": 35360000000}], "maxAge": 86400}, "earningsHistory": {"history": [{"maxAge": 1, "epsActual": 1.35, "epsEstimate": 3.5, "epsDifference": -2.15, "surprisePercent": -0.614, "quarter": "2017-06-30", "period": "-4q"}, {"maxAge": 1, "epsActual": 4.92, "epsEstimate": 4.59, "epsDifference": 0.33, "surprisePercent": 0.072, "quarter": "2017-09-30", "period": "-3q"}, {"maxAge": 1, "epsActual": 5.31, "epsEstimate": 5.1, "epsDifference": 0.21, "surprisePercent": 0.040999997, "quarter": "2017-12-31", "period": "-2q"}, {"maxAge": 1, "epsActual": 5.77, "epsEstimate": 5.54, "epsDifference": 0.23, "surprisePercent": 0.042, "quarter": "2018-03-31", "period": "-1q"}], "maxAge": 86400}, "indexTrend": {"maxAge": 1, "symbol": "SP5", "peRatio": 19.7411, "pegRatio": 1.34172, "estimates": [{"period": "0q", "growth": 0.549}, {"period": "+1q", "growth": 0.431}, {"period": "0y", "growth": 0.305}, {"period": "+1y", "growth": 0.109}, {"period": "+5y", "growth": 0.120865}, {"period": "-5y"}]}, "esgScores": {"maxAge": 86400, "totalEsg": 41.92, "environmentScore": null, "socialScore": null, "governanceScore": null, "ratingYear": 2020, "ratingMonth": 10, "highestControversy": 3.0, "peerCount": 82, "esgPerformance": "LEAD_PERF", "peerGroup": "Pharmaceuticals", "relatedControversy": ["Customer Incidents"], "peerEsgScorePerformance": {"min": 11.18, "avg": 28.97609756097562, "max": 51.55}, "peerGovernancePerformance": {"min": 5.23, "avg": 10.541749999999997, "max": 18.38}, "peerSocialPerformance": {"min": 3.6, "avg": 16.685624999999998, "max": 24.49}, "peerEnvironmentPerformance": {"min": 0.01, "avg": 1.3058750000000008, "max": 3.1}, "peerHighestControversyPerformance": {"min": 0.0, "avg": 1.9390243902439024, "max": 5.0}, "percentile": 87.19, "environmentPercentile": null, "socialPercentile": null, "governancePercentile": null, "adult": false, "alcoholic": false, "animalTesting": true, "catholic": true, "controversialWeapons": false, "smallArms": false, "furLeather": false, "gambling": false, "gmo": false, "militaryContract": false, "nuclear": false, "pesticides": false, "palmOil": false, "coal": false, "tobacco": false}, "industryTrend": {"maxAge": 1, "symbol": null, "estimates": []}, "insiderTransactions": {"transactions": [{"maxAge": 1, "shares": 766120711, "filerUrl": "", "transactionText": "", "filerName": "Zydus Family Trust", "filerRelation": "Promoter", "moneyText": "", "startDate": "2020-03-20", "ownership": "D"}, {"maxAge": 1, "shares": 10000, "filerUrl": "", "transactionText": "", "filerName": "Parekh (Rupa Nitinkumar)", "filerRelation": "Promoter", "moneyText": "", "startDate": "2020-03-20", "ownership": "D"}, {"maxAge": 1, "shares": 250723, "filerUrl": "", "transactionText": "", "filerName": "Zydus Family Trust", "filerRelation": "Promoter", "moneyText": "", "startDate": "2019-09-04", "ownership": "D"}, {"maxAge": 1, "shares": 502651, "filerUrl": "", "transactionText": "", "filerName": "Zydus Family Trust", "filerRelation": "Promoter", "moneyText": "", "startDate": "2019-09-04", "ownership": "D"}, {"maxAge": 1, "shares": 234428, "filerUrl": "", "transactionText": "", "filerName": "Zydus Family Trust", "filerRelation": "Promoter", "moneyText": "", "startDate": "2019-09-03", "ownership": "D"}, {"maxAge": 1, "shares": 251848, "filerUrl": "", "transactionText": "", "filerName": "Zydus Family Trust", "filerRelation": "Promoter", "moneyText": "", "startDate": "2019-09-03", "ownership": "D"}, {"maxAge": 1, "shares": 107798, "filerUrl": "", "transactionText": "", "filerName": "Zydus Family Trust", "filerRelation": "Promoter", "moneyText": "", "startDate": "2019-08-30", "ownership": "D"}, {"maxAge": 1, "shares": 7427, "filerUrl": "", "transactionText": "", "filerName": "Zydus Family Trust", "filerRelation": "Promoter", "moneyText": "", "startDate": "2019-08-30", "ownership": "D"}, {"maxAge": 1, "shares": 208908, "filerUrl": "", "transactionText": "", "filerName": "Zydus Family Trust", "filerRelation": "Promoter", "moneyText": "", "startDate": "2019-08-29", "ownership": "D"}, {"maxAge": 1, "shares": 2500, "filerUrl": "", "transactionText": "", "filerName": "Sadana (Harish)", "filerRelation": "UNREPORTED", "moneyText": "", "startDate": "2019-06-13", "ownership": "D"}], "maxAge": 1}, "quoteType": {"exchange": "BSE", "quoteType": "EQUITY", "symbol": "CADILAHC.BO", "underlyingSymbol": "CADILAHC.BO", "shortName": "CADILA HEALTHCARE LTD.", "longName": "Cadila Healthcare Limited", "firstTradeDateEpochUtc": "2000-01-03 09:15:00", "timeZoneFullName": "Asia/Kolkata", "timeZoneShortName": "IST", "uuid": "fea4df60-170f-3490-8810-0b398e5a7a85", "messageBoardId": null, "gmtOffSetMilliseconds": 19800000, "maxAge": 1}, "incomeStatementHistory": {"incomeStatementHistory": [{"maxAge": 1, "endDate": "2020-03-31", "totalRevenue": 142531000000, "costOfRevenue": 50804000000, "grossProfit": 91727000000, "researchDevelopment": {}, "sellingGeneralAdministrative": 33089000000, "nonRecurring": {}, "otherOperatingExpenses": 30666000000, "totalOperatingExpenses": 121515000000, "operatingIncome": 21016000000, "totalOtherIncomeExpenseNet": -5774000000, "ebit": 21016000000, "interestExpense": -3236000000, "incomeBeforeTax": 15242000000, "incomeTaxExpense": 3198000000, "minorityInterest": 13347000000, "netIncomeFromContinuingOps": 12044000000, "discontinuedOperations": {}, "extraordinaryItems": {}, "effectOfAccountingCharges": {}, "otherItems": {}, "netIncome": 11766000000, "netIncomeApplicableToCommonShares": 11766000000}, {"maxAge": 1, "endDate": "2019-03-31", "totalRevenue": 131656000000, "costOfRevenue": 48574000000, "grossProfit": 83082000000, "researchDevelopment": {}, "sellingGeneralAdministrative": 28276000000, "nonRecurring": {}, "otherOperatingExpenses": 24855000000, "totalOperatingExpenses": 107730000000, "operatingIncome": 23926000000, "totalOtherIncomeExpenseNet": 364000000, "ebit": 23926000000, "interestExpense": -1905000000, "incomeBeforeTax": 24290000000, "incomeTaxExpense": 5303000000, "minorityInterest": 12929000000, "netIncomeFromContinuingOps": 18987000000, "discontinuedOperations": {}, "extraordinaryItems": {}, "effectOfAccountingCharges": {}, "otherItems": {}, "netIncome": 18488000000, "netIncomeApplicableToCommonShares": 18488000000}, {"maxAge": 1, "endDate": "2018-03-31", "totalRevenue": 119049000000, "costOfRevenue": 42448000000, "grossProfit": 76601000000, "researchDevelopment": {}, "sellingGeneralAdministrative": 24864000000, "nonRecurring": {}, "otherOperatingExpenses": 23229000000, "totalOperatingExpenses": 95805000000, "operatingIncome": 23244000000, "totalOtherIncomeExpenseNet": 692000000, "ebit": 23244000000, "interestExpense": -1047000000, "incomeBeforeTax": 23936000000, "incomeTaxExpense": 5644000000, "minorityInterest": 1910000000, "netIncomeFromContinuingOps": 18292000000, "discontinuedOperations": -188000000, "extraordinaryItems": {}, "effectOfAccountingCharges": {}, "otherItems": {}, "netIncome": 17758000000, "netIncomeApplicableToCommonShares": 17758000000}, {"maxAge": 1, "endDate": "2017-03-31", "totalRevenue": 93765000000, "costOfRevenue": 35081000000, "grossProfit": 58684000000, "researchDevelopment": {}, "sellingGeneralAdministrative": 20767000000, "nonRecurring": {}, "otherOperatingExpenses": 18858000000, "totalOperatingExpenses": 78446000000, "operatingIncome": 15319000000, "totalOtherIncomeExpenseNet": 1165000000, "ebit": 15319000000, "interestExpense": -568000000, "incomeBeforeTax": 16484000000, "incomeTaxExpense": 1289000000, "minorityInterest": 1561000000, "netIncomeFromContinuingOps": 15195000000, "discontinuedOperations": -27000000, "extraordinaryItems": {}, "effectOfAccountingCharges": {}, "otherItems": {}, "netIncome": 14877000000, "netIncomeApplicableToCommonShares": 14877000000}], "maxAge": 86400}, "fundOwnership": {"maxAge": 1, "ownershipList": []}, "summaryDetail": {"maxAge": 1, "priceHint": 2, "previousClose": 561.4, "open": 561.2, "dayLow": 559.5, "dayHigh": 578.5, "regularMarketPreviousClose": 561.4, "regularMarketOpen": 561.2, "regularMarketDayLow": 559.5, "regularMarketDayHigh": 578.5, "trailingPE": 44.094486, "forwardPE": 26.456694, "volume": 517809, "regularMarketVolume": 517809, "averageVolume": 196297, "averageVolume10days": 112656, "averageDailyVolume10Day": 112656, "bid": 570.7, "ask": 571.2, "bidSize": 0, "askSize": 0, "marketCap": 584760295424, "fiftyTwoWeekLow": 212.7, "fiftyTwoWeekHigh": 578.5, "fiftyDayAverage": 473.0357, "twoHundredDayAverage": 434.12262, "trailingAnnualDividendRate": 3.5, "trailingAnnualDividendYield": 0.0062344135, "currency": "INR", "fromCurrency": null, "toCurrency": null, "lastMarket": null, "algorithm": null, "tradeable": false}, "sectorTrend": {"maxAge": 1, "symbol": null, "estimates": []}, "incomeStatementHistoryQuarterly": {"incomeStatementHistory": [{"maxAge": 1, "endDate": "2020-06-30", "totalRevenue": 36399000000, "costOfRevenue": 12503000000, "grossProfit": 23896000000, "researchDevelopment": {}, "sellingGeneralAdministrative": 6345000000, "nonRecurring": {}, "otherOperatingExpenses": 9397000000, "totalOperatingExpenses": 30013000000, "operatingIncome": 6386000000, "totalOtherIncomeExpenseNet": -285000000, "ebit": 6386000000, "interestExpense": -677000000, "incomeBeforeTax": 6101000000, "incomeTaxExpense": 1235000000, "minorityInterest": {}, "netIncomeFromContinuingOps": 4866000000, "discontinuedOperations": {}, "extraordinaryItems": {}, "effectOfAccountingCharges": {}, "otherItems": {}, "netIncome": 4540000000, "netIncomeApplicableToCommonShares": 4540000000}, {"maxAge": 1, "endDate": "2020-03-31", "totalRevenue": 37521000000, "costOfRevenue": 14201000000, "grossProfit": 23320000000, "researchDevelopment": {}, "sellingGeneralAdministrative": 15034000000, "nonRecurring": {}, "otherOperatingExpenses": -178000000, "totalOperatingExpenses": 30833000000, "operatingIncome": 6688000000, "totalOtherIncomeExpenseNet": -1466000000, "ebit": 6688000000, "interestExpense": -643000000, "incomeBeforeTax": 5222000000, "incomeTaxExpense": 1085000000, "minorityInterest": 13347000000, "netIncomeFromContinuingOps": 4137000000, "discontinuedOperations": {}, "extraordinaryItems": {}, "effectOfAccountingCharges": {}, "otherItems": {}, "netIncome": 3919000000, "netIncomeApplicableToCommonShares": 3919000000}, {"maxAge": 1, "endDate": "2019-12-31", "totalRevenue": 36381000000, "costOfRevenue": 12443000000, "grossProfit": 23938000000, "researchDevelopment": {}, "sellingGeneralAdministrative": 6190000000, "nonRecurring": {}, "otherOperatingExpenses": 10816000000, "totalOperatingExpenses": 31190000000, "operatingIncome": 5191000000, "totalOtherIncomeExpenseNet": -550000000, "ebit": 5191000000, "interestExpense": -805000000, "incomeBeforeTax": 4641000000, "incomeTaxExpense": 927000000, "minorityInterest": 13347000000, "netIncomeFromContinuingOps": 3714000000, "discontinuedOperations": {}, "extraordinaryItems": {}, "effectOfAccountingCharges": {}, "otherItems": {}, "netIncome": 3739000000, "netIncomeApplicableToCommonShares": 3739000000}, {"maxAge": 1, "endDate": "2019-09-30", "totalRevenue": 33666000000, "costOfRevenue": 11565000000, "grossProfit": 22101000000, "researchDevelopment": {}, "sellingGeneralAdministrative": 5967000000, "nonRecurring": {}, "otherOperatingExpenses": 9878000000, "totalOperatingExpenses": 29133000000, "operatingIncome": 4533000000, "totalOtherIncomeExpenseNet": -3198000000, "ebit": 4533000000, "interestExpense": -897000000, "incomeBeforeTax": 1335000000, "incomeTaxExpense": 395000000, "minorityInterest": 12867000000, "netIncomeFromContinuingOps": 940000000, "discontinuedOperations": {}, "extraordinaryItems": {}, "effectOfAccountingCharges": {}, "otherItems": {}, "netIncome": 1072000000, "netIncomeApplicableToCommonShares": 1072000000}], "maxAge": 86400}, "cashflowStatementHistoryQuarterly": {"cashflowStatements": [{"maxAge": 1, "endDate": "2020-06-30", "netIncome": 4540000000, "changeToLiabilities": 0}, {"maxAge": 1, "endDate": "2020-03-31", "netIncome": 3919000000, "changeToLiabilities": 0}, {"maxAge": 1, "endDate": "2019-12-31", "netIncome": 3739000000, "changeToLiabilities": 0}, {"maxAge": 1, "endDate": "2019-09-30", "netIncome": 1072000000, "changeToLiabilities": 0}], "maxAge": 86400}, "insiderHolders": {"holders": [{"maxAge": 1, "name": "Parekh (Rupa Nitinkumar)", "relation": "Promoter", "url": "", "transactionDescription": "Sale", "latestTransDate": "2020-03-20", "positionDirect": 10000, "positionDirectDate": "2020-03-20"}, {"maxAge": 1, "name": "Sadana (Harish)", "relation": "UNREPORTED", "url": "", "transactionDescription": "Acquisition", "latestTransDate": "2019-06-13", "positionDirect": 2500, "positionDirectDate": "2019-06-13"}, {"maxAge": 1, "name": "Zydus Family Trust", "relation": "Promoter", "url": "", "transactionDescription": "Sale", "latestTransDate": "2020-03-20", "positionDirect": 10000, "positionDirectDate": "2020-03-20"}], "maxAge": 1}, "earnings": {"maxAge": 86400, "earningsChart": {"quarterly": [{"date": "2Q2017", "actual": 1.35, "estimate": 3.5}, {"date": "3Q2017", "actual": 4.92, "estimate": 4.59}, {"date": "4Q2017", "actual": 5.31, "estimate": 5.1}, {"date": "1Q2018", "actual": 5.77, "estimate": 5.54}], "currentQuarterEstimate": 4.37, "currentQuarterEstimateDate": "2Q", "currentQuarterEstimateYear": 2018, "earningsDate": []}, "financialsChart": {"yearly": [{"date": 2017, "revenue": 93765000000, "earnings": 14877000000}, {"date": 2018, "revenue": 119049000000, "earnings": 17758000000}, {"date": 2019, "revenue": 131656000000, "earnings": 18488000000}, {"date": 2020, "revenue": 142531000000, "earnings": 11766000000}], "quarterly": [{"date": "3Q2019", "revenue": 33666000000, "earnings": 1072000000}, {"date": "4Q2019", "revenue": 36381000000, "earnings": 3739000000}, {"date": "1Q2020", "revenue": 37521000000, "earnings": 3919000000}, {"date": "2Q2020", "revenue": 36399000000, "earnings": 4540000000}]}, "financialCurrency": "INR"}, "calendarEvents": {"maxAge": 1, "earnings": {"earningsDate": [], "earningsAverage": 4.37, "earningsLow": 3.07, "earningsHigh": 5.67, "revenueAverage": 29766500000, "revenueLow": 28679000000, "revenueHigh": 30854000000}}, "price": {"maxAge": 1, "regularMarketChangePercent": 0.017456336, "regularMarketChange": 9.799988, "regularMarketTime": "2021-04-30 15:56:56", "priceHint": 2, "regularMarketPrice": 571.2, "regularMarketDayHigh": 578.5, "regularMarketDayLow": 559.5, "regularMarketVolume": 517809, "averageDailyVolume10Day": 112656, "averageDailyVolume3Month": 196297, "regularMarketPreviousClose": 561.4, "regularMarketSource": "FREE_REALTIME", "regularMarketOpen": 561.2, "exchange": "BSE", "exchangeName": "BSE", "exchangeDataDelayedBy": 0, "marketState": "CLOSED", "quoteType": "EQUITY", "symbol": "CADILAHC.BO", "underlyingSymbol": null, "shortName": "CADILA HEALTHCARE LTD.", "longName": "Cadila Healthcare Limited", "currency": "INR", "quoteSourceName": "Delayed Quote", "currencySymbol": "\u20b9", "fromCurrency": null, "toCurrency": null, "lastMarket": null, "marketCap": 584760295424}, "balanceSheetHistory": {"balanceSheetStatements": [{"maxAge": 1, "endDate": "2020-03-31", "cash": 9649000000, "shortTermInvestments": 2306000000, "netReceivables": 37892000000, "inventory": 27890000000, "otherCurrentAssets": 6528000000, "totalCurrentAssets": 87154000000, "longTermInvestments": 6181000000, "propertyPlantEquipment": 61937000000, "goodWill": 53915000000, "intangibleAssets": 13868000000, "otherAssets": 13811000000, "deferredLongTermAssetCharges": 8529000000, "totalAssets": 236866000000, "accountsPayable": 20310000000, "shortLongTermDebt": 9453000000, "otherCurrentLiab": 3941000000, "longTermDebt": 32146000000, "otherLiab": 4777000000, "minorityInterest": 13347000000, "totalCurrentLiabilities": 82694000000, "totalLiab": 119762000000, "commonStock": 1024000000, "retainedEarnings": 104048000000, "treasuryStock": -1315000000, "otherStockholderEquity": -1315000000, "totalStockholderEquity": 103757000000, "netTangibleAssets": 35974000000}, {"maxAge": 1, "endDate": "2019-03-31", "cash": 5489000000, "shortTermInvestments": 2216000000, "netReceivables": 41013000000, "inventory": 26880000000, "otherCurrentAssets": 6279000000, "totalCurrentAssets": 84981000000, "longTermInvestments": 4543000000, "propertyPlantEquipment": 59431000000, "goodWill": 52890000000, "intangibleAssets": 17688000000, "otherAssets": 15298000000, "deferredLongTermAssetCharges": 9703000000, "totalAssets": 234831000000, "accountsPayable": 19226000000, "shortLongTermDebt": 7528000000, "otherCurrentLiab": 2813000000, "longTermDebt": 39497000000, "otherLiab": 5117000000, "minorityInterest": 12929000000, "totalCurrentLiabilities": 73425000000, "totalLiab": 118039000000, "commonStock": 1024000000, "retainedEarnings": 99891000000, "treasuryStock": 2948000000, "otherStockholderEquity": 2948000000, "totalStockholderEquity": 103863000000, "netTangibleAssets": 33285000000}, {"maxAge": 1, "endDate": "2018-03-31", "cash": 13149000000, "shortTermInvestments": 2024000000, "netReceivables": 32889000000, "inventory": 23853000000, "otherCurrentAssets": 7060000000, "totalCurrentAssets": 82297000000, "longTermInvestments": 4816000000, "propertyPlantEquipment": 53460000000, "goodWill": 13853000000, "intangibleAssets": 12785000000, "otherAssets": 13442000000, "deferredLongTermAssetCharges": 9246000000, "totalAssets": 180653000000, "accountsPayable": 18884000000, "shortLongTermDebt": 2941000000, "otherCurrentLiab": 2619000000, "longTermDebt": 25551000000, "otherLiab": 4917000000, "minorityInterest": 1910000000, "totalCurrentLiabilities": 60830000000, "totalLiab": 91298000000, "commonStock": 1024000000, "retainedEarnings": 85640000000, "treasuryStock": 781000000, "otherStockholderEquity": 781000000, "totalStockholderEquity": 87445000000, "netTangibleAssets": 60807000000}, {"maxAge": 1, "endDate": "2017-03-31", "cash": 15435000000, "shortTermInvestments": 123000000, "netReceivables": 23098000000, "inventory": 18037000000, "otherCurrentAssets": 2572000000, "totalCurrentAssets": 60223000000, "longTermInvestments": 4108000000, "propertyPlantEquipment": 48337000000, "goodWill": 11494000000, "intangibleAssets": 13153000000, "otherAssets": 14892000000, "deferredLongTermAssetCharges": 8955000000, "totalAssets": 152207000000, "accountsPayable": 15479000000, "shortLongTermDebt": 2619000000, "otherCurrentLiab": 2277000000, "longTermDebt": 24684000000, "otherLiab": 3304000000, "minorityInterest": 1561000000, "totalCurrentLiabilities": 53058000000, "totalLiab": 81046000000, "commonStock": 1024000000, "retainedEarnings": 66012000000, "treasuryStock": 2564000000, "otherStockholderEquity": 2564000000, "totalStockholderEquity": 69600000000, "netTangibleAssets": 44953000000}], "maxAge": 86400}, "earningsTrend": {"trend": [{"maxAge": 1, "period": "0q", "endDate": "2018-06-30", "growth": 2.237, "earningsEstimate": {"avg": 4.37, "low": 3.07, "high": 5.67, "yearAgoEps": 1.35, "numberOfAnalysts": 2, "growth": 2.237}, "revenueEstimate": {"avg": 29766500000, "low": 28679000000, "high": 30854000000, "numberOfAnalysts": 2, "yearAgoRevenue": 21357000000, "growth": 0.39400002}, "epsTrend": {"current": 4.37, "7daysAgo": 4.37, "30daysAgo": 4.37, "60daysAgo": 4.54, "90daysAgo": 4.54}, "epsRevisions": {"upLast7days": 0, "upLast30days": 0, "downLast30days": 0, "downLast90days": {}}}, {"maxAge": 1, "period": "+1q", "endDate": "2018-09-30", "growth": 0.103999995, "earningsEstimate": {"avg": 5.43, "low": 4.94, "high": 5.92, "yearAgoEps": 4.92, "numberOfAnalysts": 2, "growth": 0.103999995}, "revenueEstimate": {"avg": 30408000000, "low": 30408000000, "high": 30408000000, "numberOfAnalysts": 1, "yearAgoRevenue": 32340000000, "growth": -0.06}, "epsTrend": {"current": 5.43, "7daysAgo": 5.43, "30daysAgo": 5.43, "60daysAgo": 5.27, "90daysAgo": 5.27}, "epsRevisions": {"upLast7days": 0, "upLast30days": 0, "downLast30days": 0, "downLast90days": {}}}, {"maxAge": 1, "period": "0y", "endDate": "2019-03-31", "growth": 0.095, "earningsEstimate": {"avg": 19.0, "low": 14.7, "high": 24.65, "yearAgoEps": 17.35, "numberOfAnalysts": 37, "growth": 0.095}, "revenueEstimate": {"avg": 127457000000, "low": 116263000000, "high": 141564000000, "numberOfAnalysts": 36, "yearAgoRevenue": 119049000000, "growth": 0.071}, "epsTrend": {"current": 19.0, "7daysAgo": 19.0, "30daysAgo": 19.2, "60daysAgo": 20.32, "90daysAgo": 20.43}, "epsRevisions": {"upLast7days": 0, "upLast30days": 1, "downLast30days": 0, "downLast90days": {}}}, {"maxAge": 1, "period": "+1y", "endDate": "2020-03-31", "growth": 0.136, "earningsEstimate": {"avg": 21.59, "low": 16.5, "high": 27.99, "yearAgoEps": 19.0, "numberOfAnalysts": 35, "growth": 0.136}, "revenueEstimate": {"avg": 139117000000, "low": 119365000000, "high": 162121000000, "numberOfAnalysts": 34, "yearAgoRevenue": 127457000000, "growth": 0.091000006}, "epsTrend": {"current": 21.59, "7daysAgo": 21.59, "30daysAgo": 21.84, "60daysAgo": 23.31, "90daysAgo": 23.57}, "epsRevisions": {"upLast7days": 0, "upLast30days": 0, "downLast30days": 0, "downLast90days": {}}}, {"maxAge": 1, "period": "+5y", "endDate": null, "growth": 0.16430001, "earningsEstimate": {"avg": {}, "low": {}, "high": {}, "yearAgoEps": {}, "numberOfAnalysts": {}, "growth": {}}, "revenueEstimate": {"avg": {}, "low": {}, "high": {}, "numberOfAnalysts": {}, "yearAgoRevenue": {}, "growth": {}}, "epsTrend": {"current": {}, "7daysAgo": {}, "30daysAgo": {}, "60daysAgo": {}, "90daysAgo": {}}, "epsRevisions": {"upLast7days": {}, "upLast30days": {}, "downLast30days": {}, "downLast90days": {}}}, {"maxAge": 1, "period": "-5y", "endDate": null, "growth": 0.15994, "earningsEstimate": {"avg": {}, "low": {}, "high": {}, "yearAgoEps": {}, "numberOfAnalysts": {}, "growth": {}}, "revenueEstimate": {"avg": {}, "low": {}, "high": {}, "numberOfAnalysts": {}, "yearAgoRevenue": {}, "growth": {}}, "epsTrend": {"current": {}, "7daysAgo": {}, "30daysAgo": {}, "60daysAgo": {}, "90daysAgo": {}}, "epsRevisions": {"upLast7days": {}, "upLast30days": {}, "downLast30days": {}, "downLast90days": {}}}], "maxAge": 1}, "financialData": {"maxAge": 86400, "currentPrice": 571.2, "targetHighPrice": 570.0, "targetLowPrice": 350.0, "targetMeanPrice": 444.39, "targetMedianPrice": 437.0, "recommendationMean": 2.1, "recommendationKey": "buy", "numberOfAnalystOpinions": 38, "grossProfits": 91727000000, "financialCurrency": "INR"}}}