{"CALCOM.BO": {"cashflowStatementHistory": {"cashflowStatements": [{"maxAge": 1, "endDate": "2020-03-31", "netIncome": 4584000, "depreciation": 7889000, "changeToNetincome": -2400000, "changeToAccountReceivables": 8590000, "changeToLiabilities": 14529000, "changeToInventory": -43209000, "changeToOperatingActivities": -18263000, "totalCashFromOperatingActivities": -27717000, "capitalExpenditures": -27269000, "otherCashflowsFromInvestingActivities": -4507000, "totalCashflowsFromInvestingActivities": -31337000, "netBorrowings": 59625000, "totalCashFromFinancingActivities": 59625000, "changeInCash": 571000}, {"maxAge": 1, "endDate": "2019-03-31", "netIncome": 30148000, "depreciation": 6185000, "changeToNetincome": -611000, "changeToAccountReceivables": -27416000, "changeToLiabilities": 36576000, "changeToInventory": -20117000, "changeToOperatingActivities": -28810000, "totalCashFromOperatingActivities": -5088000, "capitalExpenditures": -21186000, "otherCashflowsFromInvestingActivities": -22231000, "totalCashflowsFromInvestingActivities": -44040000, "netBorrowings": 49548000, "totalCashFromFinancingActivities": 49548000, "changeInCash": 419000}, {"maxAge": 1, "endDate": "2018-03-31", "netIncome": 26714000, "depreciation": 4593000, "changeToNetincome": -9270000, "changeToAccountReceivables": 407000, "changeToLiabilities": 5045000, "changeToInventory": -33952000, "changeToOperatingActivities": 47575000, "totalCashFromOperatingActivities": 40789000, "capitalExpenditures": -9216000, "otherCashflowsFromInvestingActivities": -26303000, "totalCashflowsFromInvestingActivities": -37765000, "netBorrowings": 49548000, "otherCashflowsFromFinancingActivities": -7613000, "totalCashFromFinancingActivities": -7613000, "changeInCash": -4589000}, {"maxAge": 1, "endDate": "2017-03-31", "netIncome": 7228816, "depreciation": 3100012, "changeToNetincome": 1362823, "changeToAccountReceivables": -9075567, "changeToLiabilities": 39337079, "changeToInventory": -38091333, "changeToOperatingActivities": 10464377, "totalCashFromOperatingActivities": 14371246, "capitalExpenditures": -59396781, "investments": -385865, "otherCashflowsFromInvestingActivities": 52122179, "totalCashflowsFromInvestingActivities": -7660467, "netBorrowings": 49548000, "otherCashflowsFromFinancingActivities": -7613000, "totalCashFromFinancingActivities": -7613000, "changeInCash": 6710778}], "maxAge": 86400}, "institutionOwnership": {"ownershipList": [], "maxAge": 1}, "balanceSheetHistoryQuarterly": {"balanceSheetStatements": [{"maxAge": 1, "endDate": "2020-06-30", "totalStockholderEquity": 102838000, "netTangibleAssets": 59708000}, {"maxAge": 1, "endDate": "2020-03-31", "cash": 5992000, "shortTermInvestments": 11352000, "netReceivables": 48707000, "inventory": 154297000, "otherCurrentAssets": 17260000, "totalCurrentAssets": 237608000, "propertyPlantEquipment": 84688000, "goodWill": 41449000, "intangibleAssets": 1681000, "otherAssets": 4455000, "deferredLongTermAssetCharges": 1996000, "totalAssets": 369881000, "accountsPayable": 112760000, "shortLongTermDebt": 38650000, "otherCurrentLiab": 47739000, "longTermDebt": 63406000, "otherLiab": 4488000, "totalCurrentLiabilities": 199149000, "totalLiab": 267043000, "commonStock": 105434000, "treasuryStock": -2596000, "otherStockholderEquity": -2596000, "totalStockholderEquity": 102838000, "netTangibleAssets": 59708000}, {"maxAge": 1, "endDate": "2019-12-31", "totalStockholderEquity": 115311000, "netTangibleAssets": 72236000}, {"maxAge": 1, "endDate": "2019-09-30", "cash": 8744000, "shortTermInvestments": 2689000, "netReceivables": 114443000, "inventory": 119819000, "otherCurrentAssets": 25400000, "totalCurrentAssets": 271095000, "propertyPlantEquipment": 71749000, "goodWill": 41449000, "intangibleAssets": 1626000, "otherAssets": 3561000, "totalAssets": 389480000, "accountsPayable": 133193000, "otherCurrentLiab": 62113000, "longTermDebt": 65933000, "otherLiab": 12930000, "totalCurrentLiabilities": 195306000, "totalLiab": 274169000, "commonStock": 105435000, "treasuryStock": 9876000, "otherStockholderEquity": 9876000, "totalStockholderEquity": 115311000, "netTangibleAssets": 72236000}], "maxAge": 86400}, "indexTrend": {"maxAge": 1, "symbol": "SP5", "peRatio": 19.7411, "pegRatio": 1.34172, "estimates": [{"period": "0q", "growth": 0.549}, {"period": "+1q", "growth": 0.431}, {"period": "0y", "growth": 0.305}, {"period": "+1y", "growth": 0.109}, {"period": "+5y", "growth": 0.120859005}, {"period": "-5y"}]}, "quoteType": {"exchange": "BSE", "quoteType": "EQUITY", "symbol": "CALCOM.BO", "underlyingSymbol": "CALCOM.BO", "shortName": "CALCOM VISION LTD.", "longName": "Calcom Vision Limited", "firstTradeDateEpochUtc": "2002-01-22 09:15:00", "timeZoneFullName": "Asia/Kolkata", "timeZoneShortName": "IST", "uuid": "46d53531-f7e6-3adf-b303-24c4d059f87d", "gmtOffSetMilliseconds": 19800000, "maxAge": 1}, "incomeStatementHistory": {"incomeStatementHistory": [{"maxAge": 1, "endDate": "2020-03-31", "totalRevenue": 473623000, "costOfRevenue": 336953000, "grossProfit": 136670000, "researchDevelopment": {}, "sellingGeneralAdministrative": 77743000, "nonRecurring": {}, "otherOperatingExpenses": 33517000, "totalOperatingExpenses": 456102000, "operatingIncome": 17521000, "totalOtherIncomeExpenseNet": -14750000, "ebit": 17521000, "interestExpense": -16063000, "incomeBeforeTax": 2771000, "incomeTaxExpense": -1813000, "minorityInterest": {}, "netIncomeFromContinuingOps": 4584000, "discontinuedOperations": {}, "extraordinaryItems": {}, "effectOfAccountingCharges": {}, "otherItems": {}, "netIncome": 4584000, "netIncomeApplicableToCommonShares": 4584000}, {"maxAge": 1, "endDate": "2019-03-31", "totalRevenue": 523228000, "costOfRevenue": 374271000, "grossProfit": 148957000, "researchDevelopment": {}, "sellingGeneralAdministrative": 73720000, "nonRecurring": {}, "otherOperatingExpenses": 28045000, "totalOperatingExpenses": 482221000, "operatingIncome": 41007000, "totalOtherIncomeExpenseNet": -10859000, "ebit": 41007000, "interestExpense": -11200000, "incomeBeforeTax": 30148000, "incomeTaxExpense": 0, "minorityInterest": {}, "netIncomeFromContinuingOps": 30148000, "discontinuedOperations": {}, "extraordinaryItems": {}, "effectOfAccountingCharges": {}, "otherItems": {}, "netIncome": 30148000, "netIncomeApplicableToCommonShares": 30148000}, {"maxAge": 1, "endDate": "2018-03-31", "totalRevenue": 249847000, "costOfRevenue": 151769000, "grossProfit": 98078000, "researchDevelopment": {}, "sellingGeneralAdministrative": 61047000, "nonRecurring": {}, "otherOperatingExpenses": 17146000, "totalOperatingExpenses": 234555000, "operatingIncome": 15292000, "totalOtherIncomeExpenseNet": 11422000, "ebit": 15292000, "interestExpense": -9115000, "incomeBeforeTax": 26714000, "incomeTaxExpense": 0, "minorityInterest": {}, "netIncomeFromContinuingOps": 26714000, "discontinuedOperations": {}, "extraordinaryItems": {}, "effectOfAccountingCharges": {}, "otherItems": {}, "netIncome": 26714000, "netIncomeApplicableToCommonShares": 26714000}, {"maxAge": 1, "endDate": "2017-03-31", "totalRevenue": 139921105, "costOfRevenue": 73528857, "grossProfit": 66392248, "researchDevelopment": {}, "sellingGeneralAdministrative": 38339805, "nonRecurring": {}, "otherOperatingExpenses": 17516077, "totalOperatingExpenses": 132484751, "operatingIncome": 7436354, "totalOtherIncomeExpenseNet": -207538, "ebit": 7436354, "interestExpense": -159510, "incomeBeforeTax": 7228816, "incomeTaxExpense": 0, "minorityInterest": {}, "netIncomeFromContinuingOps": 7228816, "discontinuedOperations": {}, "extraordinaryItems": {}, "effectOfAccountingCharges": {}, "otherItems": {}, "netIncome": 7228816, "netIncomeApplicableToCommonShares": 7228816}], "maxAge": 86400}, "fundOwnership": {"ownershipList": [], "maxAge": 1}, "summaryDetail": {"maxAge": 1, "priceHint": 2, "previousClose": 23.95, "open": 23.0, "dayLow": 23.0, "dayHigh": 25.1, "regularMarketPreviousClose": 23.95, "regularMarketOpen": 23.0, "regularMarketDayLow": 23.0, "regularMarketDayHigh": 25.1, "volume": 1805, "regularMarketVolume": 1805, "averageVolume": 3826, "averageVolume10days": 712, "averageDailyVolume10Day": 712, "bid": 23.1, "ask": 24.7, "bidSize": 0, "askSize": 0, "marketCap": 264641856, "fiftyTwoWeekLow": 7.68, "fiftyTwoWeekHigh": 35.05, "fiftyDayAverage": 25.60606, "twoHundredDayAverage": 24.543383, "currency": "INR", "fromCurrency": null, "lastMarket": null, "algorithm": null, "tradeable": false}, "incomeStatementHistoryQuarterly": {"incomeStatementHistory": [{"maxAge": 1, "endDate": "2020-06-30", "totalRevenue": 34848000, "costOfRevenue": 27505000, "grossProfit": 7343000, "researchDevelopment": {}, "sellingGeneralAdministrative": 12417000, "nonRecurring": {}, "otherOperatingExpenses": 5268000, "totalOperatingExpenses": 47409000, "operatingIncome": -12561000, "totalOtherIncomeExpenseNet": -2967000, "ebit": -12561000, "interestExpense": -3028000, "incomeBeforeTax": -15528000, "incomeTaxExpense": 0, "minorityInterest": {}, "netIncomeFromContinuingOps": -15528000, "discontinuedOperations": {}, "extraordinaryItems": {}, "effectOfAccountingCharges": {}, "otherItems": {}, "netIncome": -15528000, "netIncomeApplicableToCommonShares": -15528000}, {"maxAge": 1, "endDate": "2020-03-31", "totalRevenue": 80374000, "costOfRevenue": 59590000, "grossProfit": 20784000, "researchDevelopment": {}, "sellingGeneralAdministrative": 14398000, "nonRecurring": {}, "otherOperatingExpenses": 5164000, "totalOperatingExpenses": 81394000, "operatingIncome": -1020000, "totalOtherIncomeExpenseNet": -3234000, "ebit": -1020000, "interestExpense": -3534000, "incomeBeforeTax": -4254000, "incomeTaxExpense": -1813000, "minorityInterest": {}, "netIncomeFromContinuingOps": -2441000, "discontinuedOperations": {}, "extraordinaryItems": {}, "effectOfAccountingCharges": {}, "otherItems": {}, "netIncome": -2441000, "netIncomeApplicableToCommonShares": -2441000}, {"maxAge": 1, "endDate": "2019-12-31", "totalRevenue": 88396000, "costOfRevenue": 63282000, "grossProfit": 25114000, "researchDevelopment": {}, "sellingGeneralAdministrative": 20067000, "nonRecurring": {}, "otherOperatingExpenses": 8234000, "totalOperatingExpenses": 93544000, "operatingIncome": -5148000, "totalOtherIncomeExpenseNet": -4337000, "ebit": -5148000, "interestExpense": -4677000, "incomeBeforeTax": -9485000, "incomeTaxExpense": 0, "minorityInterest": {}, "netIncomeFromContinuingOps": -9485000, "discontinuedOperations": {}, "extraordinaryItems": {}, "effectOfAccountingCharges": {}, "otherItems": {}, "netIncome": -9485000, "netIncomeApplicableToCommonShares": -9485000}, {"maxAge": 1, "endDate": "2019-09-30", "totalRevenue": 153246000, "costOfRevenue": 106701000, "grossProfit": 46545000, "researchDevelopment": {}, "sellingGeneralAdministrative": 22250000, "nonRecurring": {}, "otherOperatingExpenses": 10150000, "totalOperatingExpenses": 140877000, "operatingIncome": 12369000, "totalOtherIncomeExpenseNet": -3967000, "ebit": 12369000, "interestExpense": -4467000, "incomeBeforeTax": 8402000, "incomeTaxExpense": 0, "minorityInterest": {}, "netIncomeFromContinuingOps": 8402000, "discontinuedOperations": {}, "extraordinaryItems": {}, "effectOfAccountingCharges": {}, "otherItems": {}, "netIncome": 8402000, "netIncomeApplicableToCommonShares": 8402000}], "maxAge": 86400}, "cashflowStatementHistoryQuarterly": {"cashflowStatements": [{"maxAge": 1, "endDate": "2020-06-30", "netIncome": -15528000, "changeToLiabilities": 0}, {"maxAge": 1, "endDate": "2020-03-31", "netIncome": -2441000, "changeToLiabilities": 0}, {"maxAge": 1, "endDate": "2019-12-31", "netIncome": -9485000, "changeToLiabilities": 0}, {"maxAge": 1, "endDate": "2019-09-30", "netIncome": 8402000, "changeToLiabilities": 0}], "maxAge": 86400}, "insiderHolders": {"holders": [], "maxAge": 1}, "calendarEvents": {"maxAge": 1, "earnings": {"earningsDate": ["2020-09-15 05:30:S"]}}, "upgradeDowngradeHistory": {"history": [], "maxAge": 86400}, "price": {"maxAge": 1, "regularMarketChangePercent": 0.048016682, "regularMarketChange": 1.1499996, "regularMarketTime": "2021-04-30 15:06:54", "priceHint": 2, "regularMarketPrice": 25.1, "regularMarketDayHigh": 25.1, "regularMarketDayLow": 23.0, "regularMarketVolume": 1805, "averageDailyVolume10Day": 712, "averageDailyVolume3Month": 3826, "regularMarketPreviousClose": 23.95, "regularMarketSource": "FREE_REALTIME", "regularMarketOpen": 23.0, "exchange": "BSE", "exchangeName": "BSE", "exchangeDataDelayedBy": 0, "marketState": "CLOSED", "quoteType": "EQUITY", "symbol": "CALCOM.BO", "underlyingSymbol": null, "shortName": "CALCOM VISION LTD.", "longName": "Calcom Vision Limited", "currency": "INR", "quoteSourceName": "Delayed Quote", "currencySymbol": "\u20b9", "fromCurrency": null, "lastMarket": null, "marketCap": 264641856}, "balanceSheetHistory": {"balanceSheetStatements": [{"maxAge": 1, "endDate": "2020-03-31", "cash": 5992000, "shortTermInvestments": 11352000, "netReceivables": 48707000, "inventory": 154297000, "otherCurrentAssets": 17260000, "totalCurrentAssets": 237608000, "propertyPlantEquipment": 84688000, "goodWill": 41449000, "intangibleAssets": 1681000, "otherAssets": 4455000, "deferredLongTermAssetCharges": 1996000, "totalAssets": 369881000, "accountsPayable": 112760000, "shortLongTermDebt": 38650000, "otherCurrentLiab": 47739000, "longTermDebt": 63406000, "otherLiab": 4488000, "totalCurrentLiabilities": 199149000, "totalLiab": 267043000, "commonStock": 105434000, "treasuryStock": -2596000, "otherStockholderEquity": -2596000, "totalStockholderEquity": 102838000, "netTangibleAssets": 59708000}, {"maxAge": 1, "endDate": "2019-03-31", "cash": 3747000, "shortTermInvestments": 3827000, "netReceivables": 60283000, "inventory": 111087000, "otherCurrentAssets": 15736000, "totalCurrentAssets": 190853000, "propertyPlantEquipment": 65746000, "goodWill": 41449000, "intangibleAssets": 2089000, "otherAssets": 1387000, "totalAssets": 301524000, "accountsPayable": 98231000, "shortLongTermDebt": 3128000, "otherCurrentLiab": 36884000, "longTermDebt": 46419000, "otherLiab": 9741000, "totalCurrentLiabilities": 146564000, "totalLiab": 202724000, "commonStock": 105435000, "retainedEarnings": -6671000, "treasuryStock": 36000, "otherStockholderEquity": 36000, "totalStockholderEquity": 98800000, "netTangibleAssets": 55262000}, {"maxAge": 1, "endDate": "2018-03-31", "cash": 3927000, "netReceivables": 31460000, "inventory": 90970000, "otherCurrentAssets": 23897000, "totalCurrentAssets": 150254000, "propertyPlantEquipment": 50076000, "goodWill": 41449000, "intangibleAssets": 2240000, "otherAssets": 3217000, "totalAssets": 247236000, "accountsPayable": 61655000, "otherCurrentLiab": 70975000, "otherLiab": 34517000, "totalCurrentLiabilities": 144067000, "totalLiab": 178584000, "commonStock": 81123000, "retainedEarnings": -185267000, "treasuryStock": 72971000, "capitalSurplus": 99825000, "otherStockholderEquity": 72971000, "totalStockholderEquity": 68652000, "netTangibleAssets": 24963000}, {"maxAge": 1, "endDate": "2017-03-31", "cash": 9066367, "netReceivables": 33323152, "inventory": 57018569, "otherCurrentAssets": 19498260, "totalCurrentAssets": 118906348, "propertyPlantEquipment": 45448510, "goodWill": 41449320, "otherAssets": 1079720, "totalAssets": 206883898, "accountsPayable": 76044881, "otherCurrentLiab": 24324768, "otherLiab": 58364974, "totalCurrentLiabilities": 106581713, "totalLiab": 164946687, "commonStock": 56811560, "retainedEarnings": -211982147, "treasuryStock": 145905478, "capitalSurplus": 51202320, "otherStockholderEquity": 145905478, "totalStockholderEquity": 41937211, "netTangibleAssets": 487891}], "maxAge": 86400}, "financialData": {"maxAge": 86400, "currentPrice": 25.1, "recommendationKey": "none", "grossProfits": 136670000, "financialCurrency": "INR"}}}