{"CALSOFT.NS": {"assetProfile": {"address1": "Workflo, Greeta Towers", "address2": "Industrial Estate Perungudi OMR Phase 1", "city": "Chennai", "zip": "600096", "country": "India", "phone": "91 44 3910 3620", "website": "http://www.calsof.com", "industry": "Software\u2014Application", "sector": "Technology", "longBusinessSummary": "California Software Company Limited provides software development, business process outsourcing, and IT infrastructure services. It offers CLPM, a loyalty business management solution; CsIoT, an Internet of Things solution; CsDigital platform that provides cloud strategy services to design, deploy, and manage cloud environments; CsBigData, a big data analytics solution; CsCloud, a cloud computing solution; CLISAC, a clinical data management solution; CLIDAC, a clinical data warehouse and analytics console; and CASP, a chat-based artificial intelligence (AI) assistance system. The company also offers ARGCIC, a pharmaco-vigilance application; Chronscrapper, an automated data extraction tool used in structuring the data of PDF and scanned documents; EYWA, an AI assistant for doctors; and YesGeeCom solution that enables digital transformation of e commerce solutions by AI integration for business-to-business and business-to-customer segments. The company was founded in 1992 and is based in Chennai, India.", "companyOfficers": [{"maxAge": 1, "name": "Dr. Mahalingam  Vasudevan Ph.D.", "age": 53, "title": "MD, CEO & Director", "yearBorn": 1967, "exercisedValue": 0, "unexercisedValue": 0}, {"maxAge": 1, "name": "Dr. Manimala  Vasudevan M.Sc., Ph.D.", "title": "COO Director of Clinical Research & Exec. Director", "exercisedValue": 0, "unexercisedValue": 0}, {"maxAge": 1, "name": "Mr. Uma Shankar Sharma", "age": 68, "title": "Company Sec. & Compliance officer", "yearBorn": 1952, "fiscalYear": 2020, "totalPay": 190000, "exercisedValue": 0, "unexercisedValue": 0}, {"maxAge": 1, "name": "Mr. Vijay  Madavan B.Tech., M.B.A.", "title": "Director of Technical", "exercisedValue": 0, "unexercisedValue": 0}, {"maxAge": 1, "name": "Mr. Glen  Baylor", "age": 80, "title": "VP of Bus. Devel.", "yearBorn": 1940, "exercisedValue": 0, "unexercisedValue": 0}, {"maxAge": 1, "name": "Mr. Yoto  Haramoto", "title": "Pres of CODEX Co Ltd", "exercisedValue": 0, "unexercisedValue": 0}, {"maxAge": 1, "name": "Mr. Ramandeep  Singh", "title": "Chief Exec.c Officer of Calsoft Labs", "exercisedValue": 0, "unexercisedValue": 0}], "compensationAsOfEpochDate": "2020-12-31 05:30:00", "maxAge": 86400}, "recommendationTrend": {"trend": [{"period": "0m", "strongBuy": 0, "buy": 0, "hold": 0, "sell": 0, "strongSell": 0}, {"period": "-1m", "strongBuy": 0, "buy": 0, "hold": 0, "sell": 0, "strongSell": 0}, {"period": "-2m", "strongBuy": 0, "buy": 0, "hold": 0, "sell": 0, "strongSell": 0}, {"period": "-3m", "strongBuy": 0, "buy": 0, "hold": 0, "sell": 0, "strongSell": 0}], "maxAge": 86400}, "cashflowStatementHistory": {"cashflowStatements": [{"maxAge": 1, "endDate": "2021-03-31", "netIncome": 1944000, "depreciation": 2959000, "changeToNetincome": 375000, "changeToAccountReceivables": -13782000, "changeToLiabilities": 57765000, "changeToOperatingActivities": 2962000, "totalCashFromOperatingActivities": 52223000, "capitalExpenditures": -57808000, "totalCashflowsFromInvestingActivities": -57808000, "netBorrowings": 5282000, "totalCashFromFinancingActivities": 5282000, "changeInCash": -303000}, {"maxAge": 1, "endDate": "2020-03-31", "netIncome": 630656, "depreciation": 2959000, "changeToNetincome": 375000, "changeToAccountReceivables": -8430105, "changeToLiabilities": 722575, "changeToOperatingActivities": 1246875, "totalCashFromOperatingActivities": -5829999, "capitalExpenditures": -57808000, "totalCashflowsFromInvestingActivities": -57808000, "dividendsPaid": -35685, "netBorrowings": 6179682, "totalCashFromFinancingActivities": 6143997, "changeInCash": 313998}, {"maxAge": 1, "endDate": "2019-03-31", "netIncome": -2067877, "depreciation": 2959000, "changeToNetincome": 375000, "changeToAccountReceivables": -7000000, "changeToLiabilities": 642948, "changeToOperatingActivities": 6235101, "totalCashFromOperatingActivities": -2189828, "capitalExpenditures": -113566, "totalCashflowsFromInvestingActivities": -113566, "dividendsPaid": -35685, "netBorrowings": 2369292, "totalCashFromFinancingActivities": 2369292, "changeInCash": 65898}, {"maxAge": 1, "endDate": "2018-03-31", "netIncome": 4358542, "depreciation": 2959000, "changeToNetincome": 1, "changeToAccountReceivables": -7834656, "changeToLiabilities": -1591106, "changeToOperatingActivities": -345239587, "totalCashFromOperatingActivities": -350306806, "capitalExpenditures": -113566, "otherCashflowsFromInvestingActivities": -1000000, "totalCashflowsFromInvestingActivities": -1000000, "dividendsPaid": -35685, "netBorrowings": 2369292, "totalCashFromFinancingActivities": 351080000, "changeInCash": -226806}], "maxAge": 86400}, "indexTrend": {"maxAge": 1, "symbol": "SP5", "peRatio": 19.7411, "pegRatio": 1.34172, "estimates": [{"period": "0q", "growth": 0.549}, {"period": "+1q", "growth": 0.431}, {"period": "0y", "growth": 0.305}, {"period": "+1y", "growth": 0.109}, {"period": "+5y", "growth": 0.120865}, {"period": "-5y"}]}, "defaultKeyStatistics": {"maxAge": 1, "priceHint": 2, "enterpriseValue": 149617200, "profitMargins": 0.13361, "floatShares": 6006126, "sharesOutstanding": 15457100, "heldPercentInsiders": 1.02407, "heldPercentInstitutions": 0.0, "beta": 0.948378, "category": null, "bookValue": 4.404, "priceToBook": 1.9527704, "fundFamily": null, "legalType": null, "lastFiscalYearEnd": "2021-03-31 05:30:00", "nextFiscalYearEnd": "2023-03-31 05:30:00", "mostRecentQuarter": "2021-03-31 05:30:00", "netIncomeToCommon": 1944000, "trailingEps": 0.126, "lastSplitFactor": null, "enterpriseToRevenue": 10.283, "enterpriseToEbitda": 26.784, "52WeekChange": 0.0, "SandP52WeekChange": 0.48148263, "lastDividendValue": 2.0, "lastDividendDate": 1283990400}, "industryTrend": {"maxAge": 1, "symbol": null, "estimates": []}, "quoteType": {"exchange": "NSI", "quoteType": "EQUITY", "symbol": "CALSOFT.NS", "underlyingSymbol": "CALSOFT.NS", "shortName": "CALIFORNIA SOFTWAR", "longName": "California Software Company Limited", "firstTradeDateEpochUtc": "2002-07-01 09:15:00", "timeZoneFullName": "Asia/Kolkata", "timeZoneShortName": "IST", "uuid": "b39605bf-64ca-3d37-b82b-3624fd19e5e8", "messageBoardId": "finmb_11211815", "gmtOffSetMilliseconds": 19800000, "maxAge": 1}, "incomeStatementHistory": {"incomeStatementHistory": [{"maxAge": 1, "endDate": "2021-03-31", "totalRevenue": 14550000, "costOfRevenue": 4012000, "grossProfit": 10538000, "researchDevelopment": {}, "sellingGeneralAdministrative": {}, "nonRecurring": {}, "otherOperatingExpenses": 4952000, "totalOperatingExpenses": 11923000, "operatingIncome": 2627000, "totalOtherIncomeExpenseNet": 0, "ebit": 2627000, "interestExpense": {}, "incomeBeforeTax": 2627000, "incomeTaxExpense": 683000, "minorityInterest": {}, "netIncomeFromContinuingOps": 1944000, "discontinuedOperations": {}, "extraordinaryItems": {}, "effectOfAccountingCharges": {}, "otherItems": {}, "netIncome": 1944000, "netIncomeApplicableToCommonShares": 1944000}, {"maxAge": 1, "endDate": "2020-03-31", "totalRevenue": 11750000, "costOfRevenue": 3569334, "grossProfit": 8180666, "researchDevelopment": {}, "sellingGeneralAdministrative": 1139216, "nonRecurring": {}, "otherOperatingExpenses": 2872845, "totalOperatingExpenses": 12581395, "operatingIncome": -831395, "totalOtherIncomeExpenseNet": 1683861, "ebit": -831395, "interestExpense": {}, "incomeBeforeTax": 852466, "incomeTaxExpense": 221810, "minorityInterest": {}, "netIncomeFromContinuingOps": 630656, "discontinuedOperations": {}, "extraordinaryItems": {}, "effectOfAccountingCharges": {}, "otherItems": {}, "netIncome": 630656, "netIncomeApplicableToCommonShares": 630656}, {"maxAge": 1, "endDate": "2019-03-31", "totalRevenue": 14500000, "costOfRevenue": 2214182, "grossProfit": 12285818, "researchDevelopment": {}, "sellingGeneralAdministrative": 1139216, "nonRecurring": {}, "otherOperatingExpenses": 5646053, "totalOperatingExpenses": 7860235, "operatingIncome": 6639765, "totalOtherIncomeExpenseNet": -6717642, "ebit": 6639765, "interestExpense": {}, "incomeBeforeTax": -77877, "incomeTaxExpense": 1990000, "minorityInterest": {}, "netIncomeFromContinuingOps": -2067877, "discontinuedOperations": {}, "extraordinaryItems": {}, "effectOfAccountingCharges": {}, "otherItems": {}, "netIncome": -2067877, "netIncomeApplicableToCommonShares": -2067877}, {"maxAge": 1, "endDate": "2018-03-31", "totalRevenue": 9525750, "costOfRevenue": 3889998, "grossProfit": 5635752, "researchDevelopment": {}, "sellingGeneralAdministrative": 1806260, "nonRecurring": {}, "otherOperatingExpenses": -1531012, "totalOperatingExpenses": 4165246, "operatingIncome": 5360504, "totalOtherIncomeExpenseNet": -1962, "ebit": 5360504, "interestExpense": {}, "incomeBeforeTax": 5358542, "incomeTaxExpense": 1000000, "minorityInterest": {}, "netIncomeFromContinuingOps": 4358542, "discontinuedOperations": {}, "extraordinaryItems": {}, "effectOfAccountingCharges": {}, "otherItems": {}, "netIncome": 4358542, "netIncomeApplicableToCommonShares": 4358542}], "maxAge": 86400}, "fundOwnership": {"maxAge": 1, "ownershipList": []}, "summaryDetail": {"maxAge": 1, "priceHint": 2, "previousClose": 8.6, "open": 8.35, "dayLow": 8.35, "dayHigh": 8.85, "regularMarketPreviousClose": 8.6, "regularMarketOpen": 8.35, "regularMarketDayLow": 8.35, "regularMarketDayHigh": 8.85, "exDividendDate": "2010-09-09 05:30:00", "payoutRatio": 0.0, "beta": 0.948378, "trailingPE": 68.25397, "volume": 16318, "regularMarketVolume": 16318, "averageVolume": 38399, "averageVolume10days": 30669, "averageDailyVolume10Day": 30669, "bid": 0.0, "ask": 0.0, "bidSize": 0, "askSize": 0, "marketCap": 134476480, "fiftyTwoWeekLow": 6.65, "fiftyTwoWeekHigh": 15.45, "priceToSalesTrailing12Months": 9.24237, "fiftyDayAverage": 8.768182, "twoHundredDayAverage": 9.435816, "currency": "INR", "fromCurrency": null, "toCurrency": null, "lastMarket": null, "algorithm": null, "tradeable": false}, "insiderHolders": {"holders": [{"maxAge": 1, "name": "Kemoil Ltd", "relation": "Promoter", "url": "", "transactionDescription": "Sale", "latestTransDate": "2017-08-03", "positionDirect": 6306152, "positionDirectDate": "2017-08-03"}, {"maxAge": 1, "name": "Vasudevan (M)", "relation": "Promoter", "url": "", "transactionDescription": "Acquisition", "latestTransDate": "2021-03-24", "positionDirect": 5522972, "positionDirectDate": "2021-03-24"}, {"maxAge": 1, "name": "Vasudevan (Mahalingam)", "relation": "Promoter", "url": "", "transactionDescription": "Acquisition", "latestTransDate": "2021-03-24", "positionDirect": 5522972, "positionDirectDate": "2021-03-24"}, {"maxAge": 1, "name": "Vijayakumar", "relation": "Additonal Director", "url": "", "transactionDescription": "Purchase", "latestTransDate": "2021-03-26", "positionDirect": 500060, "positionDirectDate": "2021-03-26"}], "maxAge": 1}, "calendarEvents": {"maxAge": 1, "earnings": {"earningsDate": ["2021-04-12 05:30:S"]}, "exDividendDate": "2010-09-09 05:30:00"}, "price": {"maxAge": 1, "regularMarketChangePercent": 0.0, "regularMarketChange": 0.0, "regularMarketTime": "2021-04-30 15:28:20", "priceHint": 2, "regularMarketPrice": 8.6, "regularMarketDayHigh": 8.85, "regularMarketDayLow": 8.35, "regularMarketVolume": 16318, "averageDailyVolume10Day": 30669, "averageDailyVolume3Month": 38399, "regularMarketPreviousClose": 8.6, "regularMarketSource": "FREE_REALTIME", "regularMarketOpen": 8.35, "exchange": "NSI", "exchangeName": "NSE", "exchangeDataDelayedBy": 15, "marketState": "CLOSED", "quoteType": "EQUITY", "symbol": "CALSOFT.NS", "underlyingSymbol": null, "shortName": "CALIFORNIA SOFTWAR", "longName": "California Software Company Limited", "currency": "INR", "quoteSourceName": "Delayed Quote", "currencySymbol": "\u20b9", "fromCurrency": null, "toCurrency": null, "lastMarket": null, "marketCap": 134476480}, "balanceSheetHistory": {"balanceSheetStatements": [{"maxAge": 1, "endDate": "2021-03-31", "cash": 310000, "netReceivables": 36138000, "otherCurrentAssets": 58443000, "totalCurrentAssets": 94891000, "propertyPlantEquipment": 54963000, "totalAssets": 149854000, "accountsPayable": 60198000, "otherCurrentLiab": 4217000, "otherLiab": 376000, "totalCurrentLiabilities": 81412000, "totalLiab": 81788000, "commonStock": 154571000, "treasuryStock": -86505000, "otherStockholderEquity": -86505000, "totalStockholderEquity": 68066000, "netTangibleAssets": 68066000}, {"maxAge": 1, "endDate": "2020-03-31", "cash": 612746, "netReceivables": 24314741, "otherCurrentAssets": 57346151, "totalCurrentAssets": 82273638, "propertyPlantEquipment": 113566, "totalAssets": 82387204, "accountsPayable": 2432703, "otherCurrentLiab": 138857, "totalCurrentLiabilities": 16265324, "totalLiab": 16265324, "commonStock": 123650060, "treasuryStock": -92636180, "otherStockholderEquity": -92636180, "totalStockholderEquity": 31013880, "netTangibleAssets": 31013880}, {"maxAge": 1, "endDate": "2019-03-31", "cash": 298749, "netReceivables": 15855192, "otherCurrentAssets": 57910680, "totalCurrentAssets": 74064621, "propertyPlantEquipment": 113566, "totalAssets": 74178187, "accountsPayable": 1710128, "otherCurrentLiab": 103172, "totalCurrentLiabilities": 8651278, "totalLiab": 8651278, "commonStock": 123650060, "treasuryStock": -93231151, "otherStockholderEquity": -93231151, "totalStockholderEquity": 30418909, "netTangibleAssets": 30418909}, {"maxAge": 1, "endDate": "2018-03-31", "cash": 232851, "netReceivables": 7435857, "otherCurrentAssets": 59156535, "totalCurrentAssets": 66825243, "longTermInvestments": 5500, "totalAssets": 66830743, "accountsPayable": 1067180, "otherCurrentLiab": 103172, "totalCurrentLiabilities": 6059653, "totalLiab": 6059653, "commonStock": 123650060, "retainedEarnings": -1062511625, "treasuryStock": 206250, "capitalSurplus": 964318405, "otherStockholderEquity": 206250, "totalStockholderEquity": 25663090, "netTangibleAssets": 25663090}], "maxAge": 86400}, "earningsTrend": {"trend": [{"maxAge": 1, "period": "0q", "endDate": null, "growth": {}, "earningsEstimate": {"avg": 0.0, "low": 0.0, "high": 0.0, "yearAgoEps": {}, "numberOfAnalysts": 0, "growth": {}}, "revenueEstimate": {"avg": 0, "low": 0, "high": 0, "numberOfAnalysts": 0, "yearAgoRevenue": {}, "growth": {}}, "epsTrend": {"current": 0.0, "7daysAgo": 0.0, "30daysAgo": 0.0, "60daysAgo": 0.0, "90daysAgo": 0.0}, "epsRevisions": {"upLast7days": 0, "upLast30days": 0, "downLast30days": 0, "downLast90days": {}}}, {"maxAge": 1, "period": "+1q", "endDate": null, "growth": {}, "earningsEstimate": {"avg": 0.0, "low": 0.0, "high": 0.0, "yearAgoEps": {}, "numberOfAnalysts": 0, "growth": {}}, "revenueEstimate": {"avg": 0, "low": 0, "high": 0, "numberOfAnalysts": 0, "yearAgoRevenue": {}, "growth": {}}, "epsTrend": {"current": 0.0, "7daysAgo": 0.0, "30daysAgo": 0.0, "60daysAgo": 0.0, "90daysAgo": 0.0}, "epsRevisions": {"upLast7days": 0, "upLast30days": 0, "downLast30days": 0, "downLast90days": {}}}, {"maxAge": 1, "period": "0y", "endDate": null, "growth": {}, "earningsEstimate": {"avg": 0.0, "low": 0.0, "high": 0.0, "yearAgoEps": {}, "numberOfAnalysts": 0, "growth": {}}, "revenueEstimate": {"avg": 0, "low": 0, "high": 0, "numberOfAnalysts": 0, "yearAgoRevenue": {}, "growth": {}}, "epsTrend": {"current": 0.0, "7daysAgo": 0.0, "30daysAgo": 0.0, "60daysAgo": 0.0, "90daysAgo": 0.0}, "epsRevisions": {"upLast7days": 0, "upLast30days": 0, "downLast30days": 0, "downLast90days": {}}}, {"maxAge": 1, "period": "+1y", "endDate": null, "growth": {}, "earningsEstimate": {"avg": 0.0, "low": 0.0, "high": 0.0, "yearAgoEps": {}, "numberOfAnalysts": 0, "growth": {}}, "revenueEstimate": {"avg": 0, "low": 0, "high": 0, "numberOfAnalysts": 0, "yearAgoRevenue": {}, "growth": {}}, "epsTrend": {"current": 0.0, "7daysAgo": 0.0, "30daysAgo": 0.0, "60daysAgo": 0.0, "90daysAgo": 0.0}, "epsRevisions": {"upLast7days": 0, "upLast30days": 0, "downLast30days": 0, "downLast90days": {}}}, {"maxAge": 1, "period": "+5y", "endDate": null, "growth": {}, "earningsEstimate": {"avg": {}, "low": {}, "high": {}, "yearAgoEps": {}, "numberOfAnalysts": {}, "growth": {}}, "revenueEstimate": {"avg": {}, "low": {}, "high": {}, "numberOfAnalysts": {}, "yearAgoRevenue": {}, "growth": {}}, "epsTrend": {"current": {}, "7daysAgo": {}, "30daysAgo": {}, "60daysAgo": {}, "90daysAgo": {}}, "epsRevisions": {"upLast7days": {}, "upLast30days": {}, "downLast30days": {}, "downLast90days": {}}}, {"maxAge": 1, "period": "-5y", "endDate": null, "growth": {}, "earningsEstimate": {"avg": {}, "low": {}, "high": {}, "yearAgoEps": {}, "numberOfAnalysts": {}, "growth": {}}, "revenueEstimate": {"avg": {}, "low": {}, "high": {}, "numberOfAnalysts": {}, "yearAgoRevenue": {}, "growth": {}}, "epsTrend": {"current": {}, "7daysAgo": {}, "30daysAgo": {}, "60daysAgo": {}, "90daysAgo": {}}, "epsRevisions": {"upLast7days": {}, "upLast30days": {}, "downLast30days": {}, "downLast90days": {}}}], "maxAge": 1}, "institutionOwnership": {"maxAge": 1, "ownershipList": []}, "majorHoldersBreakdown": {"maxAge": 1, "insidersPercentHeld": 1.02407, "institutionsPercentHeld": 0.0, "institutionsFloatPercentHeld": -0.0, "institutionsCount": 0}, "balanceSheetHistoryQuarterly": {"balanceSheetStatements": [{"maxAge": 1, "endDate": "2021-03-31", "cash": 310000, "netReceivables": 36138000, "otherCurrentAssets": 58443000, "totalCurrentAssets": 94891000, "propertyPlantEquipment": 54963000, "totalAssets": 149854000, "accountsPayable": 60198000, "otherCurrentLiab": 4217000, "otherLiab": 376000, "totalCurrentLiabilities": 81412000, "totalLiab": 81788000, "commonStock": 154571000, "treasuryStock": -86505000, "otherStockholderEquity": -86505000, "totalStockholderEquity": 68066000, "netTangibleAssets": 68066000}, {"maxAge": 1, "endDate": "2020-12-31", "totalStockholderEquity": 69686000, "netTangibleAssets": 69686000}, {"maxAge": 1, "endDate": "2020-09-30", "cash": 320000, "netReceivables": 31406000, "otherCurrentAssets": 58802000, "totalCurrentAssets": 90528000, "propertyPlantEquipment": 114000, "otherAssets": 1000, "totalAssets": 90643000, "accountsPayable": 3353000, "otherCurrentLiab": 4516000, "otherLiab": 1000, "totalCurrentLiabilities": 20956000, "totalLiab": 20957000, "commonStock": 123650000, "treasuryStock": -53964000, "otherStockholderEquity": -53964000, "totalStockholderEquity": 69686000, "netTangibleAssets": 69686000}, {"maxAge": 1, "endDate": "2020-06-30", "totalStockholderEquity": 66122000, "netTangibleAssets": 66122000}], "maxAge": 86400}, "earningsHistory": {"history": [{"maxAge": 1, "epsActual": {}, "epsEstimate": {}, "epsDifference": {}, "surprisePercent": {}, "quarter": {}, "period": "-4q"}, {"maxAge": 1, "epsActual": {}, "epsEstimate": {}, "epsDifference": {}, "surprisePercent": {}, "quarter": {}, "period": "-3q"}, {"maxAge": 1, "epsActual": {}, "epsEstimate": {}, "epsDifference": {}, "surprisePercent": {}, "quarter": {}, "period": "-2q"}, {"maxAge": 1, "epsActual": {}, "epsEstimate": {}, "epsDifference": {}, "surprisePercent": {}, "quarter": {}, "period": "-1q"}], "maxAge": 86400}, "summaryProfile": {"address1": "Workflo, Greeta Towers", "address2": "Industrial Estate Perungudi OMR Phase 1", "city": "Chennai", "zip": "600096", "country": "India", "phone": "91 44 3910 3620", "website": "http://www.calsof.com", "industry": "Software\u2014Application", "sector": "Technology", "longBusinessSummary": "California Software Company Limited provides software development, business process outsourcing, and IT infrastructure services. It offers CLPM, a loyalty business management solution; CsIoT, an Internet of Things solution; CsDigital platform that provides cloud strategy services to design, deploy, and manage cloud environments; CsBigData, a big data analytics solution; CsCloud, a cloud computing solution; CLISAC, a clinical data management solution; CLIDAC, a clinical data warehouse and analytics console; and CASP, a chat-based artificial intelligence (AI) assistance system. The company also offers ARGCIC, a pharmaco-vigilance application; Chronscrapper, an automated data extraction tool used in structuring the data of PDF and scanned documents; EYWA, an AI assistant for doctors; and YesGeeCom solution that enables digital transformation of e commerce solutions by AI integration for business-to-business and business-to-customer segments. The company was founded in 1992 and is based in Chennai, India.", "companyOfficers": [], "maxAge": 86400}, "netSharePurchaseActivity": {"maxAge": 1, "period": "6m", "buyInfoCount": 0, "buyInfoShares": 0, "sellInfoCount": 0, "netInfoCount": 0, "netInfoShares": 0, "netPercentInsiderShares": 0.0, "totalInsiderShares": 15829050}, "insiderTransactions": {"transactions": [{"maxAge": 1, "shares": 500000, "value": 344300, "filerUrl": "", "transactionText": "Purchase at price 0.69 per share.", "filerName": "Vijayakumar", "filerRelation": "Additonal Director", "moneyText": "", "startDate": "2021-03-26", "ownership": "D"}, {"maxAge": 1, "shares": 1056299, "filerUrl": "", "transactionText": "", "filerName": "Vasudevan (M)", "filerRelation": "Promoter", "moneyText": "", "startDate": "2021-03-24", "ownership": "D"}, {"maxAge": 1, "shares": 390000, "value": 275496, "filerUrl": "", "transactionText": "Acquisition at price 0.71 per share.", "filerName": "Vasudevan (Mahalingam)", "filerRelation": "Promoter", "moneyText": "", "startDate": "2021-03-24", "ownership": "D"}, {"maxAge": 1, "shares": 270090, "filerUrl": "", "transactionText": "", "filerName": "Vasudevan (M)", "filerRelation": "Chief Executive Officer", "moneyText": "", "startDate": "2019-08-21", "ownership": "D"}, {"maxAge": 1, "shares": 200000, "filerUrl": "", "transactionText": "", "filerName": "Vasudevan (M)", "filerRelation": "UNREPORTED", "moneyText": "", "startDate": "2019-05-30", "ownership": "D"}, {"maxAge": 1, "shares": 100000, "filerUrl": "", "transactionText": "", "filerName": "Vasudevan (M)", "filerRelation": "UNREPORTED", "moneyText": "", "startDate": "2019-03-19", "ownership": "D"}, {"maxAge": 1, "shares": 2437759, "filerUrl": "", "transactionText": "", "filerName": "Kemoil Ltd", "filerRelation": "Promoter", "moneyText": "", "startDate": "2017-08-03", "ownership": "D"}, {"maxAge": 1, "shares": 327703, "filerUrl": "", "transactionText": "", "filerName": "Kemoil Ltd", "filerRelation": "Promoter", "moneyText": "", "startDate": "2014-03-18", "ownership": "D"}], "maxAge": 1}, "sectorTrend": {"maxAge": 1, "symbol": null, "estimates": []}, "incomeStatementHistoryQuarterly": {"incomeStatementHistory": [{"maxAge": 1, "endDate": "2021-03-31", "totalRevenue": 1500000, "costOfRevenue": 654000, "grossProfit": 846000, "researchDevelopment": {}, "sellingGeneralAdministrative": {}, "nonRecurring": {}, "otherOperatingExpenses": 1956000, "totalOperatingExpenses": 5569000, "operatingIncome": -4069000, "totalOtherIncomeExpenseNet": 0, "ebit": -4069000, "interestExpense": {}, "incomeBeforeTax": -4069000, "incomeTaxExpense": 376000, "minorityInterest": {}, "netIncomeFromContinuingOps": -4445000, "discontinuedOperations": {}, "extraordinaryItems": {}, "effectOfAccountingCharges": {}, "otherItems": {}, "netIncome": -4445000, "netIncomeApplicableToCommonShares": -4445000}, {"maxAge": 1, "endDate": "2020-12-31", "totalRevenue": 4000000, "costOfRevenue": 1190000, "grossProfit": 2810000, "researchDevelopment": {}, "sellingGeneralAdministrative": {}, "nonRecurring": {}, "otherOperatingExpenses": 979000, "totalOperatingExpenses": 2169000, "operatingIncome": 1831000, "totalOtherIncomeExpenseNet": 0, "ebit": 1831000, "interestExpense": {}, "incomeBeforeTax": 1831000, "incomeTaxExpense": 476000, "minorityInterest": {}, "netIncomeFromContinuingOps": 1355000, "discontinuedOperations": {}, "extraordinaryItems": {}, "effectOfAccountingCharges": {}, "otherItems": {}, "netIncome": 1355000, "netIncomeApplicableToCommonShares": 1355000}, {"maxAge": 1, "endDate": "2020-09-30", "totalRevenue": 5550000, "costOfRevenue": 1195000, "grossProfit": 4355000, "researchDevelopment": {}, "sellingGeneralAdministrative": {}, "nonRecurring": {}, "otherOperatingExpenses": 1276000, "totalOperatingExpenses": 2471000, "operatingIncome": 3079000, "totalOtherIncomeExpenseNet": 0, "ebit": 3079000, "interestExpense": {}, "incomeBeforeTax": 3079000, "incomeTaxExpense": 1301000, "minorityInterest": {}, "netIncomeFromContinuingOps": 1778000, "discontinuedOperations": {}, "extraordinaryItems": {}, "effectOfAccountingCharges": {}, "otherItems": {}, "netIncome": 1778000, "netIncomeApplicableToCommonShares": 1778000}, {"maxAge": 1, "endDate": "2020-06-30", "totalRevenue": 3500000, "costOfRevenue": 973000, "grossProfit": 2527000, "researchDevelopment": {}, "sellingGeneralAdministrative": {}, "nonRecurring": {}, "otherOperatingExpenses": 741000, "totalOperatingExpenses": 1714000, "operatingIncome": 1786000, "totalOtherIncomeExpenseNet": 0, "ebit": 1786000, "interestExpense": {}, "incomeBeforeTax": 1786000, "incomeTaxExpense": 0, "minorityInterest": {}, "netIncomeFromContinuingOps": 1786000, "discontinuedOperations": {}, "extraordinaryItems": {}, "effectOfAccountingCharges": {}, "otherItems": {}, "netIncome": 1786000, "netIncomeApplicableToCommonShares": 1786000}], "maxAge": 86400}, "cashflowStatementHistoryQuarterly": {"cashflowStatements": [{"maxAge": 1, "endDate": "2021-03-31", "netIncome": -4445000, "changeToLiabilities": 0}, {"maxAge": 1, "endDate": "2020-12-31", "netIncome": 1355000, "changeToLiabilities": 0}, {"maxAge": 1, "endDate": "2020-09-30", "netIncome": 1778000, "changeToLiabilities": 0}, {"maxAge": 1, "endDate": "2020-06-30", "netIncome": 1786000, "changeToLiabilities": 0}], "maxAge": 86400}, "earnings": {"maxAge": 86400, "earningsChart": {"quarterly": [], "earningsDate": ["2021-04-12 05:30:S"]}, "financialsChart": {"yearly": [{"date": 2018, "revenue": 9525750, "earnings": 4358542}, {"date": 2019, "revenue": 14500000, "earnings": -2067877}, {"date": 2020, "revenue": 11750000, "earnings": 630656}, {"date": 2021, "revenue": 14550000, "earnings": 1944000}], "quarterly": [{"date": "2Q2020", "revenue": 3500000, "earnings": 1786000}, {"date": "3Q2020", "revenue": 5550000, "earnings": 1778000}, {"date": "4Q2020", "revenue": 4000000, "earnings": 1355000}, {"date": "1Q2021", "revenue": 1500000, "earnings": -4445000}]}, "financialCurrency": "INR"}, "financialData": {"maxAge": 86400, "currentPrice": 8.6, "recommendationKey": "none", "totalCash": 310000, "totalCashPerShare": 0.02, "ebitda": 5586000, "totalDebt": 16997000, "quickRatio": 0.448, "currentRatio": 1.166, "totalRevenue": 14550000, "debtToEquity": 24.971, "revenuePerShare": 0.941, "returnOnAssets": 0.014140001, "returnOnEquity": 0.028970001, "grossProfits": 10538000, "freeCashflow": -6262478, "operatingCashflow": 52223000, "grossMargins": 0.72426003, "ebitdaMargins": 0.38391998, "operatingMargins": 0.18055001, "profitMargins": 0.13361, "financialCurrency": "INR"}}}