{"CAMEXLTD.BO": {"recommendationTrend": {"trend": [{"period": "0m", "strongBuy": 0, "buy": 0, "hold": 0, "sell": 0, "strongSell": 0}, {"period": "-1m", "strongBuy": 0, "buy": 0, "hold": 0, "sell": 0, "strongSell": 0}, {"period": "-2m", "strongBuy": 0, "buy": 0, "hold": 0, "sell": 0, "strongSell": 0}, {"period": "-3m", "strongBuy": 0, "buy": 0, "hold": 0, "sell": 0, "strongSell": 0}], "maxAge": 86400}, "cashflowStatementHistory": {"cashflowStatements": [{"maxAge": 1, "endDate": "2020-03-31", "netIncome": 12535544, "depreciation": 13820985, "changeToNetincome": 8388844, "changeToAccountReceivables": 40061026, "changeToLiabilities": 27078219, "changeToInventory": 35637794, "changeToOperatingActivities": -23358507, "totalCashFromOperatingActivities": 114163905, "capitalExpenditures": -2214987, "otherCashflowsFromInvestingActivities": 749010, "totalCashflowsFromInvestingActivities": -1315977, "netBorrowings": -116383766, "otherCashflowsFromFinancingActivities": -7663537, "totalCashFromFinancingActivities": -124047303, "changeInCash": -11199375}, {"maxAge": 1, "endDate": "2019-03-31", "netIncome": 36885459, "depreciation": 9265245, "changeToNetincome": 13933579, "changeToAccountReceivables": 10894833, "changeToLiabilities": 55907894, "changeToInventory": -4271997, "changeToOperatingActivities": 73725798, "totalCashFromOperatingActivities": 196340811, "capitalExpenditures": -9917559, "otherCashflowsFromInvestingActivities": 1575528, "totalCashflowsFromInvestingActivities": -8188802, "netBorrowings": -164240961, "otherCashflowsFromFinancingActivities": -17541077, "totalCashFromFinancingActivities": -181782038, "changeInCash": 6369972}, {"maxAge": 1, "endDate": "2018-03-31", "netIncome": 22772906, "depreciation": 8035530, "changeToNetincome": 23541041, "changeToAccountReceivables": -47709688, "changeToLiabilities": -11164522, "changeToInventory": -12786620, "changeToOperatingActivities": -37127604, "totalCashFromOperatingActivities": -54438957, "capitalExpenditures": -23457910, "otherCashflowsFromInvestingActivities": 1571088, "totalCashflowsFromInvestingActivities": -17855822, "netBorrowings": 92639208, "otherCashflowsFromFinancingActivities": -21064877, "totalCashFromFinancingActivities": 71574331, "changeInCash": -720447}, {"maxAge": 1, "endDate": "2017-03-31", "netIncome": 19494036, "depreciation": 7767938, "changeToNetincome": 15323695, "changeToAccountReceivables": -52230513, "changeToLiabilities": 7332824, "changeToInventory": -41004889, "changeToOperatingActivities": 19290110, "totalCashFromOperatingActivities": -24026799, "capitalExpenditures": -10162847, "otherCashflowsFromInvestingActivities": 1583397, "totalCashflowsFromInvestingActivities": -1877700, "netBorrowings": 45003063, "otherCashflowsFromFinancingActivities": -18094670, "totalCashFromFinancingActivities": 26908393, "changeInCash": 1003895}], "maxAge": 86400}, "institutionOwnership": {"ownershipList": [], "maxAge": 1}, "balanceSheetHistoryQuarterly": {"balanceSheetStatements": [{"maxAge": 1, "endDate": "2020-06-30", "totalStockholderEquity": 325915000, "netTangibleAssets": 325915000}, {"maxAge": 1, "endDate": "2020-03-31", "cash": 4330486, "netReceivables": 340304474, "inventory": 89145251, "otherCurrentAssets": 19547564, "totalCurrentAssets": 454410209, "longTermInvestments": 91090, "propertyPlantEquipment": 92770101, "otherAssets": 5277733, "totalAssets": 552549133, "accountsPayable": 165573566, "shortLongTermDebt": 2533959, "otherCurrentLiab": 10740024, "otherLiab": 10084836, "totalCurrentLiabilities": 216006682, "totalLiab": 226634558, "commonStock": 102087000, "retainedEarnings": 204977575, "capitalSurplus": 18850000, "totalStockholderEquity": 325914575, "netTangibleAssets": 325914575}, {"maxAge": 1, "endDate": "2019-12-31", "totalStockholderEquity": 323097000, "netTangibleAssets": 323097000}, {"maxAge": 1, "endDate": "2019-09-30", "cash": 57507000, "netReceivables": 273033000, "inventory": 118554000, "otherCurrentAssets": 49699000, "totalCurrentAssets": 498793000, "longTermInvestments": 91000, "propertyPlantEquipment": 90933000, "otherAssets": 5484000, "totalAssets": 595301000, "accountsPayable": 126854000, "otherCurrentLiab": 28443000, "longTermDebt": 6498000, "otherLiab": 10234000, "totalCurrentLiabilities": 255472000, "totalLiab": 272204000, "commonStock": 102087000, "treasuryStock": 221010000, "otherStockholderEquity": 221010000, "totalStockholderEquity": 323097000, "netTangibleAssets": 323097000}], "maxAge": 86400}, "earningsHistory": {"history": [{"maxAge": 1, "epsActual": {}, "epsEstimate": {}, "epsDifference": {}, "surprisePercent": {}, "quarter": {}, "period": "-4q"}, {"maxAge": 1, "epsActual": {}, "epsEstimate": {}, "epsDifference": {}, "surprisePercent": {}, "quarter": {}, "period": "-3q"}, {"maxAge": 1, "epsActual": {}, "epsEstimate": {}, "epsDifference": {}, "surprisePercent": {}, "quarter": {}, "period": "-2q"}, {"maxAge": 1, "epsActual": {}, "epsEstimate": {}, "epsDifference": {}, "surprisePercent": {}, "quarter": {}, "period": "-1q"}], "maxAge": 86400}, "indexTrend": {"maxAge": 1, "symbol": "SP5", "peRatio": 19.7411, "pegRatio": 1.34172, "estimates": [{"period": "0q", "growth": 0.549}, {"period": "+1q", "growth": 0.431}, {"period": "0y", "growth": 0.305}, {"period": "+1y", "growth": 0.109}, {"period": "+5y", "growth": 0.120859005}, {"period": "-5y"}]}, "industryTrend": {"maxAge": 1, "symbol": null, "estimates": []}, "insiderTransactions": {"transactions": [{"maxAge": 1, "shares": 2045, "filerUrl": "", "transactionText": "", "filerName": "Chopra (Devendrakumar Bhanwarlal)", "filerRelation": "Promoter", "moneyText": "", "startDate": "2018-03-27", "ownership": "D"}, {"maxAge": 1, "shares": 1800, "filerUrl": "", "transactionText": "", "filerName": "Chopra (Devendrakumar Bhanwarlal)", "filerRelation": "Promoter", "moneyText": "", "startDate": "2018-03-26", "ownership": "D"}, {"maxAge": 1, "shares": 3062, "filerUrl": "", "transactionText": "", "filerName": "Chopra (Devendrakumar Bhanwarlal)", "filerRelation": "Promoter", "moneyText": "", "startDate": "2018-03-23", "ownership": "D"}, {"maxAge": 1, "shares": 2250, "filerUrl": "", "transactionText": "", "filerName": "Chopra (Devendrakumar Bhanwarlal)", "filerRelation": "Promoter", "moneyText": "", "startDate": "2018-03-21", "ownership": "D"}, {"maxAge": 1, "shares": 5000, "filerUrl": "", "transactionText": "", "filerName": "Chopra (Devendrakumar Bhanwarlal)", "filerRelation": "Promoter", "moneyText": "", "startDate": "2018-02-20", "ownership": "D"}, {"maxAge": 1, "shares": 600, "filerUrl": "", "transactionText": "", "filerName": "Chopra (Devendrakumar Bhanwarlal)", "filerRelation": "Promoter", "moneyText": "", "startDate": "2018-02-19", "ownership": "D"}, {"maxAge": 1, "shares": 13000, "filerUrl": "", "transactionText": "", "filerName": "Chopra (Devendrakumar Bhanwarlal)", "filerRelation": "Promoter", "moneyText": "", "startDate": "2018-02-14", "ownership": "D"}, {"maxAge": 1, "shares": 172500, "filerUrl": "", "transactionText": "", "filerName": "Chopra (Chandraprakash B.)", "filerRelation": "UNREPORTED", "moneyText": "", "startDate": "2018-02-13", "ownership": "D"}, {"maxAge": 1, "shares": 172500, "filerUrl": "", "transactionText": "", "filerName": "Chopra (Nikita Chandraprakash)", "filerRelation": "UNREPORTED", "moneyText": "", "startDate": "2018-02-13", "ownership": "D"}, {"maxAge": 1, "shares": 1300, "filerUrl": "", "transactionText": "", "filerName": "Chopra (Devendrakumar Bhanwarlal)", "filerRelation": "Promoter", "moneyText": "", "startDate": "2018-02-09", "ownership": "D"}, {"maxAge": 1, "shares": 4380, "filerUrl": "", "transactionText": "", "filerName": "Chopra (Devendrakumar Bhanwarlal)", "filerRelation": "Promoter", "moneyText": "", "startDate": "2018-02-06", "ownership": "D"}, {"maxAge": 1, "shares": 30000, "filerUrl": "", "transactionText": "", "filerName": "Chopra (Devendrakumar Bhanwarlal)", "filerRelation": "Promoter", "moneyText": "", "startDate": "2018-02-02", "ownership": "D"}, {"maxAge": 1, "shares": 13977, "filerUrl": "", "transactionText": "", "filerName": "Chopra (Devendrakumar Bhanwarlal)", "filerRelation": "Promoter", "moneyText": "", "startDate": "2018-02-01", "ownership": "D"}, {"maxAge": 1, "shares": 42023, "filerUrl": "", "transactionText": "", "filerName": "Chopra (Devendrakumar Bhanwarlal)", "filerRelation": "Promoter", "moneyText": "", "startDate": "2018-01-17", "ownership": "D"}, {"maxAge": 1, "shares": 25351, "filerUrl": "", "transactionText": "", "filerName": "Chopra (Devendrakumar Bhanwarlal)", "filerRelation": "Promoter", "moneyText": "", "startDate": "2018-01-12", "ownership": "D"}, {"maxAge": 1, "shares": 30000, "filerUrl": "", "transactionText": "", "filerName": "Chopra (Devendrakumar Bhanwarlal)", "filerRelation": "Promoter", "moneyText": "", "startDate": "2018-01-11", "ownership": "D"}, {"maxAge": 1, "shares": 10000, "filerUrl": "", "transactionText": "", "filerName": "Chopra (Devendrakumar Bhanwarlal)", "filerRelation": "Promoter", "moneyText": "", "startDate": "2018-01-10", "ownership": "D"}, {"maxAge": 1, "shares": 10150, "filerUrl": "", "transactionText": "", "filerName": "Chopra (Devendrakumar Bhanwarlal)", "filerRelation": "Promoter", "moneyText": "", "startDate": "2018-01-09", "ownership": "D"}, {"maxAge": 1, "shares": 9827, "filerUrl": "", "transactionText": "", "filerName": "Chopra (Indradevi Bhanwarlal)", "filerRelation": "Promoter", "moneyText": "", "startDate": "2017-03-10", "ownership": "D"}, {"maxAge": 1, "shares": 4000, "filerUrl": "", "transactionText": "", "filerName": "Chopra (Preksha Rahul)", "filerRelation": "Promoter", "moneyText": "", "startDate": "2017-03-03", "ownership": "D"}, {"maxAge": 1, "shares": 17500, "filerUrl": "", "transactionText": "", "filerName": "Chopra (Preksha Rahul)", "filerRelation": "Promoter", "moneyText": "", "startDate": "2017-02-23", "ownership": "D"}, {"maxAge": 1, "shares": 20000, "filerUrl": "", "transactionText": "", "filerName": "Chopra (Preksha Rahul)", "filerRelation": "Promoter", "moneyText": "", "startDate": "2017-02-22", "ownership": "D"}, {"maxAge": 1, "shares": 35000, "filerUrl": "", "transactionText": "", "filerName": "Chopra (Preksha Rahul)", "filerRelation": "Promoter", "moneyText": "", "startDate": "2017-02-21", "ownership": "D"}, {"maxAge": 1, "shares": 1000000, "filerUrl": "", "transactionText": "", "filerName": "Camex Reality Pvt Ltd", "filerRelation": "Institution- Corporation", "moneyText": "", "startDate": "2013-06-14", "ownership": "D"}], "maxAge": 1}, "quoteType": {"exchange": "BSE", "quoteType": "EQUITY", "symbol": "CAMEXLTD.BO", "underlyingSymbol": "CAMEXLTD.BO", "shortName": "CAMEX LTD.", "longName": "Camex Limited", "firstTradeDateEpochUtc": "2002-01-04 09:15:00", "timeZoneFullName": "Asia/Kolkata", "timeZoneShortName": "IST", "uuid": "341a38df-dde2-3297-989e-698a7f19b0d7", "gmtOffSetMilliseconds": 19800000, "maxAge": 1}, "incomeStatementHistory": {"incomeStatementHistory": [{"maxAge": 1, "endDate": "2020-03-31", "totalRevenue": 1319290297, "costOfRevenue": 1152970318, "grossProfit": 166319979, "researchDevelopment": {}, "sellingGeneralAdministrative": 59655595, "nonRecurring": {}, "otherOperatingExpenses": 58928954, "totalOperatingExpenses": 1294614518, "operatingIncome": 24675779, "totalOtherIncomeExpenseNet": -8222154, "ebit": 24675779, "interestExpense": -7964545, "incomeBeforeTax": 16453625, "incomeTaxExpense": 3918081, "minorityInterest": {}, "netIncomeFromContinuingOps": 12535544, "discontinuedOperations": {}, "extraordinaryItems": {}, "effectOfAccountingCharges": {}, "otherItems": {}, "netIncome": 12535544, "netIncomeApplicableToCommonShares": 12535544}, {"maxAge": 1, "endDate": "2019-03-31", "totalRevenue": 1472081085, "costOfRevenue": 1274034573, "grossProfit": 198046512, "researchDevelopment": {}, "sellingGeneralAdministrative": 55015768, "nonRecurring": {}, "otherOperatingExpenses": 70290119, "totalOperatingExpenses": 1409013831, "operatingIncome": 63067254, "totalOtherIncomeExpenseNet": -16673295, "ebit": 63067254, "interestExpense": -9453329, "incomeBeforeTax": 46393959, "incomeTaxExpense": 9508500, "minorityInterest": {}, "netIncomeFromContinuingOps": 36885459, "discontinuedOperations": {}, "extraordinaryItems": {}, "effectOfAccountingCharges": {}, "otherItems": {}, "netIncome": 36885459, "netIncomeApplicableToCommonShares": 36885459}, {"maxAge": 1, "endDate": "2018-03-31", "totalRevenue": 1288538468, "costOfRevenue": 1122060890, "grossProfit": 166477578, "researchDevelopment": {}, "sellingGeneralAdministrative": 40409418, "nonRecurring": {}, "otherOperatingExpenses": 65246945, "totalOperatingExpenses": 1235752783, "operatingIncome": 52785685, "totalOtherIncomeExpenseNet": -19156627, "ebit": 52785685, "interestExpense": -14723091, "incomeBeforeTax": 33629058, "incomeTaxExpense": 10856152, "minorityInterest": {}, "netIncomeFromContinuingOps": 22772906, "discontinuedOperations": {}, "extraordinaryItems": {}, "effectOfAccountingCharges": {}, "otherItems": {}, "netIncome": 22772906, "netIncomeApplicableToCommonShares": 22772906}, {"maxAge": 1, "endDate": "2017-03-31", "totalRevenue": 1121275091, "costOfRevenue": 973275269, "grossProfit": 147999822, "researchDevelopment": {}, "sellingGeneralAdministrative": 35699650, "nonRecurring": {}, "otherOperatingExpenses": 66091427, "totalOperatingExpenses": 1082834284, "operatingIncome": 38440807, "totalOtherIncomeExpenseNet": -10508425, "ebit": 38440807, "interestExpense": -13489313, "incomeBeforeTax": 27932382, "incomeTaxExpense": 8438346, "minorityInterest": {}, "netIncomeFromContinuingOps": 19494036, "discontinuedOperations": {}, "extraordinaryItems": {}, "effectOfAccountingCharges": {}, "otherItems": {}, "netIncome": 19494036, "netIncomeApplicableToCommonShares": 19494036}], "maxAge": 86400}, "fundOwnership": {"ownershipList": [], "maxAge": 1}, "summaryDetail": {"maxAge": 1, "priceHint": 2, "previousClose": 24.5, "open": 24.0, "dayLow": 24.0, "dayHigh": 25.25, "regularMarketPreviousClose": 24.5, "regularMarketOpen": 24.0, "regularMarketDayLow": 24.0, "regularMarketDayHigh": 25.25, "trailingPE": 560.2273, "volume": 1458, "regularMarketVolume": 1458, "averageVolume": 2498, "averageVolume10days": 340, "averageDailyVolume10Day": 340, "bid": 24.3, "ask": 24.9, "bidSize": 0, "askSize": 0, "marketCap": 251644448, "fiftyTwoWeekLow": 8.0, "fiftyTwoWeekHigh": 25.25, "fiftyDayAverage": 18.236364, "twoHundredDayAverage": 16.349411, "currency": "INR", "fromCurrency": null, "lastMarket": null, "algorithm": null, "tradeable": false}, "sectorTrend": {"maxAge": 1, "symbol": null, "estimates": []}, "incomeStatementHistoryQuarterly": {"incomeStatementHistory": [{"maxAge": 1, "endDate": "2020-06-30", "totalRevenue": 141269000, "costOfRevenue": 123119000, "grossProfit": 18150000, "researchDevelopment": {}, "sellingGeneralAdministrative": 9603000, "nonRecurring": {}, "otherOperatingExpenses": 9204000, "totalOperatingExpenses": 144437000, "operatingIncome": -3168000, "totalOtherIncomeExpenseNet": 776000, "ebit": -3168000, "interestExpense": -367000, "incomeBeforeTax": -2392000, "incomeTaxExpense": -153000, "minorityInterest": {}, "netIncomeFromContinuingOps": -2239000, "discontinuedOperations": {}, "extraordinaryItems": {}, "effectOfAccountingCharges": {}, "otherItems": {}, "netIncome": -2239000, "netIncomeApplicableToCommonShares": -2239000}, {"maxAge": 1, "endDate": "2020-03-31", "totalRevenue": 343568297, "costOfRevenue": 288169318, "grossProfit": 55398979, "researchDevelopment": {}, "sellingGeneralAdministrative": 22544595, "nonRecurring": {}, "otherOperatingExpenses": 12817954, "totalOperatingExpenses": 339512518, "operatingIncome": 4055779, "totalOtherIncomeExpenseNet": -3326154, "ebit": 4055779, "interestExpense": -1967545, "incomeBeforeTax": 729625, "incomeTaxExpense": -134919, "minorityInterest": {}, "netIncomeFromContinuingOps": 864544, "discontinuedOperations": {}, "extraordinaryItems": {}, "effectOfAccountingCharges": {}, "otherItems": {}, "netIncome": 864544, "netIncomeApplicableToCommonShares": 864544}, {"maxAge": 1, "endDate": "2019-12-31", "totalRevenue": 297235000, "costOfRevenue": 268147000, "grossProfit": 29088000, "researchDevelopment": {}, "sellingGeneralAdministrative": 12015000, "nonRecurring": {}, "otherOperatingExpenses": 12444000, "totalOperatingExpenses": 294970000, "operatingIncome": 2265000, "totalOtherIncomeExpenseNet": -1235000, "ebit": 2265000, "interestExpense": -1366000, "incomeBeforeTax": 1030000, "incomeTaxExpense": 175000, "minorityInterest": {}, "netIncomeFromContinuingOps": 855000, "discontinuedOperations": {}, "extraordinaryItems": {}, "effectOfAccountingCharges": {}, "otherItems": {}, "netIncome": 855000, "netIncomeApplicableToCommonShares": 855000}, {"maxAge": 1, "endDate": "2019-09-30", "totalRevenue": 317516000, "costOfRevenue": 282867000, "grossProfit": 34649000, "researchDevelopment": {}, "sellingGeneralAdministrative": 13134000, "nonRecurring": {}, "otherOperatingExpenses": 16558000, "totalOperatingExpenses": 314908000, "operatingIncome": 2608000, "totalOtherIncomeExpenseNet": -1370000, "ebit": 2608000, "interestExpense": -2015000, "incomeBeforeTax": 1238000, "incomeTaxExpense": 269000, "minorityInterest": {}, "netIncomeFromContinuingOps": 969000, "discontinuedOperations": {}, "extraordinaryItems": {}, "effectOfAccountingCharges": {}, "otherItems": {}, "netIncome": 969000, "netIncomeApplicableToCommonShares": 969000}], "maxAge": 86400}, "cashflowStatementHistoryQuarterly": {"cashflowStatements": [{"maxAge": 1, "endDate": "2020-06-30", "netIncome": -2239000, "changeToLiabilities": 0}, {"maxAge": 1, "endDate": "2020-03-31", "netIncome": 864544, "changeToLiabilities": 0}, {"maxAge": 1, "endDate": "2019-12-31", "netIncome": 855000, "changeToLiabilities": 0}, {"maxAge": 1, "endDate": "2019-09-30", "netIncome": 969000, "changeToLiabilities": 0}], "maxAge": 86400}, "insiderHolders": {"holders": [{"maxAge": 1, "name": "Camex Reality Pvt Ltd", "relation": "Institution- Corporation", "url": "", "transactionDescription": "Other", "latestTransDate": "2013-06-14", "positionDirect": 1000000, "positionDirectDate": "2013-06-14"}, {"maxAge": 1, "name": "Chopra (Chandraprakash B.)", "relation": "UNREPORTED", "url": "", "transactionDescription": "Gift", "latestTransDate": "2018-02-13", "positionDirect": 1306730, "positionDirectDate": "2018-02-13"}, {"maxAge": 1, "name": "Chopra (Devendrakumar Bhanwarlal)", "relation": "Promoter", "url": "", "transactionDescription": "Acquisition", "latestTransDate": "2018-03-27", "positionDirect": 775979, "positionDirectDate": "2018-03-27"}, {"maxAge": 1, "name": "Chopra (Indradevi Bhanwarlal)", "relation": "Promoter", "url": "", "transactionDescription": "Other", "latestTransDate": "2017-03-10", "positionDirect": 165148, "positionDirectDate": "2017-03-10"}, {"maxAge": 1, "name": "Chopra (Nikita Chandraprakash)", "relation": "UNREPORTED", "url": "", "transactionDescription": "Gift", "latestTransDate": "2018-02-13", "positionDirect": 0, "positionDirectDate": "2018-02-13"}, {"maxAge": 1, "name": "Chopra (Preksha Rahul)", "relation": "Promoter", "url": "", "transactionDescription": "Acquisition", "latestTransDate": "2017-03-03", "positionDirect": 376500, "positionDirectDate": "2017-03-03"}], "maxAge": 1}, "earnings": {"maxAge": 86400, "earningsChart": {"quarterly": [], "earningsDate": []}, "financialsChart": {"yearly": [{"date": 2017, "revenue": 1121275091, "earnings": 19494036}, {"date": 2018, "revenue": 1288538468, "earnings": 22772906}, {"date": 2019, "revenue": 1472081085, "earnings": 36885459}, {"date": 2020, "revenue": 1319290297, "earnings": 12535544}], "quarterly": [{"date": "3Q2019", "revenue": 317516000, "earnings": 969000}, {"date": "4Q2019", "revenue": 297235000, "earnings": 855000}, {"date": "1Q2020", "revenue": 343568297, "earnings": 864544}, {"date": "2Q2020", "revenue": 141269000, "earnings": -2239000}]}, "financialCurrency": "INR"}, "calendarEvents": {"maxAge": 1, "earnings": {"earningsDate": []}}, "upgradeDowngradeHistory": {"history": [], "maxAge": 86400}, "price": {"maxAge": 1, "regularMarketChangePercent": 0.0061224336, "regularMarketChange": 0.14999962, "regularMarketTime": "2021-04-30 15:29:03", "priceHint": 2, "regularMarketPrice": 24.65, "regularMarketDayHigh": 25.25, "regularMarketDayLow": 24.0, "regularMarketVolume": 1458, "averageDailyVolume10Day": 340, "averageDailyVolume3Month": 2498, "regularMarketPreviousClose": 24.5, "regularMarketSource": "FREE_REALTIME", "regularMarketOpen": 24.0, "exchange": "BSE", "exchangeName": "BSE", "exchangeDataDelayedBy": 0, "marketState": "CLOSED", "quoteType": "EQUITY", "symbol": "CAMEXLTD.BO", "underlyingSymbol": null, "shortName": "CAMEX LTD.", "longName": "Camex Limited", "currency": "INR", "quoteSourceName": "Delayed Quote", "currencySymbol": "\u20b9", "fromCurrency": null, "lastMarket": null, "marketCap": 251644448}, "balanceSheetHistory": {"balanceSheetStatements": [{"maxAge": 1, "endDate": "2020-03-31", "cash": 4330486, "netReceivables": 340304474, "inventory": 89145251, "otherCurrentAssets": 19547564, "totalCurrentAssets": 454410209, "longTermInvestments": 91090, "propertyPlantEquipment": 92770101, "otherAssets": 5277733, "totalAssets": 552549133, "accountsPayable": 165573566, "shortLongTermDebt": 2533959, "otherCurrentLiab": 10740024, "otherLiab": 10084836, "totalCurrentLiabilities": 216006682, "totalLiab": 226634558, "commonStock": 102087000, "retainedEarnings": 204977575, "capitalSurplus": 18850000, "totalStockholderEquity": 325914575, "netTangibleAssets": 325914575}, {"maxAge": 1, "endDate": "2019-03-31", "cash": 15529861, "netReceivables": 352244243, "inventory": 124783044, "otherCurrentAssets": 21266619, "totalCurrentAssets": 514738650, "longTermInvestments": 91090, "propertyPlantEquipment": 94562652, "otherAssets": 8488171, "totalAssets": 617880563, "accountsPayable": 148706831, "shortLongTermDebt": 2688971, "otherCurrentLiab": 3484304, "longTermDebt": 37234712, "otherLiab": 10236667, "totalCurrentLiabilities": 258489675, "totalLiab": 305961054, "commonStock": 102087000, "retainedEarnings": 190982509, "capitalSurplus": 18850000, "totalStockholderEquity": 311919509, "netTangibleAssets": 311919509}, {"maxAge": 1, "endDate": "2018-03-31", "cash": 9159888, "netReceivables": 363694769, "inventory": 120511047, "otherCurrentAssets": 94995857, "totalCurrentAssets": 589362381, "longTermInvestments": 91090, "propertyPlantEquipment": 94331100, "otherAssets": 8834670, "totalAssets": 692619241, "accountsPayable": 65236138, "shortLongTermDebt": 2482637, "otherCurrentLiab": 32796766, "longTermDebt": 89514143, "otherLiab": 11971661, "totalCurrentLiabilities": 317473392, "totalLiab": 418959196, "commonStock": 102087000, "retainedEarnings": 152723045, "capitalSurplus": 18850000, "totalStockholderEquity": 273660045, "netTangibleAssets": 273660045}, {"maxAge": 1, "endDate": "2017-03-31", "cash": 9880335, "netReceivables": 315223508, "inventory": 107724427, "otherCurrentAssets": 57091997, "totalCurrentAssets": 491583566, "longTermInvestments": 91090, "propertyPlantEquipment": 82532896, "otherAssets": 9710030, "totalAssets": 583917582, "accountsPayable": 64945413, "shortLongTermDebt": 1216246, "otherCurrentLiab": 30288398, "longTermDebt": 46757173, "otherLiab": 11134445, "totalCurrentLiabilities": 275167186, "totalLiab": 333058804, "commonStock": 102087000, "retainedEarnings": 129921778, "capitalSurplus": 18850000, "totalStockholderEquity": 250858778, "netTangibleAssets": 250858778}], "maxAge": 86400}, "earningsTrend": {"trend": [{"maxAge": 1, "period": "0q", "endDate": null, "growth": {}, "earningsEstimate": {"avg": 0.0, "low": 0.0, "high": 0.0, "yearAgoEps": {}, "numberOfAnalysts": 0, "growth": {}}, "revenueEstimate": {"avg": 0, "low": 0, "high": 0, "numberOfAnalysts": 0, "yearAgoRevenue": {}, "growth": {}}, "epsTrend": {"current": 0.0, "7daysAgo": 0.0, "30daysAgo": 0.0, "60daysAgo": 0.0, "90daysAgo": 0.0}, "epsRevisions": {"upLast7days": 0, "upLast30days": 0, "downLast30days": 0, "downLast90days": {}}}, {"maxAge": 1, "period": "+1q", "endDate": null, "growth": {}, "earningsEstimate": {"avg": 0.0, "low": 0.0, "high": 0.0, "yearAgoEps": {}, "numberOfAnalysts": 0, "growth": {}}, "revenueEstimate": {"avg": 0, "low": 0, "high": 0, "numberOfAnalysts": 0, "yearAgoRevenue": {}, "growth": {}}, "epsTrend": {"current": 0.0, "7daysAgo": 0.0, "30daysAgo": 0.0, "60daysAgo": 0.0, "90daysAgo": 0.0}, "epsRevisions": {"upLast7days": 0, "upLast30days": 0, "downLast30days": 0, "downLast90days": {}}}, {"maxAge": 1, "period": "0y", "endDate": null, "growth": {}, "earningsEstimate": {"avg": 0.0, "low": 0.0, "high": 0.0, "yearAgoEps": {}, "numberOfAnalysts": 0, "growth": {}}, "revenueEstimate": {"avg": 0, "low": 0, "high": 0, "numberOfAnalysts": 0, "yearAgoRevenue": {}, "growth": {}}, "epsTrend": {"current": 0.0, "7daysAgo": 0.0, "30daysAgo": 0.0, "60daysAgo": 0.0, "90daysAgo": 0.0}, "epsRevisions": {"upLast7days": 0, "upLast30days": 0, "downLast30days": 0, "downLast90days": {}}}, {"maxAge": 1, "period": "+1y", "endDate": null, "growth": {}, "earningsEstimate": {"avg": 0.0, "low": 0.0, "high": 0.0, "yearAgoEps": {}, "numberOfAnalysts": 0, "growth": {}}, "revenueEstimate": {"avg": 0, "low": 0, "high": 0, "numberOfAnalysts": 0, "yearAgoRevenue": {}, "growth": {}}, "epsTrend": {"current": 0.0, "7daysAgo": 0.0, "30daysAgo": 0.0, "60daysAgo": 0.0, "90daysAgo": 0.0}, "epsRevisions": {"upLast7days": 0, "upLast30days": 0, "downLast30days": 0, "downLast90days": {}}}, {"maxAge": 1, "period": "+5y", "endDate": null, "growth": {}, "earningsEstimate": {"avg": {}, "low": {}, "high": {}, "yearAgoEps": {}, "numberOfAnalysts": {}, "growth": {}}, "revenueEstimate": {"avg": {}, "low": {}, "high": {}, "numberOfAnalysts": {}, "yearAgoRevenue": {}, "growth": {}}, "epsTrend": {"current": {}, "7daysAgo": {}, "30daysAgo": {}, "60daysAgo": {}, "90daysAgo": {}}, "epsRevisions": {"upLast7days": {}, "upLast30days": {}, "downLast30days": {}, "downLast90days": {}}}, {"maxAge": 1, "period": "-5y", "endDate": null, "growth": {}, "earningsEstimate": {"avg": {}, "low": {}, "high": {}, "yearAgoEps": {}, "numberOfAnalysts": {}, "growth": {}}, "revenueEstimate": {"avg": {}, "low": {}, "high": {}, "numberOfAnalysts": {}, "yearAgoRevenue": {}, "growth": {}}, "epsTrend": {"current": {}, "7daysAgo": {}, "30daysAgo": {}, "60daysAgo": {}, "90daysAgo": {}}, "epsRevisions": {"upLast7days": {}, "upLast30days": {}, "downLast30days": {}, "downLast90days": {}}}], "maxAge": 1}, "financialData": {"maxAge": 86400, "currentPrice": 24.65, "recommendationKey": "none", "grossProfits": 166319979, "financialCurrency": "INR"}}}