{"CAMLINFINE.BO": {"recommendationTrend": {"trend": [{"period": "0m", "strongBuy": 0, "buy": 0, "hold": 0, "sell": 0, "strongSell": 0}, {"period": "-1m", "strongBuy": 0, "buy": 0, "hold": 0, "sell": 0, "strongSell": 0}, {"period": "-2m", "strongBuy": 0, "buy": 0, "hold": 0, "sell": 0, "strongSell": 0}, {"period": "-3m", "strongBuy": 0, "buy": 0, "hold": 0, "sell": 0, "strongSell": 0}], "maxAge": 86400}, "cashflowStatementHistory": {"cashflowStatements": [{"maxAge": 1, "endDate": "2020-03-31", "netIncome": 303186000, "depreciation": 320674000, "changeToNetincome": 636557000, "changeToLiabilities": 0, "changeToOperatingActivities": -407569000, "totalCashFromOperatingActivities": 860197000, "capitalExpenditures": -1341398000, "investments": 410607000, "otherCashflowsFromInvestingActivities": 28205000, "totalCashflowsFromInvestingActivities": -901175000, "netBorrowings": 453843000, "otherCashflowsFromFinancingActivities": -421334000, "totalCashFromFinancingActivities": 32509000, "changeInCash": -8469000}, {"maxAge": 1, "endDate": "2019-03-31", "netIncome": 5772000, "depreciation": 249818000, "changeToNetincome": 412582000, "changeToLiabilities": 0, "changeToOperatingActivities": -798254000, "totalCashFromOperatingActivities": -89968000, "capitalExpenditures": -693523000, "investments": 630519000, "otherCashflowsFromInvestingActivities": 41600000, "totalCashflowsFromInvestingActivities": -19384000, "netBorrowings": 886739000, "otherCashflowsFromFinancingActivities": -631662000, "totalCashFromFinancingActivities": 256726000, "changeInCash": 147374000, "issuanceOfStock": 1649000}, {"maxAge": 1, "endDate": "2018-03-31", "netIncome": -296431000, "depreciation": 228173000, "changeToNetincome": 28509000, "changeToLiabilities": 0, "changeToOperatingActivities": -152709000, "totalCashFromOperatingActivities": -154089000, "capitalExpenditures": -192669000, "investments": -939334000, "otherCashflowsFromInvestingActivities": 8267000, "totalCashflowsFromInvestingActivities": -1485930000, "netBorrowings": 419541000, "otherCashflowsFromFinancingActivities": -287216000, "totalCashFromFinancingActivities": 1818249000, "changeInCash": 178230000, "issuanceOfStock": 1477371000}, {"maxAge": 1, "endDate": "2017-03-31", "netIncome": -111743000, "depreciation": 180711000, "changeToNetincome": 196826000, "changeToLiabilities": 0, "changeToOperatingActivities": -390045000, "totalCashFromOperatingActivities": -86933000, "capitalExpenditures": -307938000, "investments": -111696000, "otherCashflowsFromInvestingActivities": 18749000, "totalCashflowsFromInvestingActivities": -831448000, "dividendsPaid": -46439000, "netBorrowings": 651829000, "otherCashflowsFromFinancingActivities": -272180000, "totalCashFromFinancingActivities": 909183000, "changeInCash": 126229000, "issuanceOfStock": 575973000}], "maxAge": 86400}, "institutionOwnership": {"maxAge": 1, "ownershipList": []}, "balanceSheetHistoryQuarterly": {"balanceSheetStatements": [{"maxAge": 1, "endDate": "2020-06-30", "totalStockholderEquity": 4031368000, "netTangibleAssets": 3417515000}, {"maxAge": 1, "endDate": "2020-03-31", "cash": 523667000, "shortTermInvestments": 15274000, "netReceivables": 2640699000, "inventory": 2981485000, "otherCurrentAssets": 516171000, "totalCurrentAssets": 6749558000, "longTermInvestments": 73582000, "propertyPlantEquipment": 4132041000, "goodWill": 444331000, "intangibleAssets": 169522000, "otherAssets": 771601000, "deferredLongTermAssetCharges": 406858000, "totalAssets": 12340635000, "accountsPayable": 1737157000, "shortLongTermDebt": 359834000, "otherCurrentLiab": 409452000, "longTermDebt": 2115127000, "otherLiab": 49467000, "deferredLongTermLiab": 79043000, "minorityInterest": 569684000, "totalCurrentLiabilities": 5478315000, "totalLiab": 7739583000, "commonStock": 121254000, "retainedEarnings": 1297357000, "treasuryStock": 466537000, "capitalSurplus": 2146220000, "otherStockholderEquity": 466537000, "totalStockholderEquity": 4031368000, "netTangibleAssets": 3417515000}, {"maxAge": 1, "endDate": "2019-12-31", "totalStockholderEquity": 3820678000, "netTangibleAssets": 3106913000}, {"maxAge": 1, "endDate": "2019-09-30", "cash": 583175000, "shortTermInvestments": 160884000, "netReceivables": 1881172000, "inventory": 3000227000, "otherCurrentAssets": 494211000, "totalCurrentAssets": 6119669000, "longTermInvestments": 72761000, "propertyPlantEquipment": 3580813000, "goodWill": 444331000, "intangibleAssets": 269434000, "otherAssets": 812220000, "deferredLongTermAssetCharges": 452649000, "totalAssets": 11299228000, "accountsPayable": 1231299000, "otherCurrentLiab": 797796000, "longTermDebt": 1992726000, "otherLiab": 38533000, "minorityInterest": 706610000, "totalCurrentLiabilities": 4740681000, "totalLiab": 6771940000, "commonStock": 121254000, "treasuryStock": 3699424000, "otherStockholderEquity": 3699424000, "totalStockholderEquity": 3820678000, "netTangibleAssets": 3106913000}], "maxAge": 86400}, "earningsHistory": {"history": [{"maxAge": 1, "epsActual": -1.16, "epsEstimate": 0.0, "epsDifference": -1.16, "surprisePercent": {}, "quarter": "2017-06-30", "period": "-4q"}, {"maxAge": 1, "epsActual": -0.66, "epsEstimate": 0.1, "epsDifference": -0.76, "surprisePercent": -7.6, "quarter": "2018-03-31", "period": "-3q"}, {"maxAge": 1, "epsActual": -0.49, "epsEstimate": 0.65, "epsDifference": -1.14, "surprisePercent": -1.754, "quarter": "2018-06-30", "period": "-2q"}, {"maxAge": 1, "epsActual": 0.11, "epsEstimate": 0.0, "epsDifference": 0.11, "surprisePercent": {}, "quarter": "2018-09-30", "period": "-1q"}], "maxAge": 86400}, "indexTrend": {"maxAge": 1, "symbol": "SP5", "peRatio": 19.7411, "pegRatio": 1.34172, "estimates": [{"period": "0q", "growth": 0.549}, {"period": "+1q", "growth": 0.431}, {"period": "0y", "growth": 0.305}, {"period": "+1y", "growth": 0.109}, {"period": "+5y", "growth": 0.120865}, {"period": "-5y"}]}, "industryTrend": {"maxAge": 1, "symbol": null, "estimates": []}, "insiderTransactions": {"transactions": [{"maxAge": 1, "shares": 2190, "filerUrl": "", "transactionText": "", "filerName": "Dandekar (Anagha Subhash)", "filerRelation": "Director (Non-Executive)", "moneyText": "", "startDate": "2019-08-28", "ownership": "D"}, {"maxAge": 1, "shares": 27000, "filerUrl": "", "transactionText": "", "filerName": "Dandekar (Anagha Subhash)", "filerRelation": "Director (Non-Executive)", "moneyText": "", "startDate": "2019-08-26", "ownership": "D"}, {"maxAge": 1, "shares": 56500, "filerUrl": "", "transactionText": "", "filerName": "Dandekar (Anagha Subhash)", "filerRelation": "Director (Non-Executive)", "moneyText": "", "startDate": "2019-08-23", "ownership": "D"}, {"maxAge": 1, "shares": 9000, "filerUrl": "", "transactionText": "", "filerName": "Dandekar (Ashish Subhash)", "filerRelation": "Managing Director", "moneyText": "", "startDate": "2019-08-21", "ownership": "D"}, {"maxAge": 1, "shares": 34500, "filerUrl": "", "transactionText": "", "filerName": "Dandekar (Anagha Subhash)", "filerRelation": "Director (Non-Executive)", "moneyText": "", "startDate": "2019-08-20", "ownership": "D"}, {"maxAge": 1, "shares": 23250, "filerUrl": "", "transactionText": "", "filerName": "Dandekar (Anagha Subhash)", "filerRelation": "Non-Independent Executive Director", "moneyText": "", "startDate": "2019-08-16", "ownership": "D"}, {"maxAge": 1, "shares": 32816, "filerUrl": "", "transactionText": "", "filerName": "Dandekar (Anagha Subhash)", "filerRelation": "Director (Non-Executive)", "moneyText": "", "startDate": "2019-08-14", "ownership": "D"}, {"maxAge": 1, "shares": 8400, "filerUrl": "", "transactionText": "", "filerName": "Dandekar (Ashish Subhash)", "filerRelation": "Managing Director", "moneyText": "", "startDate": "2019-08-14", "ownership": "D"}, {"maxAge": 1, "shares": 32450, "filerUrl": "", "transactionText": "", "filerName": "Dandekar (Ashish Subhash)", "filerRelation": "Managing Director", "moneyText": "", "startDate": "2019-08-08", "ownership": "D"}, {"maxAge": 1, "shares": 243923, "filerUrl": "", "transactionText": "", "filerName": "Dandekar (Dilip D)", "filerRelation": "Non Executive Chairman", "moneyText": "", "startDate": "2019-02-22", "ownership": "D"}, {"maxAge": 1, "shares": 237923, "filerUrl": "", "transactionText": "", "filerName": "Sawant (Ketki Amit)", "filerRelation": "Promoter", "moneyText": "", "startDate": "2019-02-22", "ownership": "D"}], "maxAge": 1}, "quoteType": {"exchange": "BSE", "quoteType": "EQUITY", "symbol": "CAMLINFINE.BO", "underlyingSymbol": "CAMLINFINE.BO", "shortName": "Camlin Fine Sciences Ltd", "longName": "Camlin Fine Sciences Limited", "firstTradeDateEpochUtc": "2000-01-03 09:15:00", "timeZoneFullName": "Asia/Kolkata", "timeZoneShortName": "IST", "uuid": "e986e0ba-d756-3745-a6c2-33ff253a129c", "messageBoardId": null, "gmtOffSetMilliseconds": 19800000, "maxAge": 1}, "incomeStatementHistory": {"incomeStatementHistory": [{"maxAge": 1, "endDate": "2020-03-31", "totalRevenue": 10491484000, "costOfRevenue": 5536360000, "grossProfit": 4955124000, "researchDevelopment": {}, "sellingGeneralAdministrative": 1180330000, "nonRecurring": {}, "otherOperatingExpenses": 2467747000, "totalOperatingExpenses": 9512460000, "operatingIncome": 979024000, "totalOtherIncomeExpenseNet": -397016000, "ebit": 979024000, "interestExpense": -327476000, "incomeBeforeTax": 582008000, "incomeTaxExpense": 283700000, "minorityInterest": 569684000, "netIncomeFromContinuingOps": 298308000, "discontinuedOperations": {}, "extraordinaryItems": {}, "effectOfAccountingCharges": {}, "otherItems": {}, "netIncome": 303186000, "netIncomeApplicableToCommonShares": 303186000}, {"maxAge": 1, "endDate": "2019-03-31", "totalRevenue": 8921667000, "costOfRevenue": 4940557000, "grossProfit": 3981110000, "researchDevelopment": {}, "sellingGeneralAdministrative": 1091742000, "nonRecurring": {}, "otherOperatingExpenses": 2196334000, "totalOperatingExpenses": 8514946000, "operatingIncome": 406721000, "totalOtherIncomeExpenseNet": -239793000, "ebit": 406721000, "interestExpense": -278268000, "incomeBeforeTax": 166928000, "incomeTaxExpense": 136870000, "minorityInterest": 593991000, "netIncomeFromContinuingOps": 30058000, "discontinuedOperations": {}, "extraordinaryItems": {}, "effectOfAccountingCharges": {}, "otherItems": {}, "netIncome": 5772000, "netIncomeApplicableToCommonShares": 5772000}, {"maxAge": 1, "endDate": "2018-03-31", "totalRevenue": 7206041000, "costOfRevenue": 4399061000, "grossProfit": 2806980000, "researchDevelopment": {}, "sellingGeneralAdministrative": 925460000, "nonRecurring": {}, "otherOperatingExpenses": 1719586000, "totalOperatingExpenses": 7317347000, "operatingIncome": -111306000, "totalOtherIncomeExpenseNet": -195957000, "ebit": -111306000, "interestExpense": -276481000, "incomeBeforeTax": -307263000, "incomeTaxExpense": -67541000, "minorityInterest": 622173000, "netIncomeFromContinuingOps": -239722000, "discontinuedOperations": {}, "extraordinaryItems": {}, "effectOfAccountingCharges": {}, "otherItems": {}, "netIncome": -296431000, "netIncomeApplicableToCommonShares": -337714000}, {"maxAge": 1, "endDate": "2017-03-31", "totalRevenue": 5339305000, "costOfRevenue": 2751568000, "grossProfit": 2587737000, "researchDevelopment": {}, "sellingGeneralAdministrative": 817907000, "nonRecurring": {}, "otherOperatingExpenses": 1440352000, "totalOperatingExpenses": 5226675000, "operatingIncome": 112630000, "totalOtherIncomeExpenseNet": -172800000, "ebit": 112630000, "interestExpense": -249245000, "incomeBeforeTax": -60170000, "incomeTaxExpense": -15778000, "minorityInterest": 176148000, "netIncomeFromContinuingOps": -44392000, "discontinuedOperations": {}, "extraordinaryItems": {}, "effectOfAccountingCharges": {}, "otherItems": {}, "netIncome": -111743000, "netIncomeApplicableToCommonShares": -127659000}], "maxAge": 86400}, "fundOwnership": {"maxAge": 1, "ownershipList": []}, "summaryDetail": {"maxAge": 1, "priceHint": 2, "previousClose": 155.55, "open": 155.0, "dayLow": 153.0, "dayHigh": 158.8, "regularMarketPreviousClose": 155.55, "regularMarketOpen": 155.0, "regularMarketDayLow": 153.0, "regularMarketDayHigh": 158.8, "trailingPE": 61.89711, "forwardPE": 18.224852, "volume": 30491, "regularMarketVolume": 30491, "averageVolume": 67531, "averageVolume10days": 85846, "averageDailyVolume10Day": 85846, "bid": 152.35, "ask": 158.45, "bidSize": 0, "askSize": 0, "marketCap": 18682509312, "fiftyTwoWeekLow": 33.4, "fiftyTwoWeekHigh": 158.8, "fiftyDayAverage": 113.64, "twoHundredDayAverage": 105.61788, "currency": "INR", "fromCurrency": null, "toCurrency": null, "lastMarket": null, "algorithm": null, "tradeable": false}, "sectorTrend": {"maxAge": 1, "symbol": null, "estimates": []}, "incomeStatementHistoryQuarterly": {"incomeStatementHistory": [{"maxAge": 1, "endDate": "2020-06-30", "totalRevenue": 3057439000, "costOfRevenue": 1632945000, "grossProfit": 1424494000, "researchDevelopment": {}, "sellingGeneralAdministrative": 253895000, "nonRecurring": {}, "otherOperatingExpenses": 627614000, "totalOperatingExpenses": 2609260000, "operatingIncome": 448179000, "totalOtherIncomeExpenseNet": -133052000, "ebit": 448179000, "interestExpense": -107555000, "incomeBeforeTax": 315127000, "incomeTaxExpense": 109528000, "minorityInterest": {}, "netIncomeFromContinuingOps": 205599000, "discontinuedOperations": {}, "extraordinaryItems": {}, "effectOfAccountingCharges": {}, "otherItems": {}, "netIncome": 153881000, "netIncomeApplicableToCommonShares": 153881000}, {"maxAge": 1, "endDate": "2020-03-31", "totalRevenue": 2928668000, "costOfRevenue": 1742789000, "grossProfit": 1185879000, "researchDevelopment": {}, "sellingGeneralAdministrative": 459498000, "nonRecurring": {}, "otherOperatingExpenses": 383512000, "totalOperatingExpenses": 2677062000, "operatingIncome": 251606000, "totalOtherIncomeExpenseNet": -124565000, "ebit": 251606000, "interestExpense": -76270000, "incomeBeforeTax": 127041000, "incomeTaxExpense": 106541000, "minorityInterest": 569684000, "netIncomeFromContinuingOps": 20500000, "discontinuedOperations": {}, "extraordinaryItems": {}, "effectOfAccountingCharges": {}, "otherItems": {}, "netIncome": 26721000, "netIncomeApplicableToCommonShares": 26721000}, {"maxAge": 1, "endDate": "2019-12-31", "totalRevenue": 2738807000, "costOfRevenue": 1403762000, "grossProfit": 1335045000, "researchDevelopment": {}, "sellingGeneralAdministrative": 257796000, "nonRecurring": {}, "otherOperatingExpenses": 781717000, "totalOperatingExpenses": 2527337000, "operatingIncome": 211470000, "totalOtherIncomeExpenseNet": -68947000, "ebit": 211470000, "interestExpense": -82762000, "incomeBeforeTax": 142523000, "incomeTaxExpense": 104249000, "minorityInterest": 569684000, "netIncomeFromContinuingOps": 38274000, "discontinuedOperations": {}, "extraordinaryItems": {}, "effectOfAccountingCharges": {}, "otherItems": {}, "netIncome": 51562000, "netIncomeApplicableToCommonShares": 51562000}, {"maxAge": 1, "endDate": "2019-09-30", "totalRevenue": 2222764000, "costOfRevenue": 1037019000, "grossProfit": 1185745000, "researchDevelopment": {}, "sellingGeneralAdministrative": 236136000, "nonRecurring": {}, "otherOperatingExpenses": 639102000, "totalOperatingExpenses": 1989014000, "operatingIncome": 233750000, "totalOtherIncomeExpenseNet": -148156000, "ebit": 233750000, "interestExpense": -85404000, "incomeBeforeTax": 85594000, "incomeTaxExpense": 10394000, "minorityInterest": 706610000, "netIncomeFromContinuingOps": 75200000, "discontinuedOperations": {}, "extraordinaryItems": {}, "effectOfAccountingCharges": {}, "otherItems": {}, "netIncome": 69352000, "netIncomeApplicableToCommonShares": 69352000}], "maxAge": 86400}, "cashflowStatementHistoryQuarterly": {"cashflowStatements": [{"maxAge": 1, "endDate": "2020-06-30", "netIncome": 153881000, "changeToLiabilities": 0}, {"maxAge": 1, "endDate": "2020-03-31", "netIncome": 26721000, "changeToLiabilities": 0}, {"maxAge": 1, "endDate": "2019-12-31", "netIncome": 51562000, "changeToLiabilities": 0}, {"maxAge": 1, "endDate": "2019-09-30", "netIncome": 69352000, "changeToLiabilities": 0}], "maxAge": 86400}, "insiderHolders": {"holders": [{"maxAge": 1, "name": "Dandekar (Anagha Subhash)", "relation": "Director (Non-Executive)", "url": "", "transactionDescription": "Acquisition", "latestTransDate": "2019-08-28", "positionDirect": 1517056, "positionDirectDate": "2019-08-28"}, {"maxAge": 1, "name": "Dandekar (Ashish Subhash)", "relation": "Managing Director", "url": "", "transactionDescription": "Acquisition", "latestTransDate": "2019-08-21", "positionDirect": 14060400, "positionDirectDate": "2019-08-21"}, {"maxAge": 1, "name": "Dandekar (Dilip D)", "relation": "Non Executive Chairman", "url": "", "transactionDescription": "Gift", "latestTransDate": "2019-02-22", "positionDirect": 1589443, "positionDirectDate": "2019-02-22"}, {"maxAge": 1, "name": "Sawant (Ketki Amit)", "relation": "Promoter", "url": "", "transactionDescription": "Gift", "latestTransDate": "2019-02-22", "positionDirect": 1017677, "positionDirectDate": "2019-02-22"}], "maxAge": 1}, "earnings": {"maxAge": 86400, "earningsChart": {"quarterly": [{"date": "2Q2017", "actual": -1.16, "estimate": 0.0}, {"date": "1Q2018", "actual": -0.66, "estimate": 0.1}, {"date": "2Q2018", "actual": -0.49, "estimate": 0.65}, {"date": "3Q2018", "actual": 0.11, "estimate": 0.0}], "currentQuarterEstimateDate": "4Q", "currentQuarterEstimateYear": 2018, "earningsDate": []}, "financialsChart": {"yearly": [{"date": 2017, "revenue": 5339305000, "earnings": -111743000}, {"date": 2018, "revenue": 7206041000, "earnings": -296431000}, {"date": 2019, "revenue": 8921667000, "earnings": 5772000}, {"date": 2020, "revenue": 10491484000, "earnings": 303186000}], "quarterly": [{"date": "3Q2019", "revenue": 2222764000, "earnings": 69352000}, {"date": "4Q2019", "revenue": 2738807000, "earnings": 51562000}, {"date": "1Q2020", "revenue": 2928668000, "earnings": 26721000}, {"date": "2Q2020", "revenue": 3057439000, "earnings": 153881000}]}, "financialCurrency": "INR"}, "calendarEvents": {"maxAge": 1, "earnings": {"earningsDate": []}}, "price": {"maxAge": 1, "regularMarketChangePercent": -0.009964661, "regularMarketChange": -1.550003, "regularMarketTime": "2021-04-30 15:29:54", "priceHint": 2, "regularMarketPrice": 154.0, "regularMarketDayHigh": 158.8, "regularMarketDayLow": 153.0, "regularMarketVolume": 30491, "averageDailyVolume10Day": 85846, "averageDailyVolume3Month": 67531, "regularMarketPreviousClose": 155.55, "regularMarketSource": "FREE_REALTIME", "regularMarketOpen": 155.0, "exchange": "BSE", "exchangeName": "BSE", "exchangeDataDelayedBy": 0, "marketState": "CLOSED", "quoteType": "EQUITY", "symbol": "CAMLINFINE.BO", "underlyingSymbol": null, "shortName": "Camlin Fine Sciences Ltd", "longName": "Camlin Fine Sciences Limited", "currency": "INR", "quoteSourceName": "Delayed Quote", "currencySymbol": "\u20b9", "fromCurrency": null, "toCurrency": null, "lastMarket": null, "marketCap": 18682509312}, "balanceSheetHistory": {"balanceSheetStatements": [{"maxAge": 1, "endDate": "2020-03-31", "cash": 523667000, "shortTermInvestments": 15274000, "netReceivables": 2640699000, "inventory": 2981485000, "otherCurrentAssets": 516171000, "totalCurrentAssets": 6749558000, "longTermInvestments": 73582000, "propertyPlantEquipment": 4132041000, "goodWill": 444331000, "intangibleAssets": 169522000, "otherAssets": 771601000, "deferredLongTermAssetCharges": 406858000, "totalAssets": 12340635000, "accountsPayable": 1737157000, "shortLongTermDebt": 359834000, "otherCurrentLiab": 409452000, "longTermDebt": 2115127000, "otherLiab": 49467000, "deferredLongTermLiab": 79043000, "minorityInterest": 569684000, "totalCurrentLiabilities": 5478315000, "totalLiab": 7739583000, "commonStock": 121254000, "retainedEarnings": 1297357000, "treasuryStock": 466537000, "capitalSurplus": 2146220000, "otherStockholderEquity": 466537000, "totalStockholderEquity": 4031368000, "netTangibleAssets": 3417515000}, {"maxAge": 1, "endDate": "2019-03-31", "cash": 532136000, "shortTermInvestments": 420718000, "netReceivables": 2216772000, "inventory": 2854139000, "otherCurrentAssets": 601378000, "totalCurrentAssets": 6724764000, "longTermInvestments": 72761000, "propertyPlantEquipment": 2627905000, "goodWill": 444331000, "intangibleAssets": 177046000, "otherAssets": 821122000, "deferredLongTermAssetCharges": 412460000, "totalAssets": 10867929000, "accountsPayable": 1646141000, "shortLongTermDebt": 229135000, "otherCurrentLiab": 137407000, "longTermDebt": 1936344000, "otherLiab": 24872000, "deferredLongTermLiab": 44455000, "minorityInterest": 593991000, "totalCurrentLiabilities": 4603911000, "totalLiab": 6565127000, "commonStock": 121254000, "retainedEarnings": 922618000, "treasuryStock": 310166000, "capitalSurplus": 2146220000, "otherStockholderEquity": 310166000, "totalStockholderEquity": 3500258000, "netTangibleAssets": 2878881000}, {"maxAge": 1, "endDate": "2018-03-31", "cash": 384762000, "shortTermInvestments": 2079000, "netReceivables": 2148078000, "inventory": 2390190000, "otherCurrentAssets": 599040000, "totalCurrentAssets": 6655487000, "longTermInvestments": 73349000, "propertyPlantEquipment": 2194713000, "goodWill": 446286000, "intangibleAssets": 189947000, "otherAssets": 605200000, "deferredLongTermAssetCharges": 395816000, "totalAssets": 10164982000, "accountsPayable": 1777901000, "shortLongTermDebt": 157782000, "otherCurrentLiab": 148856000, "longTermDebt": 1102449000, "otherLiab": 19640000, "deferredLongTermLiab": 65485000, "minorityInterest": 622173000, "totalCurrentLiabilities": 4709093000, "totalLiab": 5831182000, "commonStock": 121230000, "retainedEarnings": 985774000, "treasuryStock": 251475000, "capitalSurplus": 2144595000, "otherStockholderEquity": 251475000, "totalStockholderEquity": 3503074000, "netTangibleAssets": 2866841000}, {"maxAge": 1, "endDate": "2017-03-31", "cash": 206532000, "netReceivables": 1508457000, "inventory": 1977954000, "otherCurrentAssets": 338705000, "totalCurrentAssets": 4193953000, "longTermInvestments": 71633000, "propertyPlantEquipment": 1592489000, "goodWill": 379171000, "intangibleAssets": 4397000, "otherAssets": 483552000, "deferredLongTermAssetCharges": 240970000, "totalAssets": 6725195000, "accountsPayable": 784025000, "shortLongTermDebt": 96432000, "otherCurrentLiab": 167192000, "longTermDebt": 513161000, "otherLiab": 52884000, "deferredLongTermLiab": 88298000, "minorityInterest": 176148000, "totalCurrentLiabilities": 3857178000, "totalLiab": 4423223000, "commonStock": 103710000, "retainedEarnings": 1271124000, "treasuryStock": 69832000, "capitalSurplus": 681158000, "otherStockholderEquity": 69832000, "totalStockholderEquity": 2125824000, "netTangibleAssets": 1742256000}], "maxAge": 86400}, "earningsTrend": {"trend": [{"maxAge": 1, "period": "0q", "endDate": "2018-12-31", "growth": {}, "earningsEstimate": {"avg": 0.0, "low": 0.0, "high": 0.0, "yearAgoEps": -1.16, "numberOfAnalysts": 0, "growth": {}}, "revenueEstimate": {"avg": 0, "low": 0, "high": 0, "numberOfAnalysts": 0, "yearAgoRevenue": {}, "growth": {}}, "epsTrend": {"current": 0.0, "7daysAgo": 0.0, "30daysAgo": 0.0, "60daysAgo": 0.0, "90daysAgo": 0.0}, "epsRevisions": {"upLast7days": 0, "upLast30days": 0, "downLast30days": 0, "downLast90days": {}}}, {"maxAge": 1, "period": "+1q", "endDate": "2019-03-31", "growth": {}, "earningsEstimate": {"avg": 0.0, "low": 0.0, "high": 0.0, "yearAgoEps": -0.66, "numberOfAnalysts": 0, "growth": {}}, "revenueEstimate": {"avg": 0, "low": 0, "high": 0, "numberOfAnalysts": 0, "yearAgoRevenue": {}, "growth": {}}, "epsTrend": {"current": 0.0, "7daysAgo": 0.0, "30daysAgo": 0.0, "60daysAgo": 0.0, "90daysAgo": 0.0}, "epsRevisions": {"upLast7days": 0, "upLast30days": 0, "downLast30days": 0, "downLast90days": {}}}, {"maxAge": 1, "period": "0y", "endDate": "2019-03-31", "growth": {}, "earningsEstimate": {"avg": 0.0, "low": 0.0, "high": 0.0, "yearAgoEps": {}, "numberOfAnalysts": 0, "growth": {}}, "revenueEstimate": {"avg": 8874500000, "low": 8561000000, "high": 9188000000, "numberOfAnalysts": 2, "yearAgoRevenue": 7206040000, "growth": 0.23200001}, "epsTrend": {"current": 0.0, "7daysAgo": 0.45, "30daysAgo": 0.45, "60daysAgo": 0.45, "90daysAgo": 0.45}, "epsRevisions": {"upLast7days": 0, "upLast30days": 0, "downLast30days": 0, "downLast90days": {}}}, {"maxAge": 1, "period": "+1y", "endDate": "2020-03-31", "growth": {}, "earningsEstimate": {"avg": 0.0, "low": 0.0, "high": 0.0, "yearAgoEps": {}, "numberOfAnalysts": 0, "growth": {}}, "revenueEstimate": {"avg": 12040000000, "low": 11898000000, "high": 12182000000, "numberOfAnalysts": 2, "yearAgoRevenue": 8874500000, "growth": 0.357}, "epsTrend": {"current": 0.0, "7daysAgo": 8.45, "30daysAgo": 8.45, "60daysAgo": 8.45, "90daysAgo": 8.45}, "epsRevisions": {"upLast7days": 0, "upLast30days": 0, "downLast30days": 0, "downLast90days": {}}}, {"maxAge": 1, "period": "+5y", "endDate": null, "growth": {}, "earningsEstimate": {"avg": {}, "low": {}, "high": {}, "yearAgoEps": {}, "numberOfAnalysts": {}, "growth": {}}, "revenueEstimate": {"avg": {}, "low": {}, "high": {}, "numberOfAnalysts": {}, "yearAgoRevenue": {}, "growth": {}}, "epsTrend": {"current": {}, "7daysAgo": {}, "30daysAgo": {}, "60daysAgo": {}, "90daysAgo": {}}, "epsRevisions": {"upLast7days": {}, "upLast30days": {}, "downLast30days": {}, "downLast90days": {}}}, {"maxAge": 1, "period": "-5y", "endDate": null, "growth": {}, "earningsEstimate": {"avg": {}, "low": {}, "high": {}, "yearAgoEps": {}, "numberOfAnalysts": {}, "growth": {}}, "revenueEstimate": {"avg": {}, "low": {}, "high": {}, "numberOfAnalysts": {}, "yearAgoRevenue": {}, "growth": {}}, "epsTrend": {"current": {}, "7daysAgo": {}, "30daysAgo": {}, "60daysAgo": {}, "90daysAgo": {}}, "epsRevisions": {"upLast7days": {}, "upLast30days": {}, "downLast30days": {}, "downLast90days": {}}}], "maxAge": 1}, "financialData": {"maxAge": 86400, "currentPrice": 154.0, "targetHighPrice": 160.0, "targetLowPrice": 110.0, "targetMeanPrice": 135.0, "targetMedianPrice": 135.0, "recommendationKey": "none", "numberOfAnalystOpinions": 2, "grossProfits": 4955124000, "financialCurrency": "INR"}}}