{"CAMS.NS": {"assetProfile": {"address1": "No.158, Rayala Towers", "address2": "Tower \u00e2\u0080\u0093 I Anna Salai", "city": "Chennai", "zip": "600002", "country": "India", "phone": "91 44 2843 2650", "website": "http://new.camsonline.com", "industry": "Capital Markets", "sector": "Financial Services", "longBusinessSummary": "Computer Age Management Services Pvt. Ltd., a mutual fund transfer agency, provides services for investors, distributors, asset management companies, and demat account holders in India. It offers investor services, such as myCAMS, an application for financial transactions; and SMSBack Service, a suite of services to access account via SMS, as well as direct plans and others. The company also provides common mutual fund transaction system, an integrated solution to access information relating to, and transact on schemes of various mutual funds; and FUNDSNet, a platform that allows channel intermediaries to use Internet and submit requests for transactions and to provide customer statements, including wrap statements. In addition, it offers Distributor Mailback Service that enables distributors to request historical NAVs, account statements, and transactions of their customers on an ad-hoc basis, as well as provides mail back systems to check sales performance by city, find individual distributor performance and ranking, investor queries, and others. Further, the company provides service network that enables same day transaction processing, including submit transactions, service request, make enquiries about balance, valuation, and ask for statement; NIGO transactions; and account information to verify current balance, obtain an account statement, review sales performance of fund or of a distributor, and transact on behalf of investors using eISC, a secure intranet based application. Additionally, it offers NAV and dividend history of various mutual fund schemes; and depository services, such as demat account opening, dematerialization, rematerialization, transaction statement and execution, pledge, and other demat related services for demat account holders. It serves customers through a network of service centers in India. The company was incorporated in 1988 and is based in Chennai, India.", "fullTimeEmployees": 6453, "companyOfficers": [{"maxAge": 1, "name": "Mr. Anuj  Kumar", "age": 53, "title": "Pres, CEO & Whole Time Director", "yearBorn": 1967, "exercisedValue": 0, "unexercisedValue": 0}, {"maxAge": 1, "name": "Mr. M.  Somasundaram", "age": 56, "title": "Chief Financial Officer", "yearBorn": 1964, "exercisedValue": 0, "unexercisedValue": 0}, {"maxAge": 1, "name": "Mr. Srikanth  Tanikella", "title": "Chief Operations Officer", "exercisedValue": 0, "unexercisedValue": 0}, {"maxAge": 1, "name": "Mr. S.  Sundaravadivelan", "title": "Sr. VP of Technology", "exercisedValue": 0, "unexercisedValue": 0}, {"maxAge": 1, "name": "Mr. S. V. Karthick Babu", "title": "Compliance Officer", "exercisedValue": 0, "unexercisedValue": 0}, {"maxAge": 1, "name": "Ms. Kamala  Radhakrishnan", "title": "Sr. VP of Bus. Devel. & Marketing", "exercisedValue": 0, "unexercisedValue": 0}, {"maxAge": 1, "name": "Ms. Jemima  Ravithilagan", "title": "VP and Head HR  & Infra & Facility Management", "exercisedValue": 0, "unexercisedValue": 0}, {"maxAge": 1, "name": "Mr. N. Ravi Kiran", "age": 45, "title": "Head of New Bus.es", "yearBorn": 1975, "exercisedValue": 0, "unexercisedValue": 0}, {"maxAge": 1, "name": "Mr. Vasanth Jeyapaul Emmanuel", "title": "Sr. VP", "exercisedValue": 0, "unexercisedValue": 0}, {"maxAge": 1, "name": "Mr. E. S. Varadarajan", "title": "Sr. VP of Operations", "exercisedValue": 0, "unexercisedValue": 0}], "maxAge": 86400}, "cashflowStatementHistory": {"cashflowStatements": [{"maxAge": 1, "endDate": "2020-03-31", "netIncome": 1734170000, "depreciation": 388770000, "changeToNetincome": -106780000, "changeToAccountReceivables": -49190000, "changeToLiabilities": -70000, "changeToOperatingActivities": -51680000, "totalCashFromOperatingActivities": 2011520000, "capitalExpenditures": -151460000, "investments": -565790000, "otherCashflowsFromInvestingActivities": 17880000, "totalCashflowsFromInvestingActivities": -838520000, "dividendsPaid": -593890000, "netBorrowings": -178700000, "otherCashflowsFromFinancingActivities": -216810000, "totalCashFromFinancingActivities": -989400000, "changeInCash": 183600000}, {"maxAge": 1, "endDate": "2019-03-31", "netIncome": 1304460000, "depreciation": 438380000, "changeToNetincome": -133380000, "changeToAccountReceivables": -45380000, "changeToLiabilities": 14130000, "changeToOperatingActivities": 224220000, "totalCashFromOperatingActivities": 1868010000, "capitalExpenditures": -350810000, "investments": 23990000, "otherCashflowsFromInvestingActivities": 12220000, "totalCashflowsFromInvestingActivities": -311920000, "dividendsPaid": -1095640000, "netBorrowings": -158640000, "otherCashflowsFromFinancingActivities": -327160000, "totalCashFromFinancingActivities": -1581440000, "changeInCash": -25340000}, {"maxAge": 1, "endDate": "2018-03-31", "netIncome": 1459480000, "depreciation": 361420000, "changeToNetincome": -195320000, "changeToAccountReceivables": -104300000, "changeToLiabilities": 54970000, "changeToOperatingActivities": 2240000, "totalCashFromOperatingActivities": 1619480000, "capitalExpenditures": -427520000, "investments": 184390000, "otherCashflowsFromInvestingActivities": 14820000, "totalCashflowsFromInvestingActivities": -189450000, "dividendsPaid": -1164310000, "netBorrowings": -143290000, "otherCashflowsFromFinancingActivities": -76090000, "totalCashFromFinancingActivities": -1383690000, "changeInCash": 46340000}, {"maxAge": 1, "endDate": "2017-03-31", "netIncome": 1234800000, "depreciation": 282020000, "changeToNetincome": -188340000, "changeToAccountReceivables": -18430000, "changeToLiabilities": 0, "changeToOperatingActivities": -11040000, "totalCashFromOperatingActivities": 1321180000, "capitalExpenditures": -1016460000, "investments": -225110000, "otherCashflowsFromInvestingActivities": 16640000, "totalCashflowsFromInvestingActivities": -1222080000, "dividendsPaid": -596830000, "netBorrowings": 679760000, "otherCashflowsFromFinancingActivities": -181790000, "totalCashFromFinancingActivities": -98860000, "changeInCash": 230000}], "maxAge": 86400}, "institutionOwnership": {"maxAge": 1, "ownershipList": []}, "majorHoldersBreakdown": {"maxAge": 1, "insidersPercentHeld": 0.45398998, "institutionsPercentHeld": 0.37862998, "institutionsFloatPercentHeld": 0.69345003, "institutionsCount": 42}, "balanceSheetHistoryQuarterly": {"balanceSheetStatements": [{"maxAge": 1, "endDate": "2020-12-31", "totalStockholderEquity": 4628475000, "netTangibleAssets": 3223878000}, {"maxAge": 1, "endDate": "2020-09-30", "cash": 1656206000, "shortTermInvestments": 2189305000, "netReceivables": 568363000, "otherCurrentAssets": 696745000, "totalCurrentAssets": 5110619000, "longTermInvestments": 7191000, "propertyPlantEquipment": 1332640000, "goodWill": 1335983000, "intangibleAssets": 68614000, "otherAssets": 195954000, "deferredLongTermAssetCharges": 78690000, "totalAssets": 8051001000, "accountsPayable": 519198000, "otherCurrentLiab": 496693000, "otherLiab": 749331000, "totalCurrentLiabilities": 2098988000, "totalLiab": 3422526000, "commonStock": 487868000, "treasuryStock": 4140607000, "otherStockholderEquity": 4140607000, "totalStockholderEquity": 4628475000, "netTangibleAssets": 3223878000}, {"maxAge": 1, "endDate": "2020-06-30", "cash": 29210000, "shortTermInvestments": 98500000, "netReceivables": 1084800000, "otherCurrentAssets": 892780000, "totalCurrentAssets": 5334710000, "longTermInvestments": 5510000, "propertyPlantEquipment": 1358890000, "goodWill": 1335980000, "intangibleAssets": 88920000, "otherAssets": 230520000, "deferredLongTermAssetCharges": 97340000, "totalAssets": 8354530000, "accountsPayable": 91790000, "otherCurrentLiab": 726300000, "otherLiab": 749670000, "totalCurrentLiabilities": 1677310000, "totalLiab": 3072560000, "commonStock": 487870000, "retainedEarnings": 4813560000, "treasuryStock": -44950000, "capitalSurplus": 25490000, "otherStockholderEquity": -44950000, "totalStockholderEquity": 5281970000, "netTangibleAssets": 3857070000}, {"maxAge": 1, "endDate": "2019-12-31"}], "maxAge": 86400}, "indexTrend": {"maxAge": 1, "symbol": "SP5", "peRatio": 19.7411, "pegRatio": 1.34172, "estimates": [{"period": "0q", "growth": 0.549}, {"period": "+1q", "growth": 0.431}, {"period": "0y", "growth": 0.305}, {"period": "+1y", "growth": 0.109}, {"period": "+5y", "growth": 0.120865}, {"period": "-5y"}]}, "defaultKeyStatistics": {"maxAge": 1, "priceHint": 2, "enterpriseValue": 110990442496, "profitMargins": 0.27896, "floatShares": 28276888, "sharesOutstanding": 48825500, "heldPercentInsiders": 0.45398998, "heldPercentInstitutions": 0.37862998, "category": null, "bookValue": 94.836, "priceToBook": 24.497555, "fundFamily": null, "legalType": null, "lastFiscalYearEnd": "2020-03-31 05:30:00", "nextFiscalYearEnd": "2022-03-31 05:30:00", "mostRecentQuarter": "2020-12-31 05:30:00", "earningsQuarterlyGrowth": 0.22, "netIncomeToCommon": 1898291968, "trailingEps": 38.844, "lastSplitFactor": null, "enterpriseToRevenue": 16.31, "enterpriseToEbitda": 36.817, "52WeekChange": 0.6578065, "SandP52WeekChange": 0.48148263, "lastDividendValue": 7.6, "lastDividendDate": 1613520000}, "summaryProfile": {"address1": "No.158, Rayala Towers", "address2": "Tower \u00e2\u0080\u0093 I Anna Salai", "city": "Chennai", "zip": "600002", "country": "India", "phone": "91 44 2843 2650", "website": "http://new.camsonline.com", "industry": "Capital Markets", "sector": "Financial Services", "longBusinessSummary": "Computer Age Management Services Pvt. Ltd., a mutual fund transfer agency, provides services for investors, distributors, asset management companies, and demat account holders in India. It offers investor services, such as myCAMS, an application for financial transactions; and SMSBack Service, a suite of services to access account via SMS, as well as direct plans and others. The company also provides common mutual fund transaction system, an integrated solution to access information relating to, and transact on schemes of various mutual funds; and FUNDSNet, a platform that allows channel intermediaries to use Internet and submit requests for transactions and to provide customer statements, including wrap statements. In addition, it offers Distributor Mailback Service that enables distributors to request historical NAVs, account statements, and transactions of their customers on an ad-hoc basis, as well as provides mail back systems to check sales performance by city, find individual distributor performance and ranking, investor queries, and others. Further, the company provides service network that enables same day transaction processing, including submit transactions, service request, make enquiries about balance, valuation, and ask for statement; NIGO transactions; and account information to verify current balance, obtain an account statement, review sales performance of fund or of a distributor, and transact on behalf of investors using eISC, a secure intranet based application. Additionally, it offers NAV and dividend history of various mutual fund schemes; and depository services, such as demat account opening, dematerialization, rematerialization, transaction statement and execution, pledge, and other demat related services for demat account holders. It serves customers through a network of service centers in India. The company was incorporated in 1988 and is based in Chennai, India.", "fullTimeEmployees": 6453, "companyOfficers": [], "maxAge": 86400}, "netSharePurchaseActivity": {"maxAge": 1, "period": "6m", "buyInfoCount": 0, "buyInfoShares": 0, "sellInfoCount": 0, "netInfoCount": 0, "netInfoShares": 0, "netPercentInsiderShares": 0.0, "totalInsiderShares": 22156792}, "insiderTransactions": {"transactions": [{"maxAge": 1, "shares": 985, "value": 19524, "filerUrl": "", "transactionText": "Acquisition at price 19.82 per share.", "filerName": "Rangan (V Srinivasa)", "filerRelation": "Director", "moneyText": "", "startDate": "2020-12-04", "ownership": "D"}, {"maxAge": 1, "shares": 3015, "value": 59225, "filerUrl": "", "transactionText": "Acquisition at price 19.64 per share.", "filerName": "Rangan (V Srinivasa)", "filerRelation": "Director", "moneyText": "", "startDate": "2020-12-03", "ownership": "D"}, {"maxAge": 1, "shares": 1000, "value": 19813, "filerUrl": "", "transactionText": "Acquisition at price 19.81 per share.", "filerName": "Rangan (V Srinivasa)", "filerRelation": "Director", "moneyText": "", "startDate": "2020-12-02", "ownership": "D"}], "maxAge": 1}, "quoteType": {"exchange": "NSI", "quoteType": "EQUITY", "symbol": "CAMS.NS", "underlyingSymbol": "CAMS.NS", "shortName": "Computer Age Mngt Ser Ltd", "longName": "Computer Age Management Services Limited", "firstTradeDateEpochUtc": "2020-10-05 09:15:00", "timeZoneFullName": "Asia/Kolkata", "timeZoneShortName": "IST", "uuid": "7158f0cc-66ef-3e36-a48d-103f8af6a379", "messageBoardId": "finmb_25284082", "gmtOffSetMilliseconds": 19800000, "maxAge": 1}, "incomeStatementHistory": {"incomeStatementHistory": [{"maxAge": 1, "endDate": "2020-03-31", "totalRevenue": 6996300000, "costOfRevenue": 2728220000, "grossProfit": 4268080000, "researchDevelopment": {}, "sellingGeneralAdministrative": 890820000, "nonRecurring": {}, "otherOperatingExpenses": 504500000, "totalOperatingExpenses": 4608610000, "operatingIncome": 2387690000, "totalOtherIncomeExpenseNet": 120080000, "ebit": 2387690000, "interestExpense": -97040000, "incomeBeforeTax": 2507770000, "incomeTaxExpense": 773210000, "minorityInterest": {}, "netIncomeFromContinuingOps": 1734560000, "discontinuedOperations": {}, "extraordinaryItems": {}, "effectOfAccountingCharges": {}, "otherItems": {}, "netIncome": 1734170000, "netIncomeApplicableToCommonShares": 1734170000}, {"maxAge": 1, "endDate": "2019-03-31", "totalRevenue": 6936440000, "costOfRevenue": 2688120000, "grossProfit": 4248320000, "researchDevelopment": {}, "sellingGeneralAdministrative": 1061860000, "nonRecurring": {}, "otherOperatingExpenses": 554160000, "totalOperatingExpenses": 4808100000, "operatingIncome": 2128340000, "totalOtherIncomeExpenseNet": -119610000, "ebit": 2128340000, "interestExpense": -104730000, "incomeBeforeTax": 2008730000, "incomeTaxExpense": 699780000, "minorityInterest": 81500000, "netIncomeFromContinuingOps": 1308950000, "discontinuedOperations": {}, "extraordinaryItems": {}, "effectOfAccountingCharges": {}, "otherItems": {}, "netIncome": 1304460000, "netIncomeApplicableToCommonShares": 1304460000}, {"maxAge": 1, "endDate": "2018-03-31", "totalRevenue": 6415360000, "costOfRevenue": 2369130000, "grossProfit": 4046230000, "researchDevelopment": {}, "sellingGeneralAdministrative": 964920000, "nonRecurring": {}, "otherOperatingExpenses": 497020000, "totalOperatingExpenses": 4233480000, "operatingIncome": 2181880000, "totalOtherIncomeExpenseNet": 83940000, "ebit": 2181880000, "interestExpense": -78900000, "incomeBeforeTax": 2265820000, "incomeTaxExpense": 802770000, "minorityInterest": 76850000, "netIncomeFromContinuingOps": 1463050000, "discontinuedOperations": {}, "extraordinaryItems": {}, "effectOfAccountingCharges": {}, "otherItems": {}, "netIncome": 1459480000, "netIncomeApplicableToCommonShares": 1459480000}, {"maxAge": 1, "endDate": "2017-03-31", "totalRevenue": 4783090000, "costOfRevenue": 1721250000, "grossProfit": 3061840000, "researchDevelopment": {}, "sellingGeneralAdministrative": 638910000, "nonRecurring": {}, "otherOperatingExpenses": 408460000, "totalOperatingExpenses": 3074150000, "operatingIncome": 1708940000, "totalOtherIncomeExpenseNet": 183000000, "ebit": 1708940000, "interestExpense": -60310000, "incomeBeforeTax": 1891940000, "incomeTaxExpense": 649770000, "minorityInterest": 81500000, "netIncomeFromContinuingOps": 1242170000, "discontinuedOperations": {}, "extraordinaryItems": {}, "effectOfAccountingCharges": {}, "otherItems": {}, "netIncome": 1234800000, "netIncomeApplicableToCommonShares": 1234800000}], "maxAge": 86400}, "fundOwnership": {"maxAge": 1, "ownershipList": []}, "summaryDetail": {"maxAge": 1, "priceHint": 2, "previousClose": 2368.05, "open": 2362.0, "dayLow": 2113.95, "dayHigh": 2362.0, "regularMarketPreviousClose": 2368.05, "regularMarketOpen": 2362.0, "regularMarketDayLow": 2113.95, "regularMarketDayHigh": 2362.0, "dividendRate": 14.35, "dividendYield": 0.0061000003, "exDividendDate": "2021-02-17 05:30:00", "payoutRatio": 0.1735, "trailingPE": 59.80975, "volume": 98862, "regularMarketVolume": 98862, "averageVolume": 145822, "averageVolume10days": 185405, "averageDailyVolume10Day": 185405, "bid": 0.0, "ask": 0.0, "marketCap": 113347649536, "fiftyTwoWeekLow": 1260.0, "fiftyTwoWeekHigh": 2429.3, "priceToSalesTrailing12Months": 16.656807, "fiftyDayAverage": 1944.5157, "twoHundredDayAverage": 1697.659, "trailingAnnualDividendRate": 15.93, "trailingAnnualDividendYield": 0.006727054, "currency": "INR", "fromCurrency": null, "toCurrency": null, "lastMarket": null, "algorithm": null, "tradeable": false}, "incomeStatementHistoryQuarterly": {"incomeStatementHistory": [{"maxAge": 1, "endDate": "2020-12-31", "totalRevenue": 1859534000, "costOfRevenue": 643289000, "grossProfit": 1216245000, "researchDevelopment": {}, "sellingGeneralAdministrative": 230323000, "nonRecurring": {}, "otherOperatingExpenses": 166724000, "totalOperatingExpenses": 1147919000, "operatingIncome": 711615000, "totalOtherIncomeExpenseNet": 44316000, "ebit": 711615000, "interestExpense": -19694000, "incomeBeforeTax": 755931000, "incomeTaxExpense": 191750000, "minorityInterest": {}, "netIncomeFromContinuingOps": 564181000, "discontinuedOperations": {}, "extraordinaryItems": {}, "effectOfAccountingCharges": {}, "otherItems": {}, "netIncome": 564181000, "netIncomeApplicableToCommonShares": 564181000}, {"maxAge": 1, "endDate": "2020-09-30", "totalRevenue": 1711443000, "costOfRevenue": 624084000, "grossProfit": 1087359000, "researchDevelopment": {}, "sellingGeneralAdministrative": 191744000, "nonRecurring": {}, "otherOperatingExpenses": 157206000, "totalOperatingExpenses": 1081028000, "operatingIncome": 630415000, "totalOtherIncomeExpenseNet": 30571000, "ebit": 630415000, "interestExpense": -20121000, "incomeBeforeTax": 660986000, "incomeTaxExpense": 171472000, "minorityInterest": {}, "netIncomeFromContinuingOps": 489514000, "discontinuedOperations": {}, "extraordinaryItems": {}, "effectOfAccountingCharges": {}, "otherItems": {}, "netIncome": 489514000, "netIncomeApplicableToCommonShares": 489514000}, {"maxAge": 1, "endDate": "2020-06-30", "totalRevenue": 1486250000, "costOfRevenue": 675700000, "grossProfit": 810550000, "researchDevelopment": {}, "sellingGeneralAdministrative": 171450000, "nonRecurring": {}, "otherOperatingExpenses": 124640000, "totalOperatingExpenses": 1078440000, "operatingIncome": 407810000, "totalOtherIncomeExpenseNet": 124930000, "ebit": 407810000, "interestExpense": -23430000, "incomeBeforeTax": 532740000, "incomeTaxExpense": 124490000, "minorityInterest": {}, "netIncomeFromContinuingOps": 408250000, "discontinuedOperations": {}, "extraordinaryItems": {}, "effectOfAccountingCharges": {}, "otherItems": {}, "netIncome": 408250000, "netIncomeApplicableToCommonShares": 408250000}, {"maxAge": 1, "endDate": "2019-12-31", "totalRevenue": 1760324000, "costOfRevenue": 645840000, "grossProfit": 1114484000, "researchDevelopment": {}, "sellingGeneralAdministrative": 235371000, "nonRecurring": {}, "otherOperatingExpenses": 182005000, "totalOperatingExpenses": 1192041000, "operatingIncome": 568283000, "totalOtherIncomeExpenseNet": 41740000, "ebit": 568283000, "interestExpense": -25522000, "incomeBeforeTax": 610023000, "incomeTaxExpense": 147677000, "minorityInterest": {}, "netIncomeFromContinuingOps": 462346000, "discontinuedOperations": {}, "extraordinaryItems": {}, "effectOfAccountingCharges": {}, "otherItems": {}, "netIncome": 462346000, "netIncomeApplicableToCommonShares": 462346000}], "maxAge": 86400}, "cashflowStatementHistoryQuarterly": {"cashflowStatements": [{"maxAge": 1, "endDate": "2020-12-31", "netIncome": 564181000, "changeToLiabilities": 0}, {"maxAge": 1, "endDate": "2020-09-30", "netIncome": 489514000, "depreciation": 135815000, "changeToNetincome": 5111000, "changeToAccountReceivables": 20244000, "changeToLiabilities": 83367000, "changeToOperatingActivities": 24791000, "totalCashFromOperatingActivities": 726652000, "capitalExpenditures": -13169000, "investments": 1119343000, "otherCashflowsFromInvestingActivities": -439715000, "totalCashflowsFromInvestingActivities": 666523000, "dividendsPaid": -1248943000, "netBorrowings": -15208000, "otherCashflowsFromFinancingActivities": -20148000, "totalCashFromFinancingActivities": -1284295000, "changeInCash": 108880000, "issuanceOfStock": 4000}, {"maxAge": 1, "endDate": "2020-06-30", "netIncome": 408250000, "depreciation": 84760000, "changeToNetincome": -68650000, "changeToAccountReceivables": -129880000, "changeToLiabilities": 76030000, "changeToOperatingActivities": -2750000, "totalCashFromOperatingActivities": 389650000, "capitalExpenditures": -14240000, "investments": 20110000, "otherCashflowsFromInvestingActivities": 5410000, "totalCashflowsFromInvestingActivities": 11280000, "dividendsPaid": -543760000, "netBorrowings": -53800000, "otherCashflowsFromFinancingActivities": -22850000, "totalCashFromFinancingActivities": -603940000, "changeInCash": -203010000, "issuanceOfStock": 16470000}, {"maxAge": 1, "endDate": "2019-12-31", "netIncome": 462346000, "depreciation": 84760000, "changeToNetincome": -68650000, "changeToAccountReceivables": -129880000, "changeToLiabilities": 0, "changeToOperatingActivities": -2750000, "totalCashFromOperatingActivities": 389650000, "capitalExpenditures": -14240000, "investments": 20110000, "otherCashflowsFromInvestingActivities": 5410000, "totalCashflowsFromInvestingActivities": 11280000, "dividendsPaid": -543760000, "netBorrowings": -53800000, "otherCashflowsFromFinancingActivities": -22850000, "totalCashFromFinancingActivities": -603940000, "changeInCash": -203010000, "issuanceOfStock": 16470000}], "maxAge": 86400}, "insiderHolders": {"holders": [{"maxAge": 1, "name": "Rangan (V Srinivasa)", "relation": "Director", "url": "", "transactionDescription": "Acquisition", "latestTransDate": "2020-12-04", "positionDirect": 6085, "positionDirectDate": "2020-12-04"}], "maxAge": 1}, "calendarEvents": {"maxAge": 1, "earnings": {"earningsDate": []}, "exDividendDate": "2021-02-17 05:30:00"}, "price": {"maxAge": 1, "regularMarketChangePercent": -0.01891854, "regularMarketChange": -44.80005, "regularMarketTime": "2021-04-30 15:29:59", "priceHint": 2, "regularMarketPrice": 2323.25, "regularMarketDayHigh": 2362.0, "regularMarketDayLow": 2113.95, "regularMarketVolume": 98862, "averageDailyVolume10Day": 185405, "averageDailyVolume3Month": 145822, "regularMarketPreviousClose": 2368.05, "regularMarketSource": "FREE_REALTIME", "regularMarketOpen": 2362.0, "exchange": "NSI", "exchangeName": "NSE", "exchangeDataDelayedBy": 15, "marketState": "CLOSED", "quoteType": "EQUITY", "symbol": "CAMS.NS", "underlyingSymbol": null, "shortName": "Computer Age Mngt Ser Ltd", "longName": "Computer Age Management Services Limited", "currency": "INR", "quoteSourceName": "Delayed Quote", "currencySymbol": "\u20b9", "fromCurrency": null, "toCurrency": null, "lastMarket": null, "marketCap": 113347649536}, "balanceSheetHistory": {"balanceSheetStatements": [{"maxAge": 1, "endDate": "2020-03-31", "cash": 506590000, "shortTermInvestments": 730000, "netReceivables": 1054350000, "otherCurrentAssets": 135140000, "totalCurrentAssets": 4826020000, "longTermInvestments": 5330000, "propertyPlantEquipment": 1538220000, "goodWill": 1335980000, "intangibleAssets": 110800000, "otherAssets": 208990000, "deferredLongTermAssetCharges": 83280000, "totalAssets": 8025340000, "accountsPayable": 125760000, "otherCurrentLiab": 184230000, "otherLiab": 735020000, "totalCurrentLiabilities": 1120130000, "totalLiab": 2627220000, "commonStock": 487600000, "retainedEarnings": 4949070000, "treasuryStock": -38550000, "otherStockholderEquity": -38550000, "totalStockholderEquity": 5398120000, "netTangibleAssets": 3951340000}, {"maxAge": 1, "endDate": "2019-03-31", "cash": 435030000, "netReceivables": 855210000, "otherCurrentAssets": 130600000, "totalCurrentAssets": 3805500000, "longTermInvestments": 20410000, "propertyPlantEquipment": 1681990000, "goodWill": 1335980000, "intangibleAssets": 182340000, "otherAssets": 337020000, "deferredLongTermAssetCharges": 202280000, "totalAssets": 7363240000, "accountsPayable": 160700000, "otherCurrentLiab": 312380000, "otherLiab": 711490000, "minorityInterest": 81500000, "totalCurrentLiabilities": 1317780000, "totalLiab": 2868890000, "commonStock": 487600000, "retainedEarnings": 3989860000, "treasuryStock": -64610000, "otherStockholderEquity": -64610000, "totalStockholderEquity": 4412850000, "netTangibleAssets": 2894530000}, {"maxAge": 1, "endDate": "2018-03-31", "cash": 276550000, "netReceivables": 808020000, "otherCurrentAssets": 118340000, "totalCurrentAssets": 3390860000, "longTermInvestments": 32560000, "propertyPlantEquipment": 1769640000, "goodWill": 1335980000, "intangibleAssets": 129790000, "otherAssets": 319650000, "deferredLongTermAssetCharges": 137790000, "totalAssets": 6978480000, "accountsPayable": 142360000, "otherCurrentLiab": 122620000, "otherLiab": 566490000, "minorityInterest": 76850000, "totalCurrentLiabilities": 1034390000, "totalLiab": 2466400000, "commonStock": 487600000, "retainedEarnings": 4006250000, "treasuryStock": -58620000, "otherStockholderEquity": -58620000, "totalStockholderEquity": 4435230000, "netTangibleAssets": 2969460000}, {"maxAge": 1, "endDate": "2017-03-31", "cash": 152580000, "netReceivables": 588880000, "otherCurrentAssets": 36410000, "totalCurrentAssets": 3006060000, "longTermInvestments": 20590000, "propertyPlantEquipment": 1242820000, "goodWill": 1335990000, "intangibleAssets": 47250000, "otherAssets": 195780000, "deferredLongTermAssetCharges": 89840000, "totalAssets": 5848490000, "accountsPayable": 155320000, "otherCurrentLiab": 111260000, "otherLiab": 440220000, "minorityInterest": 81500000, "totalCurrentLiabilities": 520310000, "totalLiab": 1640290000, "commonStock": 487600000, "retainedEarnings": 3702890000, "treasuryStock": -63790000, "otherStockholderEquity": -63790000, "totalStockholderEquity": 4126700000, "netTangibleAssets": 2743460000}], "maxAge": 86400}, "financialData": {"maxAge": 86400, "currentPrice": 2323.25, "recommendationKey": "none", "totalCash": 3845510912, "totalCashPerShare": 78.794, "ebitda": 3014633984, "totalDebt": 1450701952, "totalRevenue": 6804884992, "debtToEquity": 31.343, "revenuePerShare": 139.501, "grossProfits": 4268080000, "earningsGrowth": 0.214, "revenueGrowth": 0.056, "grossMargins": 0.60314, "ebitdaMargins": 0.44300997, "operatingMargins": 0.35834998, "profitMargins": 0.27896, "financialCurrency": "INR"}}}