{"CANBK.BO": {"recommendationTrend": {"trend": [{"period": "0m", "strongBuy": 0, "buy": 0, "hold": 0, "sell": 0, "strongSell": 0}, {"period": "-1m", "strongBuy": 0, "buy": 0, "hold": 0, "sell": 0, "strongSell": 0}, {"period": "-2m", "strongBuy": 0, "buy": 0, "hold": 0, "sell": 0, "strongSell": 0}, {"period": "-3m", "strongBuy": 0, "buy": 0, "hold": 0, "sell": 0, "strongSell": 0}], "maxAge": 86400}, "cashflowStatementHistory": {"cashflowStatements": [{"maxAge": 1, "endDate": "2020-03-31", "netIncome": -19864316000, "depreciation": 4459100000, "changeToNetincome": 100504516000, "changeToLiabilities": 0, "changeToOperatingActivities": -400836600000, "totalCashFromOperatingActivities": -315737300000, "capitalExpenditures": -3378200000, "otherCashflowsFromInvestingActivities": 1977200000, "totalCashflowsFromInvestingActivities": -4115300000, "netBorrowings": 24000000000, "otherCashflowsFromFinancingActivities": 251688600000, "totalCashFromFinancingActivities": 340775700000, "effectOfExchangeRate": -337300000, "changeInCash": 20585800000, "issuanceOfStock": 65087100000}, {"maxAge": 1, "endDate": "2019-03-31", "netIncome": 6018528000, "depreciation": 4288300000, "changeToNetincome": 94939972000, "changeToLiabilities": 0, "changeToOperatingActivities": -665640000000, "totalCashFromOperatingActivities": -560393200000, "capitalExpenditures": -6057200000, "otherCashflowsFromInvestingActivities": 464600000, "totalCashflowsFromInvestingActivities": -7304000000, "netBorrowings": -5653000000, "otherCashflowsFromFinancingActivities": 730994600000, "totalCashFromFinancingActivities": 730914500000, "effectOfExchangeRate": -150900000, "changeInCash": 163066400000, "issuanceOfStock": 5572900000}, {"maxAge": 1, "endDate": "2018-03-31", "netIncome": -39513951000, "depreciation": 4563300000, "changeToNetincome": 116642051000, "changeToLiabilities": 0, "changeToOperatingActivities": -488699700000, "totalCashFromOperatingActivities": -407008300000, "capitalExpenditures": -4595800000, "otherCashflowsFromInvestingActivities": 816200000, "totalCashflowsFromInvestingActivities": -5529400000, "dividendsPaid": -684400000, "netBorrowings": -7000000000, "otherCashflowsFromFinancingActivities": 283489500000, "totalCashFromFinancingActivities": 324455100000, "effectOfExchangeRate": 654800000, "changeInCash": -87427800000, "issuanceOfStock": 48650000000}, {"maxAge": 1, "endDate": "2017-03-31", "netIncome": 13582752000, "depreciation": 3311900000, "changeToNetincome": 45564248000, "changeToLiabilities": 0, "changeToOperatingActivities": -191879300000, "totalCashFromOperatingActivities": -129420400000, "capitalExpenditures": -3806100000, "otherCashflowsFromInvestingActivities": -604600000, "totalCashflowsFromInvestingActivities": -4012600000, "dividendsPaid": -684400000, "netBorrowings": 3686400000, "otherCashflowsFromFinancingActivities": 141488800000, "totalCashFromFinancingActivities": 156415100000, "effectOfExchangeRate": -745700000, "changeInCash": 22236300000, "issuanceOfStock": 11239900000}], "maxAge": 86400}, "institutionOwnership": {"maxAge": 1, "ownershipList": []}, "balanceSheetHistoryQuarterly": {"balanceSheetStatements": [{"maxAge": 1, "endDate": "2020-03-31", "cash": 506180271000, "inventory": 1093037000, "otherCurrentAssets": 365345121000, "totalCurrentAssets": 872618429000, "longTermInvestments": 1926453716000, "propertyPlantEquipment": 83233502000, "otherAssets": 4532097055000, "deferredLongTermAssetCharges": 38522720000, "totalAssets": 7414402702000, "accountsPayable": 6254083160000, "otherCurrentLiab": 11200136000, "longTermDebt": 427617671000, "otherLiab": 281458665000, "minorityInterest": 7301030000, "totalCurrentLiabilities": 6285965819000, "totalLiab": 6995042155000, "commonStock": 10302334000, "retainedEarnings": 122853529000, "treasuryStock": 95229684000, "capitalSurplus": 183673970000, "otherStockholderEquity": 95229684000, "totalStockholderEquity": 412059517000, "netTangibleAssets": 412059517000}, {"maxAge": 1, "endDate": "2019-12-31", "totalStockholderEquity": 453467200000, "netTangibleAssets": 453467200000}, {"maxAge": 1, "endDate": "2019-09-30", "cash": 710142700000, "totalCurrentAssets": 710142700000, "longTermInvestments": 1780365900000, "propertyPlantEquipment": 83183300000, "otherAssets": 4678370400000, "totalAssets": 7252062300000, "accountsPayable": 6095343800000, "longTermDebt": 356244300000, "otherLiab": 339996300000, "minorityInterest": 7010700000, "totalCurrentLiabilities": 6095343800000, "totalLiab": 6791584400000, "commonStock": 7532400000, "treasuryStock": 445934800000, "otherStockholderEquity": 445934800000, "totalStockholderEquity": 453467200000, "netTangibleAssets": 453467200000}, {"maxAge": 1, "endDate": "2019-06-30", "cash": 305690100000, "netReceivables": 407647100000, "totalCurrentAssets": 713337200000, "longTermInvestments": 1700895300000, "propertyPlantEquipment": 83661900000, "otherAssets": 4675806200000, "totalAssets": 7173700600000, "accountsPayable": 6108502600000, "longTermDebt": 386626300000, "otherLiab": 293096800000, "minorityInterest": 6818800000, "totalCurrentLiabilities": 6108502600000, "totalLiab": 6788225700000, "commonStock": 7532400000, "treasuryStock": 371123700000, "otherStockholderEquity": 371123700000, "totalStockholderEquity": 378656100000, "netTangibleAssets": 378656100000}], "maxAge": 86400}, "earningsHistory": {"history": [{"maxAge": 1, "epsActual": 2.11, "epsEstimate": -0.4, "epsDifference": 2.51, "surprisePercent": 6.275, "quarter": "2017-12-31", "period": "-4q"}, {"maxAge": 1, "epsActual": -80.35, "epsEstimate": -10.55, "epsDifference": -69.8, "surprisePercent": -6.6159997, "quarter": "2018-03-31", "period": "-3q"}, {"maxAge": 1, "epsActual": 3.84, "epsEstimate": -14.74, "epsDifference": 18.58, "surprisePercent": 1.261, "quarter": "2018-06-30", "period": "-2q"}, {"maxAge": 1, "epsActual": 4.08, "epsEstimate": -5.65, "epsDifference": 9.73, "surprisePercent": 1.722, "quarter": "2018-09-30", "period": "-1q"}], "maxAge": 86400}, "indexTrend": {"maxAge": 1, "symbol": "SP5", "peRatio": 19.7411, "pegRatio": 1.34172, "estimates": [{"period": "0q", "growth": 0.549}, {"period": "+1q", "growth": 0.431}, {"period": "0y", "growth": 0.305}, {"period": "+1y", "growth": 0.109}, {"period": "+5y", "growth": 0.120865}, {"period": "-5y"}]}, "industryTrend": {"maxAge": 1, "symbol": null, "estimates": []}, "insiderTransactions": {"transactions": [{"maxAge": 1, "shares": 332776327, "filerUrl": "", "transactionText": "", "filerName": "President of India", "filerRelation": "Promoter", "moneyText": "", "startDate": "2020-04-01", "ownership": "D"}, {"maxAge": 1, "shares": 448942297, "filerUrl": "", "transactionText": "", "filerName": "President of India", "filerRelation": "Promoter", "moneyText": "", "startDate": "2019-12-04", "ownership": "D"}], "maxAge": 1}, "quoteType": {"exchange": "BSE", "quoteType": "EQUITY", "symbol": "CANBK.BO", "underlyingSymbol": "CANBK.BO", "shortName": "CANARA BANK", "longName": "Canara Bank", "firstTradeDateEpochUtc": "2002-12-23 09:15:00", "timeZoneFullName": "Asia/Kolkata", "timeZoneShortName": "IST", "uuid": "835a6e7f-91db-3208-8ade-dad297fa1189", "messageBoardId": null, "gmtOffSetMilliseconds": 19800000, "maxAge": 1}, "incomeStatementHistory": {"incomeStatementHistory": [{"maxAge": 1, "endDate": "2020-03-31", "totalRevenue": 145534615000, "costOfRevenue": 0, "grossProfit": 145534615000, "researchDevelopment": {}, "sellingGeneralAdministrative": 100304013000, "nonRecurring": {}, "otherOperatingExpenses": 60365641000, "totalOperatingExpenses": 160669654000, "operatingIncome": -15135039000, "totalOtherIncomeExpenseNet": 1014970000, "ebit": 0, "interestExpense": {}, "incomeBeforeTax": -14120069000, "incomeTaxExpense": 5090000000, "minorityInterest": 7301030000, "netIncomeFromContinuingOps": -19210069000, "discontinuedOperations": {}, "extraordinaryItems": {}, "effectOfAccountingCharges": {}, "otherItems": {}, "netIncome": -19864316000, "netIncomeApplicableToCommonShares": -19864316000}, {"maxAge": 1, "endDate": "2019-03-31", "totalRevenue": 124544852000, "costOfRevenue": 0, "grossProfit": 124544852000, "researchDevelopment": {}, "sellingGeneralAdministrative": 85581595000, "nonRecurring": {}, "otherOperatingExpenses": 60077259000, "totalOperatingExpenses": 145658854000, "operatingIncome": -21114002000, "totalOtherIncomeExpenseNet": 1489079000, "ebit": 0, "interestExpense": {}, "incomeBeforeTax": -19624923000, "incomeTaxExpense": -26585500000, "minorityInterest": 6678733000, "netIncomeFromContinuingOps": 6960577000, "discontinuedOperations": {}, "extraordinaryItems": {}, "effectOfAccountingCharges": {}, "otherItems": {}, "netIncome": 6018528000, "netIncomeApplicableToCommonShares": 6018528000}, {"maxAge": 1, "endDate": "2018-03-31", "totalRevenue": 34298667000, "costOfRevenue": 0, "grossProfit": 34298667000, "researchDevelopment": {}, "sellingGeneralAdministrative": 81580726000, "nonRecurring": {}, "otherOperatingExpenses": 16797353000, "totalOperatingExpenses": 98378079000, "operatingIncome": -64079412000, "totalOtherIncomeExpenseNet": 2147784000, "ebit": 0, "interestExpense": {}, "incomeBeforeTax": -61931628000, "incomeTaxExpense": -23206200000, "minorityInterest": 5217994000, "netIncomeFromContinuingOps": -38725428000, "discontinuedOperations": {}, "extraordinaryItems": {}, "effectOfAccountingCharges": {}, "otherItems": {}, "netIncome": -39513951000, "netIncomeApplicableToCommonShares": -39513951000}, {"maxAge": 1, "endDate": "2017-03-31", "totalRevenue": 103584704000, "costOfRevenue": 0, "grossProfit": 103584704000, "researchDevelopment": {}, "sellingGeneralAdministrative": 70909613000, "nonRecurring": {}, "otherOperatingExpenses": 15212301000, "totalOperatingExpenses": 86121914000, "operatingIncome": 17462790000, "totalOtherIncomeExpenseNet": 1771929000, "ebit": 0, "interestExpense": {}, "incomeBeforeTax": 19234719000, "incomeTaxExpense": 5126700000, "minorityInterest": 4980724000, "netIncomeFromContinuingOps": 14108019000, "discontinuedOperations": {}, "extraordinaryItems": {}, "effectOfAccountingCharges": {}, "otherItems": {}, "netIncome": 13582752000, "netIncomeApplicableToCommonShares": 13582752000}], "maxAge": 86400}, "fundOwnership": {"maxAge": 1, "ownershipList": [{"maxAge": 1, "reportDate": "2020-07-31", "organization": "Vanguard International Stock Index-Total Intl Stock Indx", "pctHeld": 0.0038, "position": 5512462, "value": 561168631}, {"maxAge": 1, "reportDate": "2020-07-31", "organization": "Vanguard International Stock Index-Emerging Markets Stk", "pctHeld": 0.0028, "position": 4053873, "value": 412684271}, {"maxAge": 1, "reportDate": "2020-07-31", "organization": "DFA Emerging Markets Core Equity Portfolio", "pctHeld": 0.0016, "position": 2348497, "value": 239076994}, {"maxAge": 1, "reportDate": "2020-06-30", "organization": "Pacific Select Fund-International Value Portfolio", "pctHeld": 0.0011999999, "position": 1752845, "value": 176336207}, {"maxAge": 1, "reportDate": "2020-07-31", "organization": "Hartford International Value Fund", "pctHeld": 0.0011, "position": 1650836, "value": 168055104}, {"maxAge": 1, "reportDate": "2020-07-31", "organization": "DFA Investment Dimensions-DFA Emerging Mkts Value", "pctHeld": 0.001, "position": 1449186, "value": 147527134}, {"maxAge": 1, "reportDate": "2020-07-31", "organization": "DFA Emerging Markets Small Cap Series", "pctHeld": 0.00090000004, "position": 1368410, "value": 139304138}, {"maxAge": 1, "reportDate": "2020-05-31", "organization": "USAA Mutual Fd Tr-International Fd", "pctHeld": 0.00059999997, "position": 804408, "value": 67369170}, {"maxAge": 1, "reportDate": "2020-06-30", "organization": "PIMCO Equity Series-PIMCO RAE Emerging Markets Fd", "pctHeld": 0.0005, "position": 790813, "value": 79555787}, {"maxAge": 1, "reportDate": "2020-07-31", "organization": "Russell Inv Co-International Developed Markets Fund", "pctHeld": 0.0005, "position": 695582, "value": 70810247}]}, "summaryDetail": {"maxAge": 1, "priceHint": 2, "previousClose": 139.45, "open": 137.1, "dayLow": 136.75, "dayHigh": 143.9, "regularMarketPreviousClose": 139.45, "regularMarketOpen": 137.1, "regularMarketDayLow": 136.75, "regularMarketDayHigh": 143.9, "forwardPE": 3.8208587, "volume": 950812, "regularMarketVolume": 950812, "averageVolume": 2156370, "averageVolume10days": 1755691, "averageDailyVolume10Day": 1755691, "bid": 138.1, "ask": 138.5, "bidSize": 0, "askSize": 0, "marketCap": 201818488832, "fiftyTwoWeekLow": 73.85, "fiftyTwoWeekHigh": 174.4, "fiftyDayAverage": 145.54857, "twoHundredDayAverage": 112.68978, "trailingAnnualDividendRate": 1.0, "trailingAnnualDividendYield": 0.007171029, "currency": "INR", "fromCurrency": null, "toCurrency": null, "lastMarket": null, "algorithm": null, "tradeable": false}, "sectorTrend": {"maxAge": 1, "symbol": null, "estimates": []}, "incomeStatementHistoryQuarterly": {"incomeStatementHistory": [{"maxAge": 1, "endDate": "2020-03-31", "totalRevenue": 11949415000, "costOfRevenue": 0, "grossProfit": 11949415000, "researchDevelopment": {}, "sellingGeneralAdministrative": 50930713000, "nonRecurring": {}, "otherOperatingExpenses": -6351859000, "totalOperatingExpenses": 44578854000, "operatingIncome": -32629439000, "totalOtherIncomeExpenseNet": 17170000, "ebit": 0, "interestExpense": {}, "incomeBeforeTax": -32612269000, "incomeTaxExpense": -546400000, "minorityInterest": 7301030000, "netIncomeFromContinuingOps": -32065869000, "discontinuedOperations": {}, "extraordinaryItems": {}, "effectOfAccountingCharges": {}, "otherItems": {}, "netIncome": -32099816000, "netIncomeApplicableToCommonShares": -32099816000}, {"maxAge": 1, "endDate": "2019-12-31", "totalRevenue": 49142500000, "costOfRevenue": 0, "grossProfit": 49142500000, "researchDevelopment": {}, "sellingGeneralAdministrative": 16824500000, "nonRecurring": {}, "otherOperatingExpenses": 26199400000, "totalOperatingExpenses": 43023900000, "operatingIncome": 6118600000, "totalOtherIncomeExpenseNet": 174200000, "ebit": 0, "interestExpense": {}, "incomeBeforeTax": 6292800000, "incomeTaxExpense": 2054300000, "minorityInterest": 7301030000, "netIncomeFromContinuingOps": 4238500000, "discontinuedOperations": {}, "extraordinaryItems": {}, "effectOfAccountingCharges": {}, "otherItems": {}, "netIncome": 3976500000, "netIncomeApplicableToCommonShares": 3976500000}, {"maxAge": 1, "endDate": "2019-09-30", "totalRevenue": 40761500000, "costOfRevenue": 0, "grossProfit": 40761500000, "researchDevelopment": {}, "sellingGeneralAdministrative": 16161400000, "nonRecurring": {}, "otherOperatingExpenses": 19102200000, "totalOperatingExpenses": 35263600000, "operatingIncome": 5497900000, "totalOtherIncomeExpenseNet": 565500000, "ebit": 0, "interestExpense": {}, "incomeBeforeTax": 6063400000, "incomeTaxExpense": 1443000000, "minorityInterest": 7010700000, "netIncomeFromContinuingOps": 4620400000, "discontinuedOperations": {}, "extraordinaryItems": {}, "effectOfAccountingCharges": {}, "otherItems": {}, "netIncome": 4428600000, "netIncomeApplicableToCommonShares": 4428600000}, {"maxAge": 1, "endDate": "2019-06-30", "totalRevenue": 43681200000, "costOfRevenue": 0, "grossProfit": 43681200000, "researchDevelopment": {}, "sellingGeneralAdministrative": 16387400000, "nonRecurring": {}, "otherOperatingExpenses": 21415900000, "totalOperatingExpenses": 37803300000, "operatingIncome": 5877900000, "totalOtherIncomeExpenseNet": 258100000, "ebit": 0, "interestExpense": {}, "incomeBeforeTax": 6136000000, "incomeTaxExpense": 2139100000, "minorityInterest": 6818800000, "netIncomeFromContinuingOps": 3996900000, "discontinuedOperations": {}, "extraordinaryItems": {}, "effectOfAccountingCharges": {}, "otherItems": {}, "netIncome": 3830400000, "netIncomeApplicableToCommonShares": 3830400000}], "maxAge": 86400}, "cashflowStatementHistoryQuarterly": {"cashflowStatements": [{"maxAge": 1, "endDate": "2020-03-31", "netIncome": -32099816000, "changeToLiabilities": 0}, {"maxAge": 1, "endDate": "2019-12-31", "netIncome": 3976500000, "changeToLiabilities": 0}, {"maxAge": 1, "endDate": "2019-09-30", "netIncome": 4428600000, "changeToLiabilities": 0}, {"maxAge": 1, "endDate": "2019-06-30", "netIncome": 3830400000, "changeToLiabilities": 0}], "maxAge": 86400}, "insiderHolders": {"holders": [{"maxAge": 1, "name": "President of India", "relation": "Promoter", "url": "", "transactionDescription": "Acquisition", "latestTransDate": "2020-04-01", "positionDirect": 1141709678, "positionDirectDate": "2020-04-01"}], "maxAge": 1}, "earnings": {"maxAge": 86400, "earningsChart": {"quarterly": [{"date": "4Q2017", "actual": 2.11, "estimate": -0.4}, {"date": "1Q2018", "actual": -80.35, "estimate": -10.55}, {"date": "2Q2018", "actual": 3.84, "estimate": -14.74}, {"date": "3Q2018", "actual": 4.08, "estimate": -5.65}], "currentQuarterEstimateDate": "4Q", "currentQuarterEstimateYear": 2018, "earningsDate": ["2020-10-29 05:30:S"]}, "financialsChart": {"yearly": [{"date": 2017, "revenue": 103584704000, "earnings": 13582752000}, {"date": 2018, "revenue": 34298667000, "earnings": -39513951000}, {"date": 2019, "revenue": 124544852000, "earnings": 6018528000}, {"date": 2020, "revenue": 145534615000, "earnings": -19864316000}], "quarterly": [{"date": "2Q2019", "revenue": 43681200000, "earnings": 3830400000}, {"date": "3Q2019", "revenue": 40761500000, "earnings": 4428600000}, {"date": "4Q2019", "revenue": 49142500000, "earnings": 3976500000}, {"date": "1Q2020", "revenue": 11949415000, "earnings": -32099816000}]}, "financialCurrency": "INR"}, "calendarEvents": {"maxAge": 1, "earnings": {"earningsDate": ["2020-10-29 05:30:S"], "revenueAverage": 52624000000, "revenueLow": 52624000000, "revenueHigh": 52624000000}}, "price": {"maxAge": 1, "regularMarketChangePercent": -0.004302552, "regularMarketChange": -0.59999084, "regularMarketTime": "2021-04-30 15:51:16", "priceHint": 2, "regularMarketPrice": 138.85, "regularMarketDayHigh": 143.9, "regularMarketDayLow": 136.75, "regularMarketVolume": 950812, "averageDailyVolume10Day": 1755691, "averageDailyVolume3Month": 2156370, "regularMarketPreviousClose": 139.45, "regularMarketSource": "FREE_REALTIME", "regularMarketOpen": 137.1, "exchange": "BSE", "exchangeName": "BSE", "exchangeDataDelayedBy": 0, "marketState": "CLOSED", "quoteType": "EQUITY", "symbol": "CANBK.BO", "underlyingSymbol": null, "shortName": "CANARA BANK", "longName": "Canara Bank", "currency": "INR", "quoteSourceName": "Delayed Quote", "currencySymbol": "\u20b9", "fromCurrency": null, "toCurrency": null, "lastMarket": null, "marketCap": 201818488832}, "balanceSheetHistory": {"balanceSheetStatements": [{"maxAge": 1, "endDate": "2020-03-31", "cash": 506180271000, "inventory": 1093037000, "otherCurrentAssets": 365345121000, "totalCurrentAssets": 872618429000, "longTermInvestments": 1926453716000, "propertyPlantEquipment": 83233502000, "otherAssets": 4532097055000, "deferredLongTermAssetCharges": 38522720000, "totalAssets": 7414402702000, "accountsPayable": 6254083160000, "otherCurrentLiab": 11200136000, "longTermDebt": 427617671000, "otherLiab": 281458665000, "minorityInterest": 7301030000, "totalCurrentLiabilities": 6285965819000, "totalLiab": 6995042155000, "commonStock": 10302334000, "retainedEarnings": 122853529000, "treasuryStock": 95229684000, "capitalSurplus": 183673970000, "otherStockholderEquity": 95229684000, "totalStockholderEquity": 412059517000, "netTangibleAssets": 412059517000}, {"maxAge": 1, "endDate": "2019-03-31", "cash": 398158905000, "netReceivables": 366098100000, "inventory": 758555000, "otherCurrentAssets": 476270257000, "totalCurrentAssets": 875187717000, "longTermInvestments": 1686780518000, "propertyPlantEquipment": 84327786000, "otherAssets": 4471532049000, "deferredLongTermAssetCharges": 33879026000, "totalAssets": 7117828070000, "accountsPayable": 5991230168000, "otherCurrentLiab": 16103784000, "longTermDebt": 410426392000, "otherLiab": 294536784000, "minorityInterest": 6678733000, "totalCurrentLiabilities": 6029293773000, "totalLiab": 6734256949000, "commonStock": 7532448000, "retainedEarnings": 151282288000, "treasuryStock": 96720834000, "capitalSurplus": 121356818000, "otherStockholderEquity": 96720834000, "totalStockholderEquity": 376892388000, "netTangibleAssets": 376892388000}, {"maxAge": 1, "endDate": "2018-03-31", "cash": 307737243000, "inventory": 134559000, "otherCurrentAssets": 315968363000, "totalCurrentAssets": 623840165000, "longTermInvestments": 1574435636000, "propertyPlantEquipment": 83353005000, "otherAssets": 4032725891000, "deferredLongTermAssetCharges": 58190295000, "totalAssets": 6314354697000, "accountsPayable": 5248469824000, "otherCurrentLiab": 12953291000, "longTermDebt": 389094964000, "otherLiab": 269473209000, "minorityInterest": 5217994000, "totalCurrentLiabilities": 5281591613000, "totalLiab": 5940159786000, "commonStock": 7332448000, "retainedEarnings": 150353198000, "treasuryStock": 95307253000, "capitalSurplus": 115984018000, "otherStockholderEquity": 95307253000, "totalStockholderEquity": 368976917000, "netTangibleAssets": 368976917000}, {"maxAge": 1, "endDate": "2017-03-31", "cash": 408912718000, "inventory": 3213000, "otherCurrentAssets": 290045738000, "totalCurrentAssets": 698961669000, "longTermInvestments": 1620729195000, "propertyPlantEquipment": 71849965000, "otherAssets": 3570046664000, "deferredLongTermAssetCharges": 12230349000, "totalAssets": 5961587493000, "accountsPayable": 4952663376000, "otherCurrentLiab": 13557048000, "longTermDebt": 395917551000, "otherLiab": 228824890000, "minorityInterest": 4980724000, "totalCurrentLiabilities": 4985010290000, "totalLiab": 5609752731000, "commonStock": 5972902000, "retainedEarnings": 189050879000, "treasuryStock": 83136693000, "capitalSurplus": 68693564000, "otherStockholderEquity": 83136693000, "totalStockholderEquity": 346854038000, "netTangibleAssets": 346854038000}], "maxAge": 86400}, "earningsTrend": {"trend": [{"maxAge": 1, "period": "0q", "endDate": "2018-12-31", "growth": {}, "earningsEstimate": {"avg": 0.0, "low": 0.0, "high": 0.0, "yearAgoEps": 2.11, "numberOfAnalysts": 0, "growth": {}}, "revenueEstimate": {"avg": 52624000000, "low": 52624000000, "high": 52624000000, "numberOfAnalysts": 1, "yearAgoRevenue": 52455800000, "growth": 0.003}, "epsTrend": {"current": 0.0, "7daysAgo": -7.95, "30daysAgo": -7.95, "60daysAgo": -7.95, "90daysAgo": -7.95}, "epsRevisions": {"upLast7days": 0, "upLast30days": 0, "downLast30days": 0, "downLast90days": {}}}, {"maxAge": 1, "period": "+1q", "endDate": "2019-03-31", "growth": {}, "earningsEstimate": {"avg": 0.0, "low": 0.0, "high": 0.0, "yearAgoEps": -80.35, "numberOfAnalysts": 0, "growth": {}}, "revenueEstimate": {"avg": 57695000000, "low": 57695000000, "high": 57695000000, "numberOfAnalysts": 1, "yearAgoRevenue": 43192900000, "growth": 0.336}, "epsTrend": {"current": 0.0, "7daysAgo": -14.74, "30daysAgo": -14.74, "60daysAgo": -14.74, "90daysAgo": -14.74}, "epsRevisions": {"upLast7days": 0, "upLast30days": 0, "downLast30days": 0, "downLast90days": {}}}, {"maxAge": 1, "period": "0y", "endDate": "2019-03-31", "growth": {}, "earningsEstimate": {"avg": 0.0, "low": 0.0, "high": 0.0, "yearAgoEps": {}, "numberOfAnalysts": 0, "growth": {}}, "revenueEstimate": {"avg": 210674000000, "low": 192034000000, "high": 227601000000, "numberOfAnalysts": 12, "yearAgoRevenue": 191062000000, "growth": 0.103}, "epsTrend": {"current": 0.0, "7daysAgo": 8.7, "30daysAgo": 8.7, "60daysAgo": 8.7, "90daysAgo": 8.7}, "epsRevisions": {"upLast7days": 1, "upLast30days": 1, "downLast30days": 0, "downLast90days": {}}}, {"maxAge": 1, "period": "+1y", "endDate": "2020-03-31", "growth": {}, "earningsEstimate": {"avg": 0.0, "low": 0.0, "high": 0.0, "yearAgoEps": {}, "numberOfAnalysts": 0, "growth": {}}, "revenueEstimate": {"avg": 234860000000, "low": 191814000000, "high": 259179000000, "numberOfAnalysts": 12, "yearAgoRevenue": 210674000000, "growth": 0.115}, "epsTrend": {"current": 0.0, "7daysAgo": 36.34, "30daysAgo": 36.34, "60daysAgo": 36.34, "90daysAgo": 36.34}, "epsRevisions": {"upLast7days": 0, "upLast30days": 0, "downLast30days": 1, "downLast90days": {}}}, {"maxAge": 1, "period": "+5y", "endDate": null, "growth": 0.1, "earningsEstimate": {"avg": {}, "low": {}, "high": {}, "yearAgoEps": {}, "numberOfAnalysts": {}, "growth": {}}, "revenueEstimate": {"avg": {}, "low": {}, "high": {}, "numberOfAnalysts": {}, "yearAgoRevenue": {}, "growth": {}}, "epsTrend": {"current": {}, "7daysAgo": {}, "30daysAgo": {}, "60daysAgo": {}, "90daysAgo": {}}, "epsRevisions": {"upLast7days": {}, "upLast30days": {}, "downLast30days": {}, "downLast90days": {}}}, {"maxAge": 1, "period": "-5y", "endDate": null, "growth": {}, "earningsEstimate": {"avg": {}, "low": {}, "high": {}, "yearAgoEps": {}, "numberOfAnalysts": {}, "growth": {}}, "revenueEstimate": {"avg": {}, "low": {}, "high": {}, "numberOfAnalysts": {}, "yearAgoRevenue": {}, "growth": {}}, "epsTrend": {"current": {}, "7daysAgo": {}, "30daysAgo": {}, "60daysAgo": {}, "90daysAgo": {}}, "epsRevisions": {"upLast7days": {}, "upLast30days": {}, "downLast30days": {}, "downLast90days": {}}}], "maxAge": 1}, "financialData": {"maxAge": 86400, "currentPrice": 138.85, "targetHighPrice": 350.0, "targetLowPrice": 183.0, "targetMeanPrice": 254.53, "targetMedianPrice": 250.0, "recommendationKey": "none", "numberOfAnalystOpinions": 15, "grossProfits": 145534615000, "financialCurrency": "INR"}}}