{"CANBK.NS": {"assetProfile": {"address1": "112, J C Road", "address2": "Town Hall", "city": "Bengaluru", "zip": "560002", "country": "India", "phone": "91 80 2210 0250", "fax": "91 80 2224 8831", "website": "http://www.canarabank.com", "industry": "Banks\u2014Regional", "sector": "Financial Services", "longBusinessSummary": "Canara Bank provides various banking products and services in India and internationally. It offers personal banking services, such as savings and deposits comprising savings accounts, current accounts, recurring deposits, fixed deposits, unclaimed deposits, deposit schemes for senior citizens, re-investment plans, and others; loan products, such as housing, home improvement, vehicle, site, teachers, gold, mortgage, housing-cum-solar, consumer, and other loans; life, general, and health insurance products; consultancy services, which cover personal tax assistance and investment counselling, estate and wills services, private and charitable trustee services, debenture and security trusteeship, and attorneyship; foreign exchange and international banking services; mutual funds; and safe deposit lockers, depository, safe custody, and card services. The company also provides corporate banking products and services, including accounts and deposits, such as current, fixed, and recurring deposits; supply chain finance management; loans and advances comprising working capital finance, term loans, infrastructure financing, and export finance; syndication services; IPO monitoring services; and merchant and commercial banking, escrow bankers/ASBA, underwriting, and investments services. In addition, it offers NRI banking products and services, such as remittance facilities; loans and advances, such as home, home improvement, vehicle, rent, mortgage, and site loans; and investment and online trading facilities. As of March 31, 2020, the company operated 6,329 branches, including 291 specialized branches and 5 overseas branches and 8,850 ATMs. Canara Bank was founded in 1906 and is headquartered in Bengaluru, India.", "fullTimeEmployees": 58632, "companyOfficers": [{"maxAge": 1, "name": "Mr. Lingam Venkata Prabhakar", "age": 58, "title": "MD, CEO & Director", "yearBorn": 1962, "exercisedValue": 0, "unexercisedValue": 0}, {"maxAge": 1, "name": "Mr. Debashish  Mukherjee", "age": 54, "title": "Exec. Director", "yearBorn": 1966, "exercisedValue": 0, "unexercisedValue": 0}, {"maxAge": 1, "name": "Ms. Arumugam  Manimekhalai", "age": 54, "title": "Exec. Director", "yearBorn": 1966, "exercisedValue": 0, "unexercisedValue": 0}, {"maxAge": 1, "name": "Mr. V.  Ramachandra", "title": "CFO & GM", "exercisedValue": 0, "unexercisedValue": 0}, {"maxAge": 1, "name": "Jayaraman  V.", "title": "GM & CTO", "exercisedValue": 0, "unexercisedValue": 0}, {"maxAge": 1, "name": "K.  Hariharan", "title": "GM & Group Chief Compliance Officer", "exercisedValue": 0, "unexercisedValue": 0}, {"maxAge": 1, "name": "Mr. A. V. Rama Rao", "title": "Group Chief Risk Officer", "exercisedValue": 0, "unexercisedValue": 0}, {"maxAge": 1, "name": "B. Uma Sankar", "title": "Chief Vigilance Officer", "exercisedValue": 0, "unexercisedValue": 0}, {"maxAge": 1, "name": "Dr. S.  Ramesh", "title": "Chief Gen. Mang. & Head Internal Audit", "exercisedValue": 0, "unexercisedValue": 0}, {"maxAge": 1, "name": "Deepak  Shukla", "title": "Assistant GM & Chief Information Security Officer", "exercisedValue": 0, "unexercisedValue": 0}], "maxAge": 86400}, "recommendationTrend": {"trend": [{"period": "0m", "strongBuy": 0, "buy": 0, "hold": 0, "sell": 0, "strongSell": 0}, {"period": "-1m", "strongBuy": 0, "buy": 3, "hold": 4, "sell": 9, "strongSell": 4}, {"period": "-2m", "strongBuy": 0, "buy": 3, "hold": 4, "sell": 9, "strongSell": 4}, {"period": "-3m", "strongBuy": 0, "buy": 3, "hold": 4, "sell": 9, "strongSell": 4}], "maxAge": 86400}, "cashflowStatementHistory": {"cashflowStatements": [{"maxAge": 1, "endDate": "2020-03-31", "netIncome": -19864316000, "depreciation": 4459100000, "changeToNetincome": 100504516000, "changeToLiabilities": 0, "changeToOperatingActivities": -400836600000, "totalCashFromOperatingActivities": -315737300000, "capitalExpenditures": -3378200000, "otherCashflowsFromInvestingActivities": 1977200000, "totalCashflowsFromInvestingActivities": -4115300000, "netBorrowings": 24000000000, "otherCashflowsFromFinancingActivities": 251688600000, "totalCashFromFinancingActivities": 340775700000, "effectOfExchangeRate": -337300000, "changeInCash": 20585800000, "issuanceOfStock": 65087100000}, {"maxAge": 1, "endDate": "2019-03-31", "netIncome": 6018528000, "depreciation": 4288300000, "changeToNetincome": 94939972000, "changeToLiabilities": 0, "changeToOperatingActivities": -665640000000, "totalCashFromOperatingActivities": -560393200000, "capitalExpenditures": -6057200000, "otherCashflowsFromInvestingActivities": 464600000, "totalCashflowsFromInvestingActivities": -7304000000, "netBorrowings": -5653000000, "otherCashflowsFromFinancingActivities": 730994600000, "totalCashFromFinancingActivities": 730914500000, "effectOfExchangeRate": -150900000, "changeInCash": 163066400000, "issuanceOfStock": 5572900000}, {"maxAge": 1, "endDate": "2018-03-31", "netIncome": -39513951000, "depreciation": 4563300000, "changeToNetincome": 116642051000, "changeToLiabilities": 0, "changeToOperatingActivities": -488699700000, "totalCashFromOperatingActivities": -407008300000, "capitalExpenditures": -4595800000, "otherCashflowsFromInvestingActivities": 816200000, "totalCashflowsFromInvestingActivities": -5529400000, "dividendsPaid": -684400000, "netBorrowings": -7000000000, "otherCashflowsFromFinancingActivities": 283489500000, "totalCashFromFinancingActivities": 324455100000, "effectOfExchangeRate": 654800000, "changeInCash": -87427800000, "issuanceOfStock": 48650000000}, {"maxAge": 1, "endDate": "2017-03-31", "netIncome": 13582752000, "depreciation": 3311900000, "changeToNetincome": 45564248000, "changeToLiabilities": 0, "changeToOperatingActivities": -191879300000, "totalCashFromOperatingActivities": -129420400000, "capitalExpenditures": -3806100000, "otherCashflowsFromInvestingActivities": -604600000, "totalCashflowsFromInvestingActivities": -4012600000, "dividendsPaid": -684400000, "netBorrowings": 3686400000, "otherCashflowsFromFinancingActivities": 141488800000, "totalCashFromFinancingActivities": 156415100000, "effectOfExchangeRate": -745700000, "changeInCash": 22236300000, "issuanceOfStock": 11239900000}], "maxAge": 86400}, "indexTrend": {"maxAge": 1, "symbol": "SP5", "peRatio": 19.7411, "pegRatio": 1.34172, "estimates": [{"period": "0q", "growth": 0.549}, {"period": "+1q", "growth": 0.431}, {"period": "0y", "growth": 0.305}, {"period": "+1y", "growth": 0.109}, {"period": "+5y", "growth": 0.120865}, {"period": "-5y"}]}, "defaultKeyStatistics": {"maxAge": 1, "priceHint": 2, "enterpriseValue": 440413257728, "forwardPE": 3.3701725, "profitMargins": -0.061979998, "floatShares": 458936519, "sharesOutstanding": 1646739968, "heldPercentInsiders": 0.69332004, "heldPercentInstitutions": 0.14554, "beta": 1.186386, "category": null, "bookValue": 401.24, "priceToBook": 0.34580302, "fundFamily": null, "legalType": null, "lastFiscalYearEnd": "2020-03-31 05:30:00", "nextFiscalYearEnd": "2022-03-31 05:30:00", "mostRecentQuarter": "2020-12-31 05:30:00", "earningsQuarterlyGrowth": 0.885, "netIncomeToCommon": -15151616000, "trailingEps": -11.149, "forwardEps": 41.17, "pegRatio": 1.46, "lastSplitFactor": null, "enterpriseToRevenue": 1.801, "52WeekChange": 0.7045455, "SandP52WeekChange": 0.48148263, "lastDividendValue": 1.0, "lastDividendDate": 1499817600}, "industryTrend": {"maxAge": 1, "symbol": null, "estimates": []}, "quoteType": {"exchange": "NSI", "quoteType": "EQUITY", "symbol": "CANBK.NS", "underlyingSymbol": "CANBK.NS", "shortName": "CANARA BANK", "longName": "Canara Bank", "firstTradeDateEpochUtc": "2002-12-23 09:15:00", "timeZoneFullName": "Asia/Kolkata", "timeZoneShortName": "IST", "uuid": "7c6a2657-ebab-390f-9c7f-409d3a6b9346", "messageBoardId": "finmb_562937", "gmtOffSetMilliseconds": 19800000, "maxAge": 1}, "incomeStatementHistory": {"incomeStatementHistory": [{"maxAge": 1, "endDate": "2020-03-31", "totalRevenue": 145534615000, "costOfRevenue": 0, "grossProfit": 145534615000, "researchDevelopment": {}, "sellingGeneralAdministrative": 100304013000, "nonRecurring": {}, "otherOperatingExpenses": 60365641000, "totalOperatingExpenses": 160669654000, "operatingIncome": -15135039000, "totalOtherIncomeExpenseNet": 1014970000, "ebit": 0, "interestExpense": {}, "incomeBeforeTax": -14120069000, "incomeTaxExpense": 5090000000, "minorityInterest": 7301030000, "netIncomeFromContinuingOps": -19210069000, "discontinuedOperations": {}, "extraordinaryItems": {}, "effectOfAccountingCharges": {}, "otherItems": {}, "netIncome": -19864316000, "netIncomeApplicableToCommonShares": -19864316000}, {"maxAge": 1, "endDate": "2019-03-31", "totalRevenue": 124544852000, "costOfRevenue": 0, "grossProfit": 124544852000, "researchDevelopment": {}, "sellingGeneralAdministrative": 85581595000, "nonRecurring": {}, "otherOperatingExpenses": 60077259000, "totalOperatingExpenses": 145658854000, "operatingIncome": -21114002000, "totalOtherIncomeExpenseNet": 1489079000, "ebit": 0, "interestExpense": {}, "incomeBeforeTax": -19624923000, "incomeTaxExpense": -26585500000, "minorityInterest": 6678733000, "netIncomeFromContinuingOps": 6960577000, "discontinuedOperations": {}, "extraordinaryItems": {}, "effectOfAccountingCharges": {}, "otherItems": {}, "netIncome": 6018528000, "netIncomeApplicableToCommonShares": 6018528000}, {"maxAge": 1, "endDate": "2018-03-31", "totalRevenue": 34298667000, "costOfRevenue": 0, "grossProfit": 34298667000, "researchDevelopment": {}, "sellingGeneralAdministrative": 81580726000, "nonRecurring": {}, "otherOperatingExpenses": 16797353000, "totalOperatingExpenses": 98378079000, "operatingIncome": -64079412000, "totalOtherIncomeExpenseNet": 2147784000, "ebit": 0, "interestExpense": {}, "incomeBeforeTax": -61931628000, "incomeTaxExpense": -23206200000, "minorityInterest": 5217994000, "netIncomeFromContinuingOps": -38725428000, "discontinuedOperations": {}, "extraordinaryItems": {}, "effectOfAccountingCharges": {}, "otherItems": {}, "netIncome": -39513951000, "netIncomeApplicableToCommonShares": -39513951000}, {"maxAge": 1, "endDate": "2017-03-31", "totalRevenue": 103584704000, "costOfRevenue": 0, "grossProfit": 103584704000, "researchDevelopment": {}, "sellingGeneralAdministrative": 70909613000, "nonRecurring": {}, "otherOperatingExpenses": 15212301000, "totalOperatingExpenses": 86121914000, "operatingIncome": 17462790000, "totalOtherIncomeExpenseNet": 1771929000, "ebit": 0, "interestExpense": {}, "incomeBeforeTax": 19234719000, "incomeTaxExpense": 5126700000, "minorityInterest": 4980724000, "netIncomeFromContinuingOps": 14108019000, "discontinuedOperations": {}, "extraordinaryItems": {}, "effectOfAccountingCharges": {}, "otherItems": {}, "netIncome": 13582752000, "netIncomeApplicableToCommonShares": 13582752000}], "maxAge": 86400}, "fundOwnership": {"maxAge": 1, "ownershipList": [{"maxAge": 1, "reportDate": "2021-01-31", "organization": "Vanguard International Stock Index-Total Intl Stock Indx", "pctHeld": 0.0028, "position": 4597833, "value": 606913956}, {"maxAge": 1, "reportDate": "2021-01-31", "organization": "Vanguard International Stock Index-Emerging Markets Stk", "pctHeld": 0.0025, "position": 4146840, "value": 547382880}, {"maxAge": 1, "reportDate": "2020-12-31", "organization": "Pacific Select Fund-International Value Portfolio", "pctHeld": 0.0013, "position": 2211228, "value": 285137850}, {"maxAge": 1, "reportDate": "2021-01-31", "organization": "DFA Emerging Markets Core Equity Portfolio", "pctHeld": 0.0011999999, "position": 1930473, "value": 254822436}, {"maxAge": 1, "reportDate": "2021-01-31", "organization": "Hartford International Value Fund", "pctHeld": 0.00090000004, "position": 1497357, "value": 197651124}, {"maxAge": 1, "reportDate": "2021-01-31", "organization": "DFA Investment Dimensions-DFA Emerging Mkts Value", "pctHeld": 0.00090000004, "position": 1449186, "value": 191292552}, {"maxAge": 1, "reportDate": "2021-01-31", "organization": "DFA Emerging Markets Small Cap Series", "pctHeld": 0.00059999997, "position": 960129, "value": 126737028}, {"maxAge": 1, "reportDate": "2020-12-31", "organization": "PIMCO Equity Series-PIMCO RAE Emerging Markets Fd", "pctHeld": 0.0005, "position": 893411, "value": 115205348}, {"maxAge": 1, "reportDate": "2021-01-31", "organization": "Russell Inv Co-Tax-Managed International Equity Fund", "pctHeld": 0.0004, "position": 706199, "value": 93218268}, {"maxAge": 1, "reportDate": "2021-01-31", "organization": "Russell Inv Co-International Developed Markets Fund", "pctHeld": 0.0004, "position": 695582, "value": 91816824}]}, "summaryDetail": {"maxAge": 1, "priceHint": 2, "previousClose": 139.5, "open": 137.4, "dayLow": 136.5, "dayHigh": 143.9, "regularMarketPreviousClose": 139.5, "regularMarketOpen": 137.4, "regularMarketDayLow": 136.5, "regularMarketDayHigh": 143.9, "exDividendDate": "2017-07-12 05:30:00", "payoutRatio": 0.0, "beta": 1.186386, "forwardPE": 3.3701725, "volume": 18833371, "regularMarketVolume": 18833371, "averageVolume": 24375285, "averageVolume10days": 18304584, "averageDailyVolume10Day": 18304584, "bid": 0.0, "ask": 0.0, "bidSize": 0, "askSize": 0, "marketCap": 228403314688, "fiftyTwoWeekLow": 75.75, "fiftyTwoWeekHigh": 174.6, "priceToSalesTrailing12Months": 0.93426496, "fiftyDayAverage": 143.89305, "twoHundredDayAverage": 129.06035, "trailingAnnualDividendRate": 1.0, "trailingAnnualDividendYield": 0.007168459, "currency": "INR", "fromCurrency": null, "toCurrency": null, "lastMarket": null, "algorithm": null, "tradeable": false}, "insiderHolders": {"holders": [{"maxAge": 1, "name": "Life Insurance Corporation of India", "relation": "Institution- Corporation", "url": "", "transactionDescription": "Acquisition", "latestTransDate": "2015-05-12", "positionDirect": 74642214, "positionDirectDate": "2015-05-12"}, {"maxAge": 1, "name": "President of India", "relation": "Promoter", "url": "", "transactionDescription": "Acquisition", "latestTransDate": "2020-04-01", "positionDirect": 1141709678, "positionDirectDate": "2020-04-01"}], "maxAge": 1}, "calendarEvents": {"maxAge": 1, "earnings": {"earningsDate": [], "earningsAverage": -7.52, "earningsLow": -7.52, "earningsHigh": -7.52, "revenueAverage": 37078500000, "revenueLow": 31302000000, "revenueHigh": 42855000000}, "exDividendDate": "2017-07-12 05:30:00"}, "price": {"maxAge": 1, "regularMarketChangePercent": -0.0053763445, "regularMarketChange": -0.75, "regularMarketTime": "2021-04-30 15:29:59", "priceHint": 2, "regularMarketPrice": 138.75, "regularMarketDayHigh": 143.9, "regularMarketDayLow": 136.5, "regularMarketVolume": 18833371, "averageDailyVolume10Day": 18304584, "averageDailyVolume3Month": 24375285, "regularMarketPreviousClose": 139.5, "regularMarketSource": "FREE_REALTIME", "regularMarketOpen": 137.4, "exchange": "NSI", "exchangeName": "NSE", "exchangeDataDelayedBy": 15, "marketState": "CLOSED", "quoteType": "EQUITY", "symbol": "CANBK.NS", "underlyingSymbol": null, "shortName": "CANARA BANK", "longName": "Canara Bank", "currency": "INR", "quoteSourceName": "Delayed Quote", "currencySymbol": "\u20b9", "fromCurrency": null, "toCurrency": null, "lastMarket": null, "marketCap": 228403314688}, "balanceSheetHistory": {"balanceSheetStatements": [{"maxAge": 1, "endDate": "2020-03-31", "cash": 506180271000, "inventory": 1093037000, "otherCurrentAssets": 365345121000, "totalCurrentAssets": 872618429000, "longTermInvestments": 1926453716000, "propertyPlantEquipment": 83233502000, "otherAssets": 4532097055000, "deferredLongTermAssetCharges": 38522720000, "totalAssets": 7414402702000, "accountsPayable": 6254083160000, "otherCurrentLiab": 11200136000, "longTermDebt": 427617671000, "otherLiab": 281458665000, "minorityInterest": 7301030000, "totalCurrentLiabilities": 6285965819000, "totalLiab": 6995042155000, "commonStock": 10302334000, "retainedEarnings": 122853529000, "treasuryStock": 95229684000, "capitalSurplus": 183673970000, "otherStockholderEquity": 95229684000, "totalStockholderEquity": 412059517000, "netTangibleAssets": 412059517000}, {"maxAge": 1, "endDate": "2019-03-31", "cash": 398158905000, "netReceivables": 366098100000, "inventory": 758555000, "otherCurrentAssets": 476270257000, "totalCurrentAssets": 875187717000, "longTermInvestments": 1686780518000, "propertyPlantEquipment": 84327786000, "otherAssets": 4471532049000, "deferredLongTermAssetCharges": 33879026000, "totalAssets": 7117828070000, "accountsPayable": 5991230168000, "otherCurrentLiab": 16103784000, "longTermDebt": 410426392000, "otherLiab": 294536784000, "minorityInterest": 6678733000, "totalCurrentLiabilities": 6029293773000, "totalLiab": 6734256949000, "commonStock": 7532448000, "retainedEarnings": 151282288000, "treasuryStock": 96720834000, "capitalSurplus": 121356818000, "otherStockholderEquity": 96720834000, "totalStockholderEquity": 376892388000, "netTangibleAssets": 376892388000}, {"maxAge": 1, "endDate": "2018-03-31", "cash": 307737243000, "inventory": 134559000, "otherCurrentAssets": 315968363000, "totalCurrentAssets": 623840165000, "longTermInvestments": 1574435636000, "propertyPlantEquipment": 83353005000, "otherAssets": 4032725891000, "deferredLongTermAssetCharges": 58190295000, "totalAssets": 6314354697000, "accountsPayable": 5248469824000, "otherCurrentLiab": 12953291000, "longTermDebt": 389094964000, "otherLiab": 269473209000, "minorityInterest": 5217994000, "totalCurrentLiabilities": 5281591613000, "totalLiab": 5940159786000, "commonStock": 7332448000, "retainedEarnings": 150353198000, "treasuryStock": 95307253000, "capitalSurplus": 115984018000, "otherStockholderEquity": 95307253000, "totalStockholderEquity": 368976917000, "netTangibleAssets": 368976917000}, {"maxAge": 1, "endDate": "2017-03-31", "cash": 408912718000, "inventory": 3213000, "otherCurrentAssets": 290045738000, "totalCurrentAssets": 698961669000, "longTermInvestments": 1620729195000, "propertyPlantEquipment": 71849965000, "otherAssets": 3570046664000, "deferredLongTermAssetCharges": 12230349000, "totalAssets": 5961587493000, "accountsPayable": 4952663376000, "otherCurrentLiab": 13557048000, "longTermDebt": 395917551000, "otherLiab": 228824890000, "minorityInterest": 4980724000, "totalCurrentLiabilities": 4985010290000, "totalLiab": 5609752731000, "commonStock": 5972902000, "retainedEarnings": 189050879000, "treasuryStock": 83136693000, "capitalSurplus": 68693564000, "otherStockholderEquity": 83136693000, "totalStockholderEquity": 346854038000, "netTangibleAssets": 346854038000}], "maxAge": 86400}, "earningsTrend": {"trend": [{"maxAge": 1, "period": "0q", "endDate": "2018-06-30", "growth": -2.786, "earningsEstimate": {"avg": -7.52, "low": -7.52, "high": -7.52, "yearAgoEps": 4.21, "numberOfAnalysts": 1, "growth": -2.786}, "revenueEstimate": {"avg": 37078500000, "low": 31302000000, "high": 42855000000, "numberOfAnalysts": 2, "yearAgoRevenue": 48217500000, "growth": -0.231}, "epsTrend": {"current": -7.52, "7daysAgo": -7.52, "30daysAgo": -7.52, "60daysAgo": -8.21, "90daysAgo": -15.48}, "epsRevisions": {"upLast7days": 0, "upLast30days": 0, "downLast30days": 0, "downLast90days": {}}}, {"maxAge": 1, "period": "+1q", "endDate": "2018-09-30", "growth": -2.5110002, "earningsEstimate": {"avg": -6.59, "low": -6.59, "high": -6.59, "yearAgoEps": 4.36, "numberOfAnalysts": 1, "growth": -2.5110002}, "revenueEstimate": {"avg": 0, "low": 0, "high": 0, "numberOfAnalysts": 0, "yearAgoRevenue": {}, "growth": {}}, "epsTrend": {"current": -6.59, "7daysAgo": -6.59, "30daysAgo": -6.59, "60daysAgo": -7.82, "90daysAgo": -14.38}, "epsRevisions": {"upLast7days": 0, "upLast30days": 0, "downLast30days": 0, "downLast90days": {}}}, {"maxAge": 1, "period": "0y", "endDate": "2019-03-31", "growth": 1.225, "earningsEstimate": {"avg": 15.87, "low": -25.18, "high": 35.6, "yearAgoEps": -70.47, "numberOfAnalysts": 16, "growth": 1.225}, "revenueEstimate": {"avg": 206131000000, "low": 181512000000, "high": 227601000000, "numberOfAnalysts": 15, "yearAgoRevenue": 121633000000, "growth": 0.695}, "epsTrend": {"current": 15.87, "7daysAgo": 15.87, "30daysAgo": 16.99, "60daysAgo": 18.65, "90daysAgo": 30.65}, "epsRevisions": {"upLast7days": 0, "upLast30days": 0, "downLast30days": 0, "downLast90days": {}}}, {"maxAge": 1, "period": "+1y", "endDate": "2020-03-31", "growth": 1.594, "earningsEstimate": {"avg": 41.17, "low": 14.55, "high": 67.4, "yearAgoEps": 15.87, "numberOfAnalysts": 16, "growth": 1.594}, "revenueEstimate": {"avg": 229688000000, "low": 185945000000, "high": 259179000000, "numberOfAnalysts": 15, "yearAgoRevenue": 206131000000, "growth": 0.11399999}, "epsTrend": {"current": 41.17, "7daysAgo": 41.17, "30daysAgo": 42.63, "60daysAgo": 39.7, "90daysAgo": 47.99}, "epsRevisions": {"upLast7days": 0, "upLast30days": 0, "downLast30days": 0, "downLast90days": {}}}, {"maxAge": 1, "period": "+5y", "endDate": null, "growth": 0.1, "earningsEstimate": {"avg": {}, "low": {}, "high": {}, "yearAgoEps": {}, "numberOfAnalysts": {}, "growth": {}}, "revenueEstimate": {"avg": {}, "low": {}, "high": {}, "numberOfAnalysts": {}, "yearAgoRevenue": {}, "growth": {}}, "epsTrend": {"current": {}, "7daysAgo": {}, "30daysAgo": {}, "60daysAgo": {}, "90daysAgo": {}}, "epsRevisions": {"upLast7days": {}, "upLast30days": {}, "downLast30days": {}, "downLast90days": {}}}, {"maxAge": 1, "period": "-5y", "endDate": null, "growth": -0.17295, "earningsEstimate": {"avg": {}, "low": {}, "high": {}, "yearAgoEps": {}, "numberOfAnalysts": {}, "growth": {}}, "revenueEstimate": {"avg": {}, "low": {}, "high": {}, "numberOfAnalysts": {}, "yearAgoRevenue": {}, "growth": {}}, "epsTrend": {"current": {}, "7daysAgo": {}, "30daysAgo": {}, "60daysAgo": {}, "90daysAgo": {}}, "epsRevisions": {"upLast7days": {}, "upLast30days": {}, "downLast30days": {}, "downLast90days": {}}}], "maxAge": 1}, "institutionOwnership": {"maxAge": 1, "ownershipList": []}, "majorHoldersBreakdown": {"maxAge": 1, "insidersPercentHeld": 0.69332004, "institutionsPercentHeld": 0.14554, "institutionsFloatPercentHeld": 0.47457, "institutionsCount": 45}, "balanceSheetHistoryQuarterly": {"balanceSheetStatements": [{"maxAge": 1, "endDate": "2020-12-31", "cash": 345286400000, "netReceivables": 1064302500000, "totalCurrentAssets": 1409588900000, "longTermInvestments": 2946722100000, "propertyPlantEquipment": 107568000000, "otherAssets": 6956769700000, "totalAssets": 11420648700000, "accountsPayable": 9732428100000, "longTermDebt": 569286300000, "otherLiab": 510836200000, "minorityInterest": 7656200000, "totalCurrentLiabilities": 9732428100000, "totalLiab": 10812550600000, "commonStock": 16467400000, "treasuryStock": 583974500000, "otherStockholderEquity": 583974500000, "totalStockholderEquity": 600441900000, "netTangibleAssets": 600441900000}, {"maxAge": 1, "endDate": "2020-09-30", "cash": 1349944600000, "totalCurrentAssets": 1349944600000, "longTermInvestments": 2859926900000, "propertyPlantEquipment": 108415700000, "otherAssets": 6790701700000, "totalAssets": 11108988900000, "accountsPayable": 9488762300000, "longTermDebt": 508594100000, "otherLiab": 527118600000, "minorityInterest": 7494600000, "totalCurrentLiabilities": 9488762300000, "totalLiab": 10524475000000, "commonStock": 14535000000, "treasuryStock": 562484300000, "otherStockholderEquity": 562484300000, "totalStockholderEquity": 577019300000, "netTangibleAssets": 577019300000}, {"maxAge": 1, "endDate": "2020-06-30", "totalStockholderEquity": 412059517000, "netTangibleAssets": 412059517000}, {"maxAge": 1, "endDate": "2020-03-31", "cash": 506180271000, "inventory": 1093037000, "otherCurrentAssets": 365345121000, "totalCurrentAssets": 872618429000, "longTermInvestments": 1926453716000, "propertyPlantEquipment": 83233502000, "otherAssets": 4532097055000, "deferredLongTermAssetCharges": 38522720000, "totalAssets": 7414402702000, "accountsPayable": 6254083160000, "otherCurrentLiab": 11200136000, "longTermDebt": 427617671000, "otherLiab": 281458665000, "minorityInterest": 7301030000, "totalCurrentLiabilities": 6285965819000, "totalLiab": 6995042155000, "commonStock": 10302334000, "retainedEarnings": 122853529000, "treasuryStock": 95229684000, "capitalSurplus": 183673970000, "otherStockholderEquity": 95229684000, "totalStockholderEquity": 412059517000, "netTangibleAssets": 412059517000}], "maxAge": 86400}, "earningsHistory": {"history": [{"maxAge": 1, "epsActual": 4.21, "epsEstimate": 4.6, "epsDifference": -0.39, "surprisePercent": -0.085, "quarter": "2017-06-30", "period": "-4q"}, {"maxAge": 1, "epsActual": 4.36, "epsEstimate": 5.18, "epsDifference": -0.82, "surprisePercent": -0.158, "quarter": "2017-09-30", "period": "-3q"}, {"maxAge": 1, "epsActual": 2.11, "epsEstimate": -0.4, "epsDifference": 2.51, "surprisePercent": 6.275, "quarter": "2017-12-31", "period": "-2q"}, {"maxAge": 1, "epsActual": -80.35, "epsEstimate": -10.55, "epsDifference": -69.8, "surprisePercent": -6.6159997, "quarter": "2018-03-31", "period": "-1q"}], "maxAge": 86400}, "summaryProfile": {"address1": "112, J C Road", "address2": "Town Hall", "city": "Bengaluru", "zip": "560002", "country": "India", "phone": "91 80 2210 0250", "fax": "91 80 2224 8831", "website": "http://www.canarabank.com", "industry": "Banks\u2014Regional", "sector": "Financial Services", "longBusinessSummary": "Canara Bank provides various banking products and services in India and internationally. It offers personal banking services, such as savings and deposits comprising savings accounts, current accounts, recurring deposits, fixed deposits, unclaimed deposits, deposit schemes for senior citizens, re-investment plans, and others; loan products, such as housing, home improvement, vehicle, site, teachers, gold, mortgage, housing-cum-solar, consumer, and other loans; life, general, and health insurance products; consultancy services, which cover personal tax assistance and investment counselling, estate and wills services, private and charitable trustee services, debenture and security trusteeship, and attorneyship; foreign exchange and international banking services; mutual funds; and safe deposit lockers, depository, safe custody, and card services. The company also provides corporate banking products and services, including accounts and deposits, such as current, fixed, and recurring deposits; supply chain finance management; loans and advances comprising working capital finance, term loans, infrastructure financing, and export finance; syndication services; IPO monitoring services; and merchant and commercial banking, escrow bankers/ASBA, underwriting, and investments services. In addition, it offers NRI banking products and services, such as remittance facilities; loans and advances, such as home, home improvement, vehicle, rent, mortgage, and site loans; and investment and online trading facilities. As of March 31, 2020, the company operated 6,329 branches, including 291 specialized branches and 5 overseas branches and 8,850 ATMs. Canara Bank was founded in 1906 and is headquartered in Bengaluru, India.", "fullTimeEmployees": 58632, "companyOfficers": [], "maxAge": 86400}, "netSharePurchaseActivity": {"maxAge": 1, "period": "6m", "buyInfoCount": 0, "buyInfoShares": 0, "sellInfoCount": 0, "netInfoCount": 0, "netInfoShares": 0, "netPercentInsiderShares": 0.0, "totalInsiderShares": 1037530624}, "insiderTransactions": {"transactions": [{"maxAge": 1, "shares": 332776327, "filerUrl": "", "transactionText": "", "filerName": "President of India", "filerRelation": "Promoter", "moneyText": "", "startDate": "2020-04-01", "ownership": "D"}, {"maxAge": 1, "shares": 448942297, "filerUrl": "", "transactionText": "", "filerName": "President of India", "filerRelation": "Promoter", "moneyText": "", "startDate": "2019-12-04", "ownership": "D"}, {"maxAge": 1, "shares": 41732217, "filerUrl": "", "transactionText": "", "filerName": "President of India", "filerRelation": "Promoter", "moneyText": "", "startDate": "2015-09-30", "ownership": "D"}, {"maxAge": 1, "shares": 45602831, "filerUrl": "", "transactionText": "", "filerName": "Life Insurance Corporation of India", "filerRelation": "Institution- Corporation", "moneyText": "", "startDate": "2015-05-12", "ownership": "D"}, {"maxAge": 1, "shares": 18258837, "filerUrl": "", "transactionText": "", "filerName": "President of India", "filerRelation": "Promoter", "moneyText": "", "startDate": "2013-12-31", "ownership": "D"}, {"maxAge": 1, "shares": 8219150, "filerUrl": "", "transactionText": "", "filerName": "Life Insurance Corporation of India", "filerRelation": "UNREPORTED", "moneyText": "", "startDate": "2009-12-24", "ownership": "D"}], "maxAge": 1}, "sectorTrend": {"maxAge": 1, "symbol": null, "estimates": []}, "incomeStatementHistoryQuarterly": {"incomeStatementHistory": [{"maxAge": 1, "endDate": "2020-12-31", "totalRevenue": 90352200000, "costOfRevenue": 0, "grossProfit": 90352200000, "researchDevelopment": {}, "sellingGeneralAdministrative": 32898300000, "nonRecurring": {}, "otherOperatingExpenses": 46405200000, "totalOperatingExpenses": 79303500000, "operatingIncome": 11048700000, "totalOtherIncomeExpenseNet": 269300000, "ebit": 0, "interestExpense": {}, "incomeBeforeTax": 11318000000, "incomeTaxExpense": 3656700000, "minorityInterest": 7656200000, "netIncomeFromContinuingOps": 7661300000, "discontinuedOperations": {}, "extraordinaryItems": {}, "effectOfAccountingCharges": {}, "otherItems": {}, "netIncome": 7497300000, "netIncomeApplicableToCommonShares": 7497300000}, {"maxAge": 1, "endDate": "2020-09-30", "totalRevenue": 72720800000, "costOfRevenue": 0, "grossProfit": 72720800000, "researchDevelopment": {}, "sellingGeneralAdministrative": 33070700000, "nonRecurring": {}, "otherOperatingExpenses": 33165100000, "totalOperatingExpenses": 66235800000, "operatingIncome": 6485000000, "totalOtherIncomeExpenseNet": 136800000, "ebit": 0, "interestExpense": {}, "incomeBeforeTax": 6621800000, "incomeTaxExpense": 1826200000, "minorityInterest": 7494600000, "netIncomeFromContinuingOps": 4795600000, "discontinuedOperations": {}, "extraordinaryItems": {}, "effectOfAccountingCharges": {}, "otherItems": {}, "netIncome": 4664100000, "netIncomeApplicableToCommonShares": 4664100000}, {"maxAge": 1, "endDate": "2020-06-30", "totalRevenue": 71086100000, "costOfRevenue": 0, "grossProfit": 71086100000, "researchDevelopment": {}, "sellingGeneralAdministrative": 32179600000, "nonRecurring": {}, "otherOperatingExpenses": 33229450000, "totalOperatingExpenses": 65409050000, "operatingIncome": 5677050000, "totalOtherIncomeExpenseNet": 346050000, "ebit": 0, "interestExpense": {}, "incomeBeforeTax": 6023100000, "incomeTaxExpense": 1188600000, "minorityInterest": 7494600000, "netIncomeFromContinuingOps": 4834500000, "discontinuedOperations": {}, "extraordinaryItems": {}, "effectOfAccountingCharges": {}, "otherItems": {}, "netIncome": 4725450000, "netIncomeApplicableToCommonShares": 4725450000}, {"maxAge": 1, "endDate": "2020-03-31", "totalRevenue": 11949415000, "costOfRevenue": 0, "grossProfit": 11949415000, "researchDevelopment": {}, "sellingGeneralAdministrative": 50930713000, "nonRecurring": {}, "otherOperatingExpenses": -6351859000, "totalOperatingExpenses": 44578854000, "operatingIncome": -32629439000, "totalOtherIncomeExpenseNet": 17170000, "ebit": 0, "interestExpense": {}, "incomeBeforeTax": -32612269000, "incomeTaxExpense": -546400000, "minorityInterest": 7301030000, "netIncomeFromContinuingOps": -32065869000, "discontinuedOperations": {}, "extraordinaryItems": {}, "effectOfAccountingCharges": {}, "otherItems": {}, "netIncome": -32099816000, "netIncomeApplicableToCommonShares": -32099816000}], "maxAge": 86400}, "cashflowStatementHistoryQuarterly": {"cashflowStatements": [{"maxAge": 1, "endDate": "2020-12-31", "netIncome": 7497300000, "changeToLiabilities": 0}, {"maxAge": 1, "endDate": "2020-09-30", "netIncome": 4664100000, "depreciation": 2175150000, "changeToNetincome": 54317400000, "changeToLiabilities": 0, "changeToOperatingActivities": -195133250000, "totalCashFromOperatingActivities": -133915250000, "capitalExpenditures": -2466500000, "totalCashflowsFromInvestingActivities": -2545550000, "netBorrowings": -2841000000, "otherCashflowsFromFinancingActivities": 211505450000, "totalCashFromFinancingActivities": 208664450000, "effectOfExchangeRate": -106850000, "changeInCash": 72096800000}, {"maxAge": 1, "endDate": "2020-06-30", "netIncome": 4725450000, "depreciation": 2175150000, "changeToNetincome": 54317400000, "changeToLiabilities": 0, "changeToOperatingActivities": -195133250000, "totalCashFromOperatingActivities": -133915250000, "capitalExpenditures": -2466500000, "totalCashflowsFromInvestingActivities": -2545550000, "netBorrowings": -2841000000, "otherCashflowsFromFinancingActivities": 211505450000, "totalCashFromFinancingActivities": 208664450000, "effectOfExchangeRate": -106850000, "changeInCash": 72096800000}, {"maxAge": 1, "endDate": "2020-03-31", "netIncome": -32099816000, "depreciation": 2175150000, "changeToNetincome": 54317400000, "changeToLiabilities": 0, "changeToOperatingActivities": -195133250000, "totalCashFromOperatingActivities": -133915250000, "capitalExpenditures": -2466500000, "totalCashflowsFromInvestingActivities": -2545550000, "netBorrowings": -2841000000, "otherCashflowsFromFinancingActivities": 211505450000, "totalCashFromFinancingActivities": 208664450000, "effectOfExchangeRate": -106850000, "changeInCash": 72096800000}], "maxAge": 86400}, "earnings": {"maxAge": 86400, "earningsChart": {"quarterly": [{"date": "2Q2017", "actual": 4.21, "estimate": 4.6}, {"date": "3Q2017", "actual": 4.36, "estimate": 5.18}, {"date": "4Q2017", "actual": 2.11, "estimate": -0.4}, {"date": "1Q2018", "actual": -80.35, "estimate": -10.55}], "currentQuarterEstimate": -7.52, "currentQuarterEstimateDate": "2Q", "currentQuarterEstimateYear": 2018, "earningsDate": []}, "financialsChart": {"yearly": [{"date": 2017, "revenue": 103584704000, "earnings": 13582752000}, {"date": 2018, "revenue": 34298667000, "earnings": -39513951000}, {"date": 2019, "revenue": 124544852000, "earnings": 6018528000}, {"date": 2020, "revenue": 145534615000, "earnings": -19864316000}], "quarterly": [{"date": "1Q2020", "revenue": 11949415000, "earnings": -32099816000}, {"date": "2Q2020", "revenue": 71086100000, "earnings": 4725450000}, {"date": "3Q2020", "revenue": 72720800000, "earnings": 4664100000}, {"date": "4Q2020", "revenue": 90352200000, "earnings": 7497300000}]}, "financialCurrency": "INR"}, "financialData": {"maxAge": 86400, "currentPrice": 138.75, "targetHighPrice": 383.0, "targetLowPrice": 190.0, "targetMeanPrice": 275.95, "targetMedianPrice": 266.0, "recommendationMean": 3.6, "recommendationKey": "underperform", "numberOfAnalystOpinions": 19, "totalCash": 345286410240, "totalCashPerShare": 230.734, "totalDebt": 569286328320, "totalRevenue": 244473806848, "revenuePerShare": 179.893, "grossProfits": 145534615000, "earningsGrowth": -0.016, "revenueGrowth": 0.839, "grossMargins": 0.0, "ebitdaMargins": 0.0, "operatingMargins": -0.04183, "profitMargins": -0.061979998, "financialCurrency": "INR"}}}