{"CANDC.BO": {"cashflowStatementHistory": {"cashflowStatements": [{"maxAge": 1, "endDate": "2018-03-31", "netIncome": 73501173, "depreciation": 672611421, "changeToNetincome": 2658787059, "changeToAccountReceivables": -765870926, "changeToLiabilities": 875615890, "changeToInventory": -34297893, "changeToOperatingActivities": 864617411, "totalCashFromOperatingActivities": 4345176079, "capitalExpenditures": -1040813201, "investments": 58293342, "otherCashflowsFromInvestingActivities": -117414653, "totalCashflowsFromInvestingActivities": -603654183, "netBorrowings": -1191257732, "otherCashflowsFromFinancingActivities": -2657512530, "totalCashFromFinancingActivities": -3848770262, "changeInCash": -107248366}, {"maxAge": 1, "endDate": "2017-03-31", "netIncome": 142050763, "depreciation": 1505763095, "changeToNetincome": 2487512452, "changeToAccountReceivables": -974618805, "changeToLiabilities": -1089046432, "changeToInventory": 548301414, "changeToOperatingActivities": -74520095, "totalCashFromOperatingActivities": 2546313032, "capitalExpenditures": -534875357, "investments": -192945109, "otherCashflowsFromInvestingActivities": -189791115, "totalCashflowsFromInvestingActivities": -851961138, "netBorrowings": 555755525, "otherCashflowsFromFinancingActivities": -2438582560, "totalCashFromFinancingActivities": -1882827035, "changeInCash": -188475141}, {"maxAge": 1, "endDate": "2016-03-31", "netIncome": -658812160, "depreciation": 1098042392, "changeToNetincome": 2470123596, "changeToAccountReceivables": 223093278, "changeToLiabilities": -107431973, "changeToInventory": -652441170, "changeToOperatingActivities": 2038548824, "totalCashFromOperatingActivities": 4732797483, "capitalExpenditures": -508222540, "investments": -173199957, "otherCashflowsFromInvestingActivities": 1333, "totalCashflowsFromInvestingActivities": -679586497, "netBorrowings": -1239487690, "otherCashflowsFromFinancingActivities": -2680160663, "totalCashFromFinancingActivities": -3919648353, "changeInCash": 133562633}, {"maxAge": 1, "endDate": "2015-06-30", "netIncome": -1756871795, "depreciation": 829072000, "changeToNetincome": 1981506795, "changeToAccountReceivables": 965411000, "changeToLiabilities": -75680000, "changeToInventory": 815309000, "changeToOperatingActivities": 157033000, "totalCashFromOperatingActivities": 2915780000, "capitalExpenditures": -2227028000, "investments": 44281000, "otherCashflowsFromInvestingActivities": 1333, "totalCashflowsFromInvestingActivities": -2144935000, "netBorrowings": 559125000, "otherCashflowsFromFinancingActivities": -1877991000, "totalCashFromFinancingActivities": -1318866000, "changeInCash": -548021000}], "maxAge": 86400}, "institutionOwnership": {"maxAge": 1, "ownershipList": []}, "balanceSheetHistoryQuarterly": {"balanceSheetStatements": [{"maxAge": 1, "endDate": "2018-12-31", "totalStockholderEquity": -26895000, "netTangibleAssets": -5504208000}, {"maxAge": 1, "endDate": "2018-09-30", "cash": 573417000, "netReceivables": 4366355000, "inventory": 1765501000, "otherCurrentAssets": 12809757000, "totalCurrentAssets": 19515030000, "longTermInvestments": 1386000, "propertyPlantEquipment": 6157094000, "intangibleAssets": 5477313000, "otherAssets": 8130618000, "totalAssets": 39281441000, "accountsPayable": 3742453000, "otherCurrentLiab": 18160700000, "longTermDebt": 12865563000, "otherLiab": 1899623000, "minorityInterest": 1000, "totalCurrentLiabilities": 24543149000, "totalLiab": 39308335000, "commonStock": 254453000, "treasuryStock": -281348000, "otherStockholderEquity": -281348000, "totalStockholderEquity": -26895000, "netTangibleAssets": -5504208000}, {"maxAge": 1, "endDate": "2018-06-30", "totalStockholderEquity": -132372018, "netTangibleAssets": -5607240623}, {"maxAge": 1, "endDate": "2018-03-31", "cash": 194202698, "shortTermInvestments": 4011079977, "netReceivables": 6353029941, "inventory": 1997293892, "otherCurrentAssets": 4870035101, "totalCurrentAssets": 17919251459, "longTermInvestments": 312029925, "propertyPlantEquipment": 6138128116, "intangibleAssets": 5474868605, "otherAssets": 8989181739, "totalAssets": 38833459844, "accountsPayable": 2829005087, "shortLongTermDebt": 4759348440, "otherCurrentLiab": 5257823595, "longTermDebt": 13486779069, "otherLiab": 2196075420, "deferredLongTermLiab": 6402190, "minorityInterest": 1271, "totalCurrentLiabilities": 23282976102, "totalLiab": 38965830591, "commonStock": 254452650, "retainedEarnings": -3851665302, "treasuryStock": 380047346, "capitalSurplus": 3084793288, "otherStockholderEquity": 380047346, "totalStockholderEquity": -132372018, "netTangibleAssets": -5607240623}], "maxAge": 86400}, "indexTrend": {"maxAge": 1, "symbol": "SP5", "peRatio": 19.7411, "pegRatio": 1.34172, "estimates": [{"period": "0q", "growth": 0.549}, {"period": "+1q", "growth": 0.431}, {"period": "0y", "growth": 0.305}, {"period": "+1y", "growth": 0.109}, {"period": "+5y", "growth": 0.120865}, {"period": "-5y"}]}, "insiderTransactions": {"transactions": [{"maxAge": 1, "shares": 722200, "filerUrl": "", "transactionText": "", "filerName": "S J Leasing & Investment Pvt. Ltd.", "filerRelation": "Promoter", "moneyText": "", "startDate": "2012-09-05", "ownership": "D"}, {"maxAge": 1, "shares": 184187, "filerUrl": "", "transactionText": "", "filerName": "S J Leasing & Investment Pvt. Ltd.", "filerRelation": "Promoter", "moneyText": "", "startDate": "2012-09-05", "ownership": "D"}, {"maxAge": 1, "shares": 2056005, "filerUrl": "", "transactionText": "", "filerName": "India Ventures Trust", "filerRelation": "Institution- Corporation", "moneyText": "", "startDate": "2011-10-20", "ownership": "D"}, {"maxAge": 1, "shares": 26176, "filerUrl": "", "transactionText": "", "filerName": "Gupta (Sanjay)", "filerRelation": "Director", "moneyText": "", "startDate": "2011-07-27", "ownership": "D"}, {"maxAge": 1, "shares": 8000, "filerUrl": "", "transactionText": "", "filerName": "Gupta (Sanjay)", "filerRelation": "Director", "moneyText": "", "startDate": "2011-07-19", "ownership": "D"}, {"maxAge": 1, "shares": 30131, "filerUrl": "", "transactionText": "", "filerName": "Gupta (Sanjay)", "filerRelation": "Director", "moneyText": "", "startDate": "2011-07-18", "ownership": "D"}, {"maxAge": 1, "shares": 40804, "filerUrl": "", "transactionText": "", "filerName": "Sethi (Charanbir Singh)", "filerRelation": "Managing Director", "moneyText": "", "startDate": "2011-07-04", "ownership": "D"}, {"maxAge": 1, "shares": 39040, "filerUrl": "", "transactionText": "", "filerName": "Singh (Rajbir)", "filerRelation": "Director", "moneyText": "", "startDate": "2011-06-30", "ownership": "D"}, {"maxAge": 1, "shares": 10000, "filerUrl": "", "transactionText": "", "filerName": "Chadha (Amrit Pal Singh)", "filerRelation": "Director", "moneyText": "", "startDate": "2011-06-29", "ownership": "D"}, {"maxAge": 1, "shares": 7000, "filerUrl": "", "transactionText": "", "filerName": "Singh (Rajbir)", "filerRelation": "Director", "moneyText": "", "startDate": "2010-02-15", "ownership": "D"}, {"maxAge": 1, "shares": 8722, "filerUrl": "", "transactionText": "", "filerName": "Singh (Rajbir)", "filerRelation": "Director", "moneyText": "", "startDate": "2010-02-06", "ownership": "D"}, {"maxAge": 1, "shares": 6000, "filerUrl": "", "transactionText": "", "filerName": "Singh (Rajbir)", "filerRelation": "Director", "moneyText": "", "startDate": "2010-01-28", "ownership": "D"}, {"maxAge": 1, "shares": 3000, "filerUrl": "", "transactionText": "", "filerName": "Singh (Rajbir)", "filerRelation": "Director", "moneyText": "", "startDate": "2009-11-04", "ownership": "D"}], "maxAge": 1}, "quoteType": {"exchange": "BSE", "quoteType": "EQUITY", "symbol": "CANDC.BO", "underlyingSymbol": "CANDC.BO", "shortName": "C & C CONSTRUCTIONS LTD.", "longName": "C & C Constructions Limited", "firstTradeDateEpochUtc": "2007-02-26 09:15:00", "timeZoneFullName": "Asia/Kolkata", "timeZoneShortName": "IST", "uuid": "f1ec2f2a-5d84-3cd1-9a81-cdc3a8015d48", "messageBoardId": null, "gmtOffSetMilliseconds": 19800000, "maxAge": 1}, "incomeStatementHistory": {"incomeStatementHistory": [{"maxAge": 1, "endDate": "2018-03-31", "totalRevenue": 10846920770, "costOfRevenue": 6560332014, "grossProfit": 4286588756, "researchDevelopment": {}, "sellingGeneralAdministrative": 892152099, "nonRecurring": {}, "otherOperatingExpenses": 650243447, "totalOperatingExpenses": 8775550925, "operatingIncome": 2071369845, "totalOtherIncomeExpenseNet": -1966404194, "ebit": 2071369845, "interestExpense": -2608893410, "incomeBeforeTax": 104965651, "incomeTaxExpense": 31464478, "minorityInterest": 1271, "netIncomeFromContinuingOps": 73501173, "discontinuedOperations": {}, "extraordinaryItems": {}, "effectOfAccountingCharges": {}, "otherItems": {}, "netIncome": 73501173, "netIncomeApplicableToCommonShares": 73501173}, {"maxAge": 1, "endDate": "2017-03-31", "totalRevenue": 12546526311, "costOfRevenue": 6406745251, "grossProfit": 6139781060, "researchDevelopment": {}, "sellingGeneralAdministrative": 1111513646, "nonRecurring": {}, "otherOperatingExpenses": 726878001, "totalOperatingExpenses": 9751770633, "operatingIncome": 2794755678, "totalOtherIncomeExpenseNet": -2538684735, "ebit": 2794755678, "interestExpense": -2504790245, "incomeBeforeTax": 256070943, "incomeTaxExpense": 114020180, "minorityInterest": 310, "netIncomeFromContinuingOps": 142050763, "discontinuedOperations": {}, "extraordinaryItems": {}, "effectOfAccountingCharges": {}, "otherItems": {}, "netIncome": 142050763, "netIncomeApplicableToCommonShares": 142050763}, {"maxAge": 1, "endDate": "2016-03-31", "totalRevenue": 12272678682, "costOfRevenue": 7451176547, "grossProfit": 4821502135, "researchDevelopment": {}, "sellingGeneralAdministrative": 1162793923, "nonRecurring": {}, "otherOperatingExpenses": 681524794, "totalOperatingExpenses": 10484197420, "operatingIncome": 1788481262, "totalOtherIncomeExpenseNet": -2423099930, "ebit": 1788481262, "interestExpense": -2513713505, "incomeBeforeTax": -634618668, "incomeTaxExpense": 24193492, "minorityInterest": 310, "netIncomeFromContinuingOps": -658812160, "discontinuedOperations": {}, "extraordinaryItems": {}, "effectOfAccountingCharges": {}, "otherItems": {}, "netIncome": -658812160, "netIncomeApplicableToCommonShares": -658812160}, {"maxAge": 1, "endDate": "2015-06-30", "totalRevenue": 10979408119, "costOfRevenue": 7890865816, "grossProfit": 3088542303, "researchDevelopment": {}, "sellingGeneralAdministrative": 1332516509, "nonRecurring": {}, "otherOperatingExpenses": 576738383, "totalOperatingExpenses": 10629192362, "operatingIncome": 350215757, "totalOtherIncomeExpenseNet": -2033259071, "ebit": 350215757, "interestExpense": -1934241055, "incomeBeforeTax": -1683043314, "incomeTaxExpense": 73828481, "minorityInterest": 310, "netIncomeFromContinuingOps": -1756871795, "discontinuedOperations": {}, "extraordinaryItems": {}, "effectOfAccountingCharges": {}, "otherItems": {}, "netIncome": -1756871795, "netIncomeApplicableToCommonShares": -1756871795}], "maxAge": 86400}, "fundOwnership": {"maxAge": 1, "ownershipList": []}, "summaryDetail": {"maxAge": 1, "priceHint": 4, "previousClose": 4.42, "open": 4.2, "dayLow": 4.2, "dayHigh": 4.64, "regularMarketPreviousClose": 4.42, "regularMarketOpen": 4.2, "regularMarketDayLow": 4.2, "regularMarketDayHigh": 4.64, "volume": 555, "regularMarketVolume": 555, "averageVolume": 18852, "averageVolume10days": 3156, "averageDailyVolume10Day": 3156, "bid": 4.23, "ask": 4.52, "bidSize": 0, "askSize": 0, "marketCap": 88587200, "fiftyTwoWeekLow": 1.91, "fiftyTwoWeekHigh": 7.75, "fiftyDayAverage": 6.481143, "twoHundredDayAverage": 4.0864234, "currency": "INR", "fromCurrency": null, "toCurrency": null, "lastMarket": null, "algorithm": null, "tradeable": false}, "incomeStatementHistoryQuarterly": {"incomeStatementHistory": [{"maxAge": 1, "endDate": "2018-12-31", "totalRevenue": 2635087000, "costOfRevenue": 1867632000, "grossProfit": 767455000, "researchDevelopment": {}, "sellingGeneralAdministrative": 230936000, "nonRecurring": {}, "otherOperatingExpenses": 27115000, "totalOperatingExpenses": 2282332000, "operatingIncome": 352755000, "totalOtherIncomeExpenseNet": -438300000, "ebit": 352755000, "interestExpense": -499490000, "incomeBeforeTax": -85545000, "incomeTaxExpense": -1386000, "minorityInterest": {}, "netIncomeFromContinuingOps": -84159000, "discontinuedOperations": {}, "extraordinaryItems": {}, "effectOfAccountingCharges": {}, "otherItems": {}, "netIncome": -84159000, "netIncomeApplicableToCommonShares": -84159000}, {"maxAge": 1, "endDate": "2018-09-30", "totalRevenue": 2790789000, "costOfRevenue": 1687216000, "grossProfit": 1103573000, "researchDevelopment": {}, "sellingGeneralAdministrative": 218933000, "nonRecurring": {}, "otherOperatingExpenses": 170086000, "totalOperatingExpenses": 2214553000, "operatingIncome": 576236000, "totalOtherIncomeExpenseNet": -563359000, "ebit": 576236000, "interestExpense": -614171000, "incomeBeforeTax": 12877000, "incomeTaxExpense": -1273000, "minorityInterest": 1000, "netIncomeFromContinuingOps": 14150000, "discontinuedOperations": {}, "extraordinaryItems": {}, "effectOfAccountingCharges": {}, "otherItems": {}, "netIncome": 14150000, "netIncomeApplicableToCommonShares": 14150000}, {"maxAge": 1, "endDate": "2018-06-30", "totalRevenue": 2810429000, "costOfRevenue": 1840422000, "grossProfit": 970007000, "researchDevelopment": {}, "sellingGeneralAdministrative": 201662000, "nonRecurring": {}, "otherOperatingExpenses": 182295500, "totalOperatingExpenses": 2360055000, "operatingIncome": 450374000, "totalOtherIncomeExpenseNet": -401204500, "ebit": 450374000, "interestExpense": -451206000, "incomeBeforeTax": 49169500, "incomeTaxExpense": -3503500, "minorityInterest": 1000, "netIncomeFromContinuingOps": 52673000, "discontinuedOperations": {}, "extraordinaryItems": {}, "effectOfAccountingCharges": {}, "otherItems": {}, "netIncome": 52673000, "netIncomeApplicableToCommonShares": 52673000}, {"maxAge": 1, "endDate": "2018-03-31", "totalRevenue": 2898245770, "costOfRevenue": 2320543014, "grossProfit": 577702756, "researchDevelopment": {}, "sellingGeneralAdministrative": 295920099, "nonRecurring": {}, "otherOperatingExpenses": 16437447, "totalOperatingExpenses": 2869835925, "operatingIncome": 28409845, "totalOtherIncomeExpenseNet": -297529194, "ebit": 28409845, "interestExpense": -940017410, "incomeBeforeTax": -269119349, "incomeTaxExpense": 54888478, "minorityInterest": 1271, "netIncomeFromContinuingOps": -324007827, "discontinuedOperations": {}, "extraordinaryItems": {}, "effectOfAccountingCharges": {}, "otherItems": {}, "netIncome": -324007827, "netIncomeApplicableToCommonShares": -324007827}], "maxAge": 86400}, "cashflowStatementHistoryQuarterly": {"cashflowStatements": [{"maxAge": 1, "endDate": "2018-12-31", "netIncome": -84159000, "changeToLiabilities": 0}, {"maxAge": 1, "endDate": "2018-09-30", "netIncome": 14150000, "changeToLiabilities": 0}, {"maxAge": 1, "endDate": "2018-06-30", "netIncome": 52673000, "changeToLiabilities": 0}, {"maxAge": 1, "endDate": "2018-03-31", "netIncome": -324007827, "changeToLiabilities": 0}], "maxAge": 86400}, "insiderHolders": {"holders": [{"maxAge": 1, "name": "Chadha (Amrit Pal Singh)", "relation": "Director", "url": "", "transactionDescription": "Acquisition", "latestTransDate": "2011-06-29", "positionDirect": 2284814, "positionDirectDate": "2011-06-29"}, {"maxAge": 1, "name": "Gupta (Sanjay)", "relation": "Director", "url": "", "transactionDescription": "Acquisition", "latestTransDate": "2011-07-27", "positionDirect": 527959, "positionDirectDate": "2011-07-27"}, {"maxAge": 1, "name": "India Ventures Trust", "relation": "Institution- Corporation", "url": "", "transactionDescription": "Acquisition", "latestTransDate": "2011-10-20", "positionDirect": 2056005, "positionDirectDate": "2011-10-20"}, {"maxAge": 1, "name": "S J Leasing & Investment Pvt. Ltd.", "relation": "Promoter", "url": "", "transactionDescription": "Sale", "latestTransDate": "2012-09-05", "positionDirect": 2243613, "positionDirectDate": "2012-09-05"}, {"maxAge": 1, "name": "Sethi (Charanbir Singh)", "relation": "Managing Director", "url": "", "transactionDescription": "Acquisition", "latestTransDate": "2011-07-04", "positionDirect": 2427800, "positionDirectDate": "2011-07-04"}, {"maxAge": 1, "name": "Singh (Rajbir)", "relation": "Director", "url": "", "transactionDescription": "Acquisition", "latestTransDate": "2011-06-30", "positionDirect": 2627208, "positionDirectDate": "2011-06-30"}], "maxAge": 1}, "calendarEvents": {"maxAge": 1, "earnings": {"earningsDate": ["2020-02-13 05:30:S", "2020-02-14 05:30:S"]}}, "price": {"maxAge": 1, "regularMarketChangePercent": -0.042986438, "regularMarketChange": -0.19000006, "regularMarketTime": "2021-04-30 14:33:14", "priceHint": 4, "regularMarketPrice": 4.23, "regularMarketDayHigh": 4.64, "regularMarketDayLow": 4.2, "regularMarketVolume": 555, "averageDailyVolume10Day": 3156, "averageDailyVolume3Month": 18852, "regularMarketPreviousClose": 4.42, "regularMarketSource": "FREE_REALTIME", "regularMarketOpen": 4.2, "exchange": "BSE", "exchangeName": "BSE", "exchangeDataDelayedBy": 0, "marketState": "CLOSED", "quoteType": "EQUITY", "symbol": "CANDC.BO", "underlyingSymbol": null, "shortName": "C & C CONSTRUCTIONS LTD.", "longName": "C & C Constructions Limited", "currency": "INR", "quoteSourceName": "Delayed Quote", "currencySymbol": "\u20b9", "fromCurrency": null, "toCurrency": null, "lastMarket": null, "marketCap": 88587200}, "balanceSheetHistory": {"balanceSheetStatements": [{"maxAge": 1, "endDate": "2018-03-31", "cash": 194202698, "shortTermInvestments": 4011079977, "netReceivables": 6353029941, "inventory": 1997293892, "otherCurrentAssets": 4870035101, "totalCurrentAssets": 17919251459, "longTermInvestments": 312029925, "propertyPlantEquipment": 6138128116, "intangibleAssets": 5474868605, "otherAssets": 8989181739, "totalAssets": 38833459844, "accountsPayable": 2829005087, "shortLongTermDebt": 4759348440, "otherCurrentLiab": 5257823595, "longTermDebt": 13486779069, "otherLiab": 2196075420, "deferredLongTermLiab": 6402190, "minorityInterest": 1271, "totalCurrentLiabilities": 23282976102, "totalLiab": 38965830591, "commonStock": 254452650, "retainedEarnings": -3851665302, "treasuryStock": 380047346, "capitalSurplus": 3084793288, "otherStockholderEquity": 380047346, "totalStockholderEquity": -132372018, "netTangibleAssets": -5607240623}, {"maxAge": 1, "endDate": "2017-03-31", "cash": 301451064, "shortTermInvestments": 4427923798, "netReceivables": 5573271334, "inventory": 1962995998, "otherCurrentAssets": 5144044226, "totalCurrentAssets": 17970503937, "longTermInvestments": 370432056, "propertyPlantEquipment": 6052781679, "intangibleAssets": 5657048098, "otherAssets": 7349121374, "totalAssets": 37399887144, "accountsPayable": 1953389197, "shortLongTermDebt": 4527202394, "otherCurrentLiab": 4575238435, "longTermDebt": 14665760886, "otherLiab": 1694283960, "deferredLongTermLiab": 6402190, "minorityInterest": 310, "totalCurrentLiabilities": 21247055528, "totalLiab": 37607100374, "commonStock": 254452650, "retainedEarnings": -3926506824, "treasuryStock": 380047346, "capitalSurplus": 3084793288, "otherStockholderEquity": 380047346, "totalStockholderEquity": -207213540, "netTangibleAssets": -5864261638}, {"maxAge": 1, "endDate": "2016-03-31", "cash": 684823225, "netReceivables": 2883426906, "inventory": 3966383389, "otherCurrentAssets": 3685271422, "totalCurrentAssets": 11219904942, "longTermInvestments": 169662553, "propertyPlantEquipment": 6232478689, "intangibleAssets": 11493418513, "otherAssets": 8213186869, "totalAssets": 37328651566, "accountsPayable": 3042435629, "shortLongTermDebt": 3430453151, "otherCurrentLiab": 5133463673, "longTermDebt": 16023527695, "otherLiab": 1952525431, "deferredLongTermLiab": 217825, "minorityInterest": 310, "totalCurrentLiabilities": 18921924776, "totalLiab": 36897977902, "commonStock": 254452650, "retainedEarnings": -4070827933, "treasuryStock": 1162255348, "capitalSurplus": 3084793289, "otherStockholderEquity": 1162255348, "totalStockholderEquity": 430673354, "netTangibleAssets": -11062745159}, {"maxAge": 1, "endDate": "2015-06-30", "cash": 584651567, "netReceivables": 3191805960, "inventory": 3477052559, "otherCurrentAssets": 3055829123, "totalCurrentAssets": 10309339209, "longTermInvestments": 39767553, "propertyPlantEquipment": 3152803398, "intangibleAssets": 15047925949, "otherAssets": 8842536934, "totalAssets": 37392373043, "accountsPayable": 3305399436, "shortLongTermDebt": 2788255330, "otherCurrentLiab": 5019481714, "longTermDebt": 17538371997, "otherLiab": 1655051802, "deferredLongTermLiab": 6620015, "minorityInterest": 310, "totalCurrentLiabilities": 17520707169, "totalLiab": 36714130968, "commonStock": 254452650, "retainedEarnings": -3817974773, "treasuryStock": 1156970599, "capitalSurplus": 3084793289, "otherStockholderEquity": 1156970599, "totalStockholderEquity": 678241765, "netTangibleAssets": -14369684184}], "maxAge": 86400}, "financialData": {"maxAge": 86400, "currentPrice": 4.23, "recommendationKey": "none", "grossProfits": 4286588756, "financialCurrency": "INR"}}}