{"CANFINHOME.NS": {"assetProfile": {"address1": "No. 29/1, Sir M N Krishna Rao Road", "address2": "1st Floor Near Lalbagh West Gate Basavanagudi", "city": "Bengaluru", "zip": "560004", "country": "India", "phone": "91 80 2656 4259", "fax": "91 80 2656 5746", "website": "http://www.canfinhomes.com", "industry": "Mortgage Finance", "sector": "Financial Services", "longBusinessSummary": "Can Fin Homes Limited provides housing finance services primarily to individuals and builders/developers in India. The company offers housing loans, such as individual housing loans, affordable housing loans, composite loans, and top-up loans; and non-housing loans, including mortgage loans, site loans, loans for commercial properties, loans against rent receivables, personal loans, loans for children education, and loans for pensioners, as well as fixed and cumulative deposits. As of March 31, 2020, it operated 165 branches, 21 affordable housing loan centers, and 14 satellite offices. Can Fin Homes Limited was founded in 1987 and is headquartered in Bengaluru, India.", "fullTimeEmployees": 652, "companyOfficers": [{"maxAge": 1, "name": "Mr. Girish  Kousgi", "age": 49, "title": "MD, CEO & Exec. Director", "yearBorn": 1971, "fiscalYear": 2020, "totalPay": 10053939, "exercisedValue": 0, "unexercisedValue": 0}, {"maxAge": 1, "name": "Mr. Prashanth  Joishy", "title": "Assistant GM & CFO", "fiscalYear": 2020, "totalPay": 3932096, "exercisedValue": 0, "unexercisedValue": 0}, {"maxAge": 1, "name": "Ms. Veena G. Kamath", "title": "Assistant GM, Compliance Officer & Company Sec.", "fiscalYear": 2020, "totalPay": 1641478, "exercisedValue": 0, "unexercisedValue": 0}, {"maxAge": 1, "name": "Ms. Shamila  Mangalore", "title": "Gen. Mang.", "fiscalYear": 2020, "totalPay": 2018597, "exercisedValue": 0, "unexercisedValue": 0}, {"maxAge": 1, "name": "Mr. Shreekant Mohanrao Bhandiwad", "age": 51, "title": "Deputy MD & Whole-Time Director", "yearBorn": 1969, "fiscalYear": 2020, "totalPay": 1880481, "exercisedValue": 0, "unexercisedValue": 0}, {"maxAge": 1, "name": "Mr. H. R. Narendra", "title": "Chief Risk Officer & Assistant GM", "exercisedValue": 0, "unexercisedValue": 0}], "compensationAsOfEpochDate": "2020-12-31 05:30:00", "maxAge": 86400}, "recommendationTrend": {"trend": [{"period": "0m", "strongBuy": 0, "buy": 0, "hold": 0, "sell": 0, "strongSell": 0}, {"period": "-1m", "strongBuy": 0, "buy": 0, "hold": 0, "sell": 0, "strongSell": 0}, {"period": "-2m", "strongBuy": 0, "buy": 0, "hold": 0, "sell": 0, "strongSell": 0}, {"period": "-3m", "strongBuy": 0, "buy": 0, "hold": 0, "sell": 0, "strongSell": 0}], "maxAge": 86400}, "cashflowStatementHistory": {"cashflowStatements": [{"maxAge": 1, "endDate": "2020-03-31", "netIncome": 3761235000, "depreciation": 94713000, "changeToNetincome": 1969885000, "changeToLiabilities": 7738000, "changeToOperatingActivities": -24254725000, "totalCashFromOperatingActivities": -18421154000, "capitalExpenditures": -37431000, "investments": -80348000, "otherCashflowsFromInvestingActivities": -14012000, "totalCashflowsFromInvestingActivities": -131417000, "dividendsPaid": -266308000, "netBorrowings": 18581473000, "otherCashflowsFromFinancingActivities": -54746000, "totalCashFromFinancingActivities": 18260419000, "changeInCash": -292152000}, {"maxAge": 1, "endDate": "2019-03-31", "netIncome": 2967369000, "depreciation": 29688000, "changeToNetincome": 2113566000, "changeToLiabilities": -65372000, "changeToOperatingActivities": -28394525000, "totalCashFromOperatingActivities": -23349274000, "capitalExpenditures": -33270000, "investments": -650000, "otherCashflowsFromInvestingActivities": -4375000, "totalCashflowsFromInvestingActivities": -37070000, "dividendsPaid": -266308000, "netBorrowings": 27715399000, "otherCashflowsFromFinancingActivities": -54740000, "totalCashFromFinancingActivities": 27394351000, "changeInCash": 4008005000}, {"maxAge": 1, "endDate": "2018-03-31", "netIncome": 2861923000, "depreciation": 30866000, "changeToNetincome": 2540910000, "changeToLiabilities": 63694000, "changeToOperatingActivities": -25679630000, "totalCashFromOperatingActivities": -20182237000, "capitalExpenditures": -25703000, "investments": -650000, "otherCashflowsFromInvestingActivities": 2888000, "totalCashflowsFromInvestingActivities": -20804000, "dividendsPaid": -266308000, "netBorrowings": 20513958000, "otherCashflowsFromFinancingActivities": -54218000, "totalCashFromFinancingActivities": 20193432000, "changeInCash": -9608000}, {"maxAge": 1, "endDate": "2017-03-31", "netIncome": 2352588000, "depreciation": 37322000, "changeToNetincome": 377897000, "changeToLiabilities": 0, "changeToOperatingActivities": -26326697000, "totalCashFromOperatingActivities": -23558890000, "capitalExpenditures": -45004000, "investments": -650000, "otherCashflowsFromInvestingActivities": -24309000, "totalCashflowsFromInvestingActivities": -68914000, "dividendsPaid": -320523000, "netBorrowings": 23892634000, "otherCashflowsFromFinancingActivities": 56800000, "totalCashFromFinancingActivities": 23628911000, "changeInCash": 1107000}], "maxAge": 86400}, "indexTrend": {"maxAge": 1, "symbol": "SP5", "peRatio": 19.7411, "pegRatio": 1.34172, "estimates": [{"period": "0q", "growth": 0.549}, {"period": "+1q", "growth": 0.431}, {"period": "0y", "growth": 0.305}, {"period": "+1y", "growth": 0.109}, {"period": "+5y", "growth": 0.120865}, {"period": "-5y"}]}, "defaultKeyStatistics": {"maxAge": 1, "priceHint": 2, "enterpriseValue": 256512409600, "forwardPE": 17.803123, "profitMargins": 0.6254, "floatShares": 75986279, "sharesOutstanding": 133154000, "heldPercentInsiders": 0.42921, "heldPercentInstitutions": 0.21824, "beta": 0.493832, "category": null, "bookValue": 177.243, "priceToBook": 3.2805247, "fundFamily": null, "legalType": null, "lastFiscalYearEnd": "2020-03-31 05:30:00", "nextFiscalYearEnd": "2022-03-31 05:30:00", "mostRecentQuarter": "2020-12-31 05:30:00", "earningsQuarterlyGrowth": 0.237, "netIncomeToCommon": 4444025856, "trailingEps": 33.377, "forwardEps": 32.66, "pegRatio": 0.32, "lastSplitFactor": "5:1", "lastSplitDate": "2017-10-12 05:30:00", "enterpriseToRevenue": 36.099, "52WeekChange": 0.93687546, "SandP52WeekChange": 0.48148263, "lastDividendValue": 2.0, "lastDividendDate": 1597795200}, "industryTrend": {"maxAge": 1, "symbol": null, "estimates": []}, "quoteType": {"exchange": "NSI", "quoteType": "EQUITY", "symbol": "CANFINHOME.NS", "underlyingSymbol": "CANFINHOME.NS", "shortName": "CANFIN HOMES", "longName": "Can Fin Homes Limited", "firstTradeDateEpochUtc": "2002-07-01 09:15:00", "timeZoneFullName": "Asia/Kolkata", "timeZoneShortName": "IST", "uuid": "aac9eb12-bb8f-3acb-9963-4a9c311d1a5b", "messageBoardId": "finmb_9141696", "gmtOffSetMilliseconds": 19800000, "maxAge": 1}, "incomeStatementHistory": {"incomeStatementHistory": [{"maxAge": 1, "endDate": "2020-03-31", "totalRevenue": 6285426000, "costOfRevenue": 133759000, "grossProfit": 6151667000, "researchDevelopment": {}, "sellingGeneralAdministrative": 553410000, "nonRecurring": {}, "otherOperatingExpenses": 320495000, "totalOperatingExpenses": 1102377000, "operatingIncome": 5183049000, "totalOtherIncomeExpenseNet": -184000, "ebit": 0, "interestExpense": {}, "incomeBeforeTax": 5182865000, "incomeTaxExpense": 1421630000, "minorityInterest": {}, "netIncomeFromContinuingOps": 3761235000, "discontinuedOperations": {}, "extraordinaryItems": {}, "effectOfAccountingCharges": {}, "otherItems": {}, "netIncome": 3761235000, "netIncomeApplicableToCommonShares": 3761235000}, {"maxAge": 1, "endDate": "2019-03-31", "totalRevenue": 5598442000, "costOfRevenue": 118298000, "grossProfit": 5480144000, "researchDevelopment": {}, "sellingGeneralAdministrative": 425734000, "nonRecurring": {}, "otherOperatingExpenses": 330132000, "totalOperatingExpenses": 903852000, "operatingIncome": 4694590000, "totalOtherIncomeExpenseNet": 457000, "ebit": 0, "interestExpense": {}, "incomeBeforeTax": 4695047000, "incomeTaxExpense": 1727678000, "minorityInterest": {}, "netIncomeFromContinuingOps": 2967369000, "discontinuedOperations": {}, "extraordinaryItems": {}, "effectOfAccountingCharges": {}, "otherItems": {}, "netIncome": 2967369000, "netIncomeApplicableToCommonShares": 2967369000}, {"maxAge": 1, "endDate": "2018-03-31", "totalRevenue": 5228595000, "costOfRevenue": 104673000, "grossProfit": 5123922000, "researchDevelopment": {}, "sellingGeneralAdministrative": 560352000, "nonRecurring": {}, "otherOperatingExpenses": 223041000, "totalOperatingExpenses": 918932000, "operatingIncome": 4309663000, "totalOtherIncomeExpenseNet": 1177000, "ebit": 0, "interestExpense": {}, "incomeBeforeTax": 4310840000, "incomeTaxExpense": 1448917000, "minorityInterest": {}, "netIncomeFromContinuingOps": 2861923000, "discontinuedOperations": {}, "extraordinaryItems": {}, "effectOfAccountingCharges": {}, "otherItems": {}, "netIncome": 2861923000, "netIncomeApplicableToCommonShares": 2861923000}, {"maxAge": 1, "endDate": "2017-03-31", "totalRevenue": 4556903000, "costOfRevenue": 9130000, "grossProfit": 4547773000, "researchDevelopment": {}, "sellingGeneralAdministrative": 487799000, "nonRecurring": {}, "otherOperatingExpenses": 318016000, "totalOperatingExpenses": 860798000, "operatingIncome": 3696105000, "totalOtherIncomeExpenseNet": 5548000, "ebit": 0, "interestExpense": {}, "incomeBeforeTax": 3701653000, "incomeTaxExpense": 1349065000, "minorityInterest": {}, "netIncomeFromContinuingOps": 2352588000, "discontinuedOperations": {}, "extraordinaryItems": {}, "effectOfAccountingCharges": {}, "otherItems": {}, "netIncome": 2352588000, "netIncomeApplicableToCommonShares": 2352588000}], "maxAge": 86400}, "fundOwnership": {"maxAge": 1, "ownershipList": [{"maxAge": 1, "reportDate": "2021-01-31", "organization": "Vanguard International Stock Index-Total Intl Stock Indx", "pctHeld": 0.012, "position": 1601974, "value": 769428112}, {"maxAge": 1, "reportDate": "2021-01-31", "organization": "Vanguard International Stock Index-Emerging Markets Stk", "pctHeld": 0.0116, "position": 1538893, "value": 739130307}, {"maxAge": 1, "reportDate": "2021-01-31", "organization": "DFA Emerging Markets Core Equity Portfolio", "pctHeld": 0.0026, "position": 345129, "value": 165765458}, {"maxAge": 1, "reportDate": "2020-12-31", "organization": "Morgan Stanley Inst Fd Inc-Emerging Markets Small Cap Port", "pctHeld": 0.002, "position": 264800, "value": 132241120}, {"maxAge": 1, "reportDate": "2021-01-31", "organization": "Vanguard Intl Equity Index Fds-FTSE All World ex U.S.Small Cap Index", "pctHeld": 0.0019, "position": 249872, "value": 120013521}, {"maxAge": 1, "reportDate": "2021-01-31", "organization": "DFA Investment Dimensions-DFA Emerging Mkts Value", "pctHeld": 0.0018000001, "position": 239305, "value": 114938191}, {"maxAge": 1, "reportDate": "2021-01-31", "organization": "DFA Emerging Markets Small Cap Series", "pctHeld": 0.0013, "position": 177846, "value": 85419433}, {"maxAge": 1, "reportDate": "2021-02-28", "organization": "WisdomTree Tr-WisdomTree India Earnings Fd", "pctHeld": 0.00090000004, "position": 120202, "value": 57492616}, {"maxAge": 1, "reportDate": "2021-03-31", "organization": "iShares MSCI India Small Cap ETF", "pctHeld": 0.0008, "position": 99942, "value": 61339402}, {"maxAge": 1, "reportDate": "2021-03-31", "organization": "SPDR Portfolio Emerging Markets ETF", "pctHeld": 0.0007, "position": 93477, "value": 57371508}]}, "summaryDetail": {"maxAge": 1, "priceHint": 2, "previousClose": 580.3, "open": 571.1, "dayLow": 570.6, "dayHigh": 589.2, "regularMarketPreviousClose": 580.3, "regularMarketOpen": 571.1, "regularMarketDayLow": 570.6, "regularMarketDayHigh": 589.2, "dividendRate": 2.0, "dividendYield": 0.0034, "exDividendDate": "2020-08-19 05:30:00", "payoutRatio": 0.059899997, "fiveYearAvgDividendYield": 0.53, "beta": 0.493832, "trailingPE": 17.42068, "forwardPE": 17.803123, "volume": 291904, "regularMarketVolume": 291904, "averageVolume": 747294, "averageVolume10days": 715044, "averageDailyVolume10Day": 715044, "bid": 0.0, "ask": 0.0, "bidSize": 0, "askSize": 0, "marketCap": 77409017856, "fiftyTwoWeekLow": 267.35, "fiftyTwoWeekHigh": 619.9, "priceToSalesTrailing12Months": 10.893707, "fiftyDayAverage": 562.79443, "twoHundredDayAverage": 505.11206, "trailingAnnualDividendRate": 2.0, "trailingAnnualDividendYield": 0.0034464933, "currency": "INR", "fromCurrency": null, "toCurrency": null, "lastMarket": null, "algorithm": null, "tradeable": false}, "insiderHolders": {"holders": [{"maxAge": 1, "name": "Caladium Investments Pte Ltd", "relation": "Promoter", "url": "", "transactionDescription": "Sale", "latestTransDate": "2021-03-10", "positionDirect": 6590000, "positionDirectDate": "2021-03-10"}, {"maxAge": 1, "name": "Canara Bank", "relation": "Promoter", "url": "", "transactionDescription": "Sale", "latestTransDate": "2017-03-10", "positionDirect": 7986358, "positionDirectDate": "2017-03-10"}], "maxAge": 1}, "calendarEvents": {"maxAge": 1, "earnings": {"earningsDate": [], "earningsAverage": 6.0, "earningsLow": 6.0, "earningsHigh": 6.0, "revenueAverage": 1514000000, "revenueLow": 1514000000, "revenueHigh": 1514000000}, "exDividendDate": "2020-08-19 05:30:00"}, "price": {"maxAge": 1, "regularMarketChangePercent": 0.0019817757, "regularMarketChange": 1.1500244, "regularMarketTime": "2021-04-30 15:29:47", "priceHint": 2, "regularMarketPrice": 581.45, "regularMarketDayHigh": 589.2, "regularMarketDayLow": 570.6, "regularMarketVolume": 291904, "averageDailyVolume10Day": 715044, "averageDailyVolume3Month": 747294, "regularMarketPreviousClose": 580.3, "regularMarketSource": "FREE_REALTIME", "regularMarketOpen": 571.1, "exchange": "NSI", "exchangeName": "NSE", "exchangeDataDelayedBy": 15, "marketState": "CLOSED", "quoteType": "EQUITY", "symbol": "CANFINHOME.NS", "underlyingSymbol": null, "shortName": "CANFIN HOMES", "longName": "Can Fin Homes Limited", "currency": "INR", "quoteSourceName": "Delayed Quote", "currencySymbol": "\u20b9", "fromCurrency": null, "toCurrency": null, "lastMarket": null, "marketCap": 77409017856}, "balanceSheetHistory": {"balanceSheetStatements": [{"maxAge": 1, "endDate": "2020-03-31", "cash": 3723193000, "netReceivables": 205261242000, "otherCurrentAssets": 471930000, "totalCurrentAssets": 209456365000, "longTermInvestments": 243050000, "propertyPlantEquipment": 378974000, "otherAssets": 357472000, "deferredLongTermAssetCharges": 338925000, "totalAssets": 210435861000, "accountsPayable": 3290777000, "otherCurrentLiab": 32866000, "longTermDebt": 158010031000, "otherLiab": 424355000, "totalCurrentLiabilities": 30143105000, "totalLiab": 188935176000, "commonStock": 266308000, "retainedEarnings": 18504600000, "treasuryStock": 23000, "capitalSurplus": 2729754000, "otherStockholderEquity": 23000, "totalStockholderEquity": 21500685000, "netTangibleAssets": 21500685000}, {"maxAge": 1, "endDate": "2019-03-31", "cash": 4015345000, "netReceivables": 182347956000, "otherCurrentAssets": 419716000, "totalCurrentAssets": 186783017000, "longTermInvestments": 162959000, "propertyPlantEquipment": 98515000, "otherAssets": 250433000, "deferredLongTermAssetCharges": 240076000, "totalAssets": 187294924000, "accountsPayable": 2842361000, "otherCurrentLiab": 31801000, "longTermDebt": 128718533000, "otherLiab": 389432000, "totalCurrentLiabilities": 40365099000, "totalLiab": 169473064000, "commonStock": 266308000, "retainedEarnings": 14825775000, "treasuryStock": 23000, "capitalSurplus": 2729754000, "otherStockholderEquity": 23000, "totalStockholderEquity": 17821860000, "netTangibleAssets": 17821860000}, {"maxAge": 1, "endDate": "2018-03-31", "cash": 7342000, "netReceivables": 156445962000, "otherCurrentAssets": 342126000, "totalCurrentAssets": 156795430000, "longTermInvestments": 159975000, "propertyPlantEquipment": 95700000, "otherAssets": 244193000, "deferredLongTermAssetCharges": 232356000, "totalAssets": 157295298000, "accountsPayable": 2458082000, "otherCurrentLiab": 49239000, "longTermDebt": 110490579000, "otherLiab": 683917000, "totalCurrentLiabilities": 31250928000, "totalLiab": 142425424000, "commonStock": 266308000, "retainedEarnings": 11873789000, "treasuryStock": 23000, "capitalSurplus": 2729754000, "otherStockholderEquity": 23000, "totalStockholderEquity": 14869874000, "netTangibleAssets": 14869874000}, {"maxAge": 1, "endDate": "2017-03-31", "cash": 124706000, "netReceivables": 133149149000, "otherCurrentAssets": 11197000, "totalCurrentAssets": 133285052000, "longTermInvestments": 159350000, "propertyPlantEquipment": 101697000, "otherAssets": 239107000, "totalAssets": 133785206000, "accountsPayable": 23267000, "shortLongTermDebt": 7625515000, "otherCurrentLiab": 391988000, "longTermDebt": 80282486000, "otherLiab": 2231443000, "totalCurrentLiabilities": 40503526000, "totalLiab": 123017455000, "commonStock": 266202000, "retainedEarnings": 7771667000, "treasuryStock": 4785000, "capitalSurplus": 2725097000, "otherStockholderEquity": 4785000, "totalStockholderEquity": 10767751000, "netTangibleAssets": 10767751000}], "maxAge": 86400}, "earningsTrend": {"trend": [{"maxAge": 1, "period": "0q", "endDate": "2018-06-30", "growth": 0.12100001, "earningsEstimate": {"avg": 6.0, "low": 6.0, "high": 6.0, "yearAgoEps": 5.35, "numberOfAnalysts": 1, "growth": 0.12100001}, "revenueEstimate": {"avg": 1514000000, "low": 1514000000, "high": 1514000000, "numberOfAnalysts": 1, "yearAgoRevenue": 1355300000, "growth": 0.117}, "epsTrend": {"current": 6.0, "7daysAgo": 6.0, "30daysAgo": 6.0, "60daysAgo": 6.0, "90daysAgo": 7.0}, "epsRevisions": {"upLast7days": 0, "upLast30days": 0, "downLast30days": 0, "downLast90days": {}}}, {"maxAge": 1, "period": "+1q", "endDate": "2018-09-30", "growth": 0.066, "earningsEstimate": {"avg": 6.0, "low": 6.0, "high": 6.0, "yearAgoEps": 5.63, "numberOfAnalysts": 1, "growth": 0.066}, "revenueEstimate": {"avg": 1580000000, "low": 1580000000, "high": 1580000000, "numberOfAnalysts": 1, "yearAgoRevenue": 1425940000, "growth": 0.108}, "epsTrend": {"current": 6.0, "7daysAgo": 6.0, "30daysAgo": 6.0, "60daysAgo": 6.0, "90daysAgo": 7.0}, "epsRevisions": {"upLast7days": 0, "upLast30days": 0, "downLast30days": 0, "downLast90days": {}}}, {"maxAge": 1, "period": "0y", "endDate": "2019-03-31", "growth": 0.19299999, "earningsEstimate": {"avg": 27.04, "low": 25.35, "high": 29.52, "yearAgoEps": 22.67, "numberOfAnalysts": 12, "growth": 0.19299999}, "revenueEstimate": {"avg": 6779550000, "low": 6423000000, "high": 7620000000, "numberOfAnalysts": 10, "yearAgoRevenue": 5631180000, "growth": 0.204}, "epsTrend": {"current": 27.04, "7daysAgo": 27.04, "30daysAgo": 27.18, "60daysAgo": 27.41, "90daysAgo": 28.07}, "epsRevisions": {"upLast7days": 0, "upLast30days": 0, "downLast30days": 0, "downLast90days": {}}}, {"maxAge": 1, "period": "+1y", "endDate": "2020-03-31", "growth": 0.20799999, "earningsEstimate": {"avg": 32.66, "low": 29.92, "high": 38.74, "yearAgoEps": 27.04, "numberOfAnalysts": 12, "growth": 0.20799999}, "revenueEstimate": {"avg": 8165360000, "low": 7614000000, "high": 9840000000, "numberOfAnalysts": 10, "yearAgoRevenue": 6779550000, "growth": 0.204}, "epsTrend": {"current": 32.66, "7daysAgo": 32.66, "30daysAgo": 33.01, "60daysAgo": 33.56, "90daysAgo": 34.13}, "epsRevisions": {"upLast7days": 0, "upLast30days": 0, "downLast30days": 0, "downLast90days": {}}}, {"maxAge": 1, "period": "+5y", "endDate": null, "growth": 0.38099998, "earningsEstimate": {"avg": {}, "low": {}, "high": {}, "yearAgoEps": {}, "numberOfAnalysts": {}, "growth": {}}, "revenueEstimate": {"avg": {}, "low": {}, "high": {}, "numberOfAnalysts": {}, "yearAgoRevenue": {}, "growth": {}}, "epsTrend": {"current": {}, "7daysAgo": {}, "30daysAgo": {}, "60daysAgo": {}, "90daysAgo": {}}, "epsRevisions": {"upLast7days": {}, "upLast30days": {}, "downLast30days": {}, "downLast90days": {}}}, {"maxAge": 1, "period": "-5y", "endDate": null, "growth": 0.33628, "earningsEstimate": {"avg": {}, "low": {}, "high": {}, "yearAgoEps": {}, "numberOfAnalysts": {}, "growth": {}}, "revenueEstimate": {"avg": {}, "low": {}, "high": {}, "numberOfAnalysts": {}, "yearAgoRevenue": {}, "growth": {}}, "epsTrend": {"current": {}, "7daysAgo": {}, "30daysAgo": {}, "60daysAgo": {}, "90daysAgo": {}}, "epsRevisions": {"upLast7days": {}, "upLast30days": {}, "downLast30days": {}, "downLast90days": {}}}], "maxAge": 1}, "institutionOwnership": {"maxAge": 1, "ownershipList": []}, "majorHoldersBreakdown": {"maxAge": 1, "insidersPercentHeld": 0.42921, "institutionsPercentHeld": 0.21824, "institutionsFloatPercentHeld": 0.38234, "institutionsCount": 52}, "balanceSheetHistoryQuarterly": {"balanceSheetStatements": [{"maxAge": 1, "endDate": "2020-12-31", "totalStockholderEquity": 23610605000, "netTangibleAssets": 23610605000}, {"maxAge": 1, "endDate": "2020-09-30", "cash": 1455020000, "netReceivables": 206289950000, "otherCurrentAssets": 174616000, "totalCurrentAssets": 207919586000, "longTermInvestments": 284190000, "propertyPlantEquipment": 336070000, "otherAssets": 454207000, "deferredLongTermAssetCharges": 449041000, "totalAssets": 208994053000, "accountsPayable": 2909509000, "longTermDebt": 180719187000, "otherLiab": 1754752000, "totalCurrentLiabilities": 2909509000, "totalLiab": 185383448000, "commonStock": 266331000, "treasuryStock": 23344274000, "otherStockholderEquity": 23344274000, "totalStockholderEquity": 23610605000, "netTangibleAssets": 23610605000}, {"maxAge": 1, "endDate": "2020-06-30", "totalStockholderEquity": 21500685000, "netTangibleAssets": 21500685000}, {"maxAge": 1, "endDate": "2020-03-31", "cash": 3723193000, "netReceivables": 205261242000, "otherCurrentAssets": 471930000, "totalCurrentAssets": 209456365000, "longTermInvestments": 243050000, "propertyPlantEquipment": 378974000, "otherAssets": 357472000, "deferredLongTermAssetCharges": 338925000, "totalAssets": 210435861000, "accountsPayable": 3290777000, "otherCurrentLiab": 32866000, "longTermDebt": 158010031000, "otherLiab": 424355000, "totalCurrentLiabilities": 30143105000, "totalLiab": 188935176000, "commonStock": 266308000, "retainedEarnings": 18504600000, "treasuryStock": 23000, "capitalSurplus": 2729754000, "otherStockholderEquity": 23000, "totalStockholderEquity": 21500685000, "netTangibleAssets": 21500685000}], "maxAge": 86400}, "earningsHistory": {"history": [{"maxAge": 1, "epsActual": 5.35, "epsEstimate": 5.0, "epsDifference": 0.35, "surprisePercent": 0.07, "quarter": "2017-06-30", "period": "-4q"}, {"maxAge": 1, "epsActual": 5.63, "epsEstimate": 5.48, "epsDifference": 0.15, "surprisePercent": 0.027, "quarter": "2017-09-30", "period": "-3q"}, {"maxAge": 1, "epsActual": 6.02, "epsEstimate": 5.8, "epsDifference": 0.22, "surprisePercent": 0.038, "quarter": "2017-12-31", "period": "-2q"}, {"maxAge": 1, "epsActual": 2.83, "epsEstimate": 6.53, "epsDifference": -3.7, "surprisePercent": -0.56700003, "quarter": "2018-03-31", "period": "-1q"}], "maxAge": 86400}, "summaryProfile": {"address1": "No. 29/1, Sir M N Krishna Rao Road", "address2": "1st Floor Near Lalbagh West Gate Basavanagudi", "city": "Bengaluru", "zip": "560004", "country": "India", "phone": "91 80 2656 4259", "fax": "91 80 2656 5746", "website": "http://www.canfinhomes.com", "industry": "Mortgage Finance", "sector": "Financial Services", "longBusinessSummary": "Can Fin Homes Limited provides housing finance services primarily to individuals and builders/developers in India. The company offers housing loans, such as individual housing loans, affordable housing loans, composite loans, and top-up loans; and non-housing loans, including mortgage loans, site loans, loans for commercial properties, loans against rent receivables, personal loans, loans for children education, and loans for pensioners, as well as fixed and cumulative deposits. As of March 31, 2020, it operated 165 branches, 21 affordable housing loan centers, and 14 satellite offices. Can Fin Homes Limited was founded in 1987 and is headquartered in Bengaluru, India.", "fullTimeEmployees": 652, "companyOfficers": [], "maxAge": 86400}, "netSharePurchaseActivity": {"maxAge": 1, "period": "6m", "buyInfoCount": 0, "buyInfoShares": 0, "sellInfoCount": 0, "netInfoCount": 0, "netInfoShares": 0, "netPercentInsiderShares": 0.0, "totalInsiderShares": 57135476}, "insiderTransactions": {"transactions": [{"maxAge": 1, "shares": 3229216, "filerUrl": "", "transactionText": "", "filerName": "Caladium Investments Pte Ltd", "filerRelation": "Promoter", "moneyText": "", "startDate": "2021-03-10", "ownership": "D"}, {"maxAge": 1, "shares": 121149, "filerUrl": "", "transactionText": "", "filerName": "Caladium Investments Pte Ltd", "filerRelation": "Promoter", "moneyText": "", "startDate": "2021-01-07", "ownership": "D"}, {"maxAge": 1, "shares": 3580849, "filerUrl": "", "transactionText": "", "filerName": "Canara Bank", "filerRelation": "Promoter", "moneyText": "", "startDate": "2017-03-10", "ownership": "D"}], "maxAge": 1}, "sectorTrend": {"maxAge": 1, "symbol": null, "estimates": []}, "incomeStatementHistoryQuarterly": {"incomeStatementHistory": [{"maxAge": 1, "endDate": "2020-12-31", "totalRevenue": 2118756000, "costOfRevenue": 33739000, "grossProfit": 2085017000, "researchDevelopment": {}, "sellingGeneralAdministrative": 192758000, "nonRecurring": {}, "otherOperatingExpenses": 91971000, "totalOperatingExpenses": 344000000, "operatingIncome": 1774756000, "totalOtherIncomeExpenseNet": 1000, "ebit": 0, "interestExpense": {}, "incomeBeforeTax": 1774757000, "incomeTaxExpense": 455560000, "minorityInterest": {}, "netIncomeFromContinuingOps": 1319197000, "discontinuedOperations": {}, "extraordinaryItems": {}, "effectOfAccountingCharges": {}, "otherItems": {}, "netIncome": 1319197000, "netIncomeApplicableToCommonShares": 1319197000}, {"maxAge": 1, "endDate": "2020-09-30", "totalRevenue": 1968496000, "costOfRevenue": 20815000, "grossProfit": 1947681000, "researchDevelopment": {}, "sellingGeneralAdministrative": 149725000, "nonRecurring": {}, "otherOperatingExpenses": 54714000, "totalOperatingExpenses": 248033000, "operatingIncome": 1720463000, "totalOtherIncomeExpenseNet": -1000, "ebit": 0, "interestExpense": {}, "incomeBeforeTax": 1720462000, "incomeTaxExpense": 436311000, "minorityInterest": {}, "netIncomeFromContinuingOps": 1284151000, "discontinuedOperations": {}, "extraordinaryItems": {}, "effectOfAccountingCharges": {}, "otherItems": {}, "netIncome": 1284151000, "netIncomeApplicableToCommonShares": 1284151000}, {"maxAge": 1, "endDate": "2020-06-30", "totalRevenue": 1474353000, "costOfRevenue": 9604000, "grossProfit": 1464749000, "researchDevelopment": {}, "sellingGeneralAdministrative": 138004000, "nonRecurring": {}, "otherOperatingExpenses": 43195000, "totalOperatingExpenses": 213873000, "operatingIncome": 1260480000, "totalOtherIncomeExpenseNet": 0, "ebit": 0, "interestExpense": {}, "incomeBeforeTax": 1260480000, "incomeTaxExpense": 328929000, "minorityInterest": {}, "netIncomeFromContinuingOps": 931551000, "discontinuedOperations": {}, "extraordinaryItems": {}, "effectOfAccountingCharges": {}, "otherItems": {}, "netIncome": 931551000, "netIncomeApplicableToCommonShares": 931551000}, {"maxAge": 1, "endDate": "2020-03-31", "totalRevenue": 1545969000, "costOfRevenue": 42644000, "grossProfit": 1503325000, "researchDevelopment": {}, "sellingGeneralAdministrative": 166258000, "nonRecurring": {}, "otherOperatingExpenses": 119805000, "totalOperatingExpenses": 356557000, "operatingIncome": 1189412000, "totalOtherIncomeExpenseNet": -184000, "ebit": 0, "interestExpense": {}, "incomeBeforeTax": 1189228000, "incomeTaxExpense": 280101000, "minorityInterest": {}, "netIncomeFromContinuingOps": 909127000, "discontinuedOperations": {}, "extraordinaryItems": {}, "effectOfAccountingCharges": {}, "otherItems": {}, "netIncome": 909127000, "netIncomeApplicableToCommonShares": 909127000}], "maxAge": 86400}, "cashflowStatementHistoryQuarterly": {"cashflowStatements": [{"maxAge": 1, "endDate": "2020-12-31", "netIncome": 1319197000, "changeToLiabilities": 0}, {"maxAge": 1, "endDate": "2020-09-30", "netIncome": 1284151000, "changeToLiabilities": 0}, {"maxAge": 1, "endDate": "2020-06-30", "netIncome": 931551000, "changeToLiabilities": 0}, {"maxAge": 1, "endDate": "2020-03-31", "netIncome": 909127000, "changeToLiabilities": 0}], "maxAge": 86400}, "earnings": {"maxAge": 86400, "earningsChart": {"quarterly": [{"date": "2Q2017", "actual": 5.35, "estimate": 5.0}, {"date": "3Q2017", "actual": 5.63, "estimate": 5.48}, {"date": "4Q2017", "actual": 6.02, "estimate": 5.8}, {"date": "1Q2018", "actual": 2.83, "estimate": 6.53}], "currentQuarterEstimate": 6.0, "currentQuarterEstimateDate": "2Q", "currentQuarterEstimateYear": 2018, "earningsDate": []}, "financialsChart": {"yearly": [{"date": 2017, "revenue": 4556903000, "earnings": 2352588000}, {"date": 2018, "revenue": 5228595000, "earnings": 2861923000}, {"date": 2019, "revenue": 5598442000, "earnings": 2967369000}, {"date": 2020, "revenue": 6285426000, "earnings": 3761235000}], "quarterly": [{"date": "1Q2020", "revenue": 1545969000, "earnings": 909127000}, {"date": "2Q2020", "revenue": 1474353000, "earnings": 931551000}, {"date": "3Q2020", "revenue": 1968496000, "earnings": 1284151000}, {"date": "4Q2020", "revenue": 2118756000, "earnings": 1319197000}]}, "financialCurrency": "INR"}, "financialData": {"maxAge": 86400, "currentPrice": 581.45, "targetHighPrice": 556.0, "targetLowPrice": 432.0, "targetMeanPrice": 490.18, "targetMedianPrice": 500.0, "recommendationMean": 1.8, "recommendationKey": "buy", "numberOfAnalystOpinions": 11, "totalCash": 1455020032, "totalCashPerShare": 10.93, "totalDebt": 180719190016, "totalRevenue": 7105846784, "debtToEquity": 765.415, "revenuePerShare": 53.369, "grossProfits": 6151667000, "earningsGrowth": 0.237, "revenueGrowth": 0.23, "grossMargins": 0.98497003, "ebitdaMargins": 0.0, "operatingMargins": 0.83665, "profitMargins": 0.6254, "financialCurrency": "INR"}}}