{"CANFINHOME.BO": {"recommendationTrend": {"trend": [{"period": "0m", "strongBuy": 0, "buy": 0, "hold": 0, "sell": 0, "strongSell": 0}, {"period": "-1m", "strongBuy": 0, "buy": 0, "hold": 0, "sell": 0, "strongSell": 0}, {"period": "-2m", "strongBuy": 0, "buy": 0, "hold": 0, "sell": 0, "strongSell": 0}, {"period": "-3m", "strongBuy": 0, "buy": 0, "hold": 0, "sell": 0, "strongSell": 0}], "maxAge": 86400}, "cashflowStatementHistory": {"cashflowStatements": [{"maxAge": 1, "endDate": "2020-03-31", "netIncome": 3761235000, "depreciation": 94713000, "changeToNetincome": 1969885000, "changeToLiabilities": 7738000, "changeToOperatingActivities": -24254725000, "totalCashFromOperatingActivities": -18421154000, "capitalExpenditures": -37431000, "investments": -80348000, "otherCashflowsFromInvestingActivities": -14012000, "totalCashflowsFromInvestingActivities": -131417000, "dividendsPaid": -266308000, "netBorrowings": 18581473000, "otherCashflowsFromFinancingActivities": -54746000, "totalCashFromFinancingActivities": 18260419000, "changeInCash": -292152000}, {"maxAge": 1, "endDate": "2019-03-31", "netIncome": 2967369000, "depreciation": 29688000, "changeToNetincome": 2113566000, "changeToLiabilities": -65372000, "changeToOperatingActivities": -28394525000, "totalCashFromOperatingActivities": -23349274000, "capitalExpenditures": -33270000, "investments": -650000, "otherCashflowsFromInvestingActivities": -4375000, "totalCashflowsFromInvestingActivities": -37070000, "dividendsPaid": -266308000, "netBorrowings": 27715399000, "otherCashflowsFromFinancingActivities": -54740000, "totalCashFromFinancingActivities": 27394351000, "changeInCash": 4008005000}, {"maxAge": 1, "endDate": "2018-03-31", "netIncome": 2861923000, "depreciation": 30866000, "changeToNetincome": 2540910000, "changeToLiabilities": 63694000, "changeToOperatingActivities": -25679630000, "totalCashFromOperatingActivities": -20182237000, "capitalExpenditures": -25703000, "investments": -650000, "otherCashflowsFromInvestingActivities": 2888000, "totalCashflowsFromInvestingActivities": -20804000, "dividendsPaid": -266308000, "netBorrowings": 20513958000, "otherCashflowsFromFinancingActivities": -54218000, "totalCashFromFinancingActivities": 20193432000, "changeInCash": -9608000}, {"maxAge": 1, "endDate": "2017-03-31", "netIncome": 2352588000, "depreciation": 37322000, "changeToNetincome": 377897000, "changeToLiabilities": 0, "changeToOperatingActivities": -26326697000, "totalCashFromOperatingActivities": -23558890000, "capitalExpenditures": -45004000, "investments": -650000, "otherCashflowsFromInvestingActivities": -24309000, "totalCashflowsFromInvestingActivities": -68914000, "dividendsPaid": -320523000, "netBorrowings": 23892634000, "otherCashflowsFromFinancingActivities": 56800000, "totalCashFromFinancingActivities": 23628911000, "changeInCash": 1107000}], "maxAge": 86400}, "institutionOwnership": {"maxAge": 1, "ownershipList": []}, "balanceSheetHistoryQuarterly": {"balanceSheetStatements": [{"maxAge": 1, "endDate": "2020-06-30", "totalStockholderEquity": 21500685000, "netTangibleAssets": 21500685000}, {"maxAge": 1, "endDate": "2020-03-31", "cash": 3723193000, "netReceivables": 205261242000, "otherCurrentAssets": 471930000, "totalCurrentAssets": 209456365000, "longTermInvestments": 243050000, "propertyPlantEquipment": 378974000, "otherAssets": 357472000, "deferredLongTermAssetCharges": 338925000, "totalAssets": 210435861000, "accountsPayable": 3290777000, "otherCurrentLiab": 32866000, "longTermDebt": 158010031000, "otherLiab": 424355000, "totalCurrentLiabilities": 30143105000, "totalLiab": 188935176000, "commonStock": 266308000, "retainedEarnings": 18504600000, "treasuryStock": 23000, "capitalSurplus": 2729754000, "otherStockholderEquity": 23000, "totalStockholderEquity": 21500685000, "netTangibleAssets": 21500685000}, {"maxAge": 1, "endDate": "2019-12-31", "totalStockholderEquity": 19371895000, "netTangibleAssets": 19371895000}, {"maxAge": 1, "endDate": "2019-09-30", "cash": 507894000, "netReceivables": 194902796000, "otherCurrentAssets": 379145000, "totalCurrentAssets": 195789835000, "longTermInvestments": 226805000, "propertyPlantEquipment": 366970000, "otherAssets": 249535000, "deferredLongTermAssetCharges": 226511000, "totalAssets": 196633145000, "accountsPayable": 2917299000, "longTermDebt": 169667555000, "otherLiab": 4676396000, "totalCurrentLiabilities": 2917299000, "totalLiab": 177261250000, "commonStock": 266331000, "treasuryStock": 19105564000, "otherStockholderEquity": 19105564000, "totalStockholderEquity": 19371895000, "netTangibleAssets": 19371895000}], "maxAge": 86400}, "earningsHistory": {"history": [{"maxAge": 1, "epsActual": 6.02, "epsEstimate": 5.8, "epsDifference": 0.22, "surprisePercent": 0.038, "quarter": "2017-12-31", "period": "-4q"}, {"maxAge": 1, "epsActual": 2.83, "epsEstimate": 6.53, "epsDifference": -3.7, "surprisePercent": -0.56700003, "quarter": "2018-03-31", "period": "-3q"}, {"maxAge": 1, "epsActual": 5.81, "epsEstimate": 6.0, "epsDifference": -0.19, "surprisePercent": -0.032, "quarter": "2018-06-30", "period": "-2q"}, {"maxAge": 1, "epsActual": 5.83, "epsEstimate": 6.03, "epsDifference": -0.2, "surprisePercent": -0.033, "quarter": "2018-09-30", "period": "-1q"}], "maxAge": 86400}, "indexTrend": {"maxAge": 1, "symbol": "SP5", "peRatio": 19.7411, "pegRatio": 1.34172, "estimates": [{"period": "0q", "growth": 0.549}, {"period": "+1q", "growth": 0.431}, {"period": "0y", "growth": 0.305}, {"period": "+1y", "growth": 0.109}, {"period": "+5y", "growth": 0.120865}, {"period": "-5y"}]}, "industryTrend": {"maxAge": 1, "symbol": null, "estimates": []}, "insiderTransactions": {"transactions": [{"maxAge": 1, "shares": 3580849, "filerUrl": "", "transactionText": "", "filerName": "Canara Bank", "filerRelation": "Promoter", "moneyText": "", "startDate": "2017-03-10", "ownership": "D"}], "maxAge": 1}, "quoteType": {"exchange": "BSE", "quoteType": "EQUITY", "symbol": "CANFINHOME.BO", "underlyingSymbol": "CANFINHOME.BO", "shortName": "CAN FIN HOMES LTD.", "longName": "Can Fin Homes Limited", "firstTradeDateEpochUtc": "2001-10-15 09:15:00", "timeZoneFullName": "Asia/Kolkata", "timeZoneShortName": "IST", "uuid": "0225389d-be8f-3e7f-91a3-42243123bf81", "messageBoardId": null, "gmtOffSetMilliseconds": 19800000, "maxAge": 1}, "incomeStatementHistory": {"incomeStatementHistory": [{"maxAge": 1, "endDate": "2020-03-31", "totalRevenue": 6285426000, "costOfRevenue": 133759000, "grossProfit": 6151667000, "researchDevelopment": {}, "sellingGeneralAdministrative": 553410000, "nonRecurring": {}, "otherOperatingExpenses": 320495000, "totalOperatingExpenses": 1102377000, "operatingIncome": 5183049000, "totalOtherIncomeExpenseNet": -184000, "ebit": 0, "interestExpense": {}, "incomeBeforeTax": 5182865000, "incomeTaxExpense": 1421630000, "minorityInterest": {}, "netIncomeFromContinuingOps": 3761235000, "discontinuedOperations": {}, "extraordinaryItems": {}, "effectOfAccountingCharges": {}, "otherItems": {}, "netIncome": 3761235000, "netIncomeApplicableToCommonShares": 3761235000}, {"maxAge": 1, "endDate": "2019-03-31", "totalRevenue": 5598442000, "costOfRevenue": 118298000, "grossProfit": 5480144000, "researchDevelopment": {}, "sellingGeneralAdministrative": 425734000, "nonRecurring": {}, "otherOperatingExpenses": 330132000, "totalOperatingExpenses": 903852000, "operatingIncome": 4694590000, "totalOtherIncomeExpenseNet": 457000, "ebit": 0, "interestExpense": {}, "incomeBeforeTax": 4695047000, "incomeTaxExpense": 1727678000, "minorityInterest": {}, "netIncomeFromContinuingOps": 2967369000, "discontinuedOperations": {}, "extraordinaryItems": {}, "effectOfAccountingCharges": {}, "otherItems": {}, "netIncome": 2967369000, "netIncomeApplicableToCommonShares": 2967369000}, {"maxAge": 1, "endDate": "2018-03-31", "totalRevenue": 5228595000, "costOfRevenue": 104673000, "grossProfit": 5123922000, "researchDevelopment": {}, "sellingGeneralAdministrative": 560352000, "nonRecurring": {}, "otherOperatingExpenses": 223041000, "totalOperatingExpenses": 918932000, "operatingIncome": 4309663000, "totalOtherIncomeExpenseNet": 1177000, "ebit": 0, "interestExpense": {}, "incomeBeforeTax": 4310840000, "incomeTaxExpense": 1448917000, "minorityInterest": {}, "netIncomeFromContinuingOps": 2861923000, "discontinuedOperations": {}, "extraordinaryItems": {}, "effectOfAccountingCharges": {}, "otherItems": {}, "netIncome": 2861923000, "netIncomeApplicableToCommonShares": 2861923000}, {"maxAge": 1, "endDate": "2017-03-31", "totalRevenue": 4556903000, "costOfRevenue": 9130000, "grossProfit": 4547773000, "researchDevelopment": {}, "sellingGeneralAdministrative": 487799000, "nonRecurring": {}, "otherOperatingExpenses": 318016000, "totalOperatingExpenses": 860798000, "operatingIncome": 3696105000, "totalOtherIncomeExpenseNet": 5548000, "ebit": 0, "interestExpense": {}, "incomeBeforeTax": 3701653000, "incomeTaxExpense": 1349065000, "minorityInterest": {}, "netIncomeFromContinuingOps": 2352588000, "discontinuedOperations": {}, "extraordinaryItems": {}, "effectOfAccountingCharges": {}, "otherItems": {}, "netIncome": 2352588000, "netIncomeApplicableToCommonShares": 2352588000}], "maxAge": 86400}, "fundOwnership": {"maxAge": 1, "ownershipList": [{"maxAge": 1, "reportDate": "2020-07-31", "organization": "Financial Investors Tr-Grandeur Peak Emerging Mkts Opportunities Fund", "pctHeld": 0.0038, "position": 504500, "value": 184344300}, {"maxAge": 1, "reportDate": "2020-07-31", "organization": "DFA Emerging Markets Core Equity Portfolio", "pctHeld": 0.0028, "position": 378970, "value": 138475638}, {"maxAge": 1, "reportDate": "2020-07-31", "organization": "DFA Investment Dimensions-DFA Emerging Mkts Value", "pctHeld": 0.0019, "position": 255634, "value": 93408663}, {"maxAge": 1, "reportDate": "2020-07-31", "organization": "DFA Emerging Markets Small Cap Series", "pctHeld": 0.0016, "position": 217798, "value": 79583389}, {"maxAge": 1, "reportDate": "2020-08-31", "organization": "SPDR Portfolio Emerging Markets ETF", "pctHeld": 0.00059999997, "position": 79265, "value": 29411278}, {"maxAge": 1, "reportDate": "2020-09-30", "organization": "SPDR (R) Idx Shares-SPDR (R) S&P (R) Emerging Asia Pacific ETF", "pctHeld": 0.0005, "position": 72710, "value": 30138295}, {"maxAge": 1, "reportDate": "2020-08-31", "organization": "iShares MSCI India Small Cap ETF", "pctHeld": 0.0005, "position": 69406, "value": 25753096}, {"maxAge": 1, "reportDate": "2020-08-31", "organization": "SPDR (R) Idx Shares-SPDR (R) Emerging Markets Small Cap ETF", "pctHeld": 0.0005, "position": 61267, "value": 22733120}, {"maxAge": 1, "reportDate": "2020-06-30", "organization": "College Retirement Equities Fund-Stock Account", "pctHeld": 0.0004, "position": 55439, "value": 18730066}, {"maxAge": 1, "reportDate": "2020-08-31", "organization": "WisdomTree Tr-WisdomTree India Earnings Fd", "pctHeld": 0.0004, "position": 52557, "value": 19501274}]}, "summaryDetail": {"maxAge": 1, "priceHint": 2, "previousClose": 580.2, "open": 564.85, "dayLow": 564.85, "dayHigh": 589.6, "regularMarketPreviousClose": 580.2, "regularMarketOpen": 564.85, "regularMarketDayLow": 564.85, "regularMarketDayHigh": 589.6, "trailingPE": 19.86252, "forwardPE": 20.824945, "volume": 60375, "regularMarketVolume": 60375, "averageVolume": 39432, "averageVolume10days": 61135, "averageDailyVolume10Day": 61135, "bid": 577.0, "ask": 582.0, "bidSize": 0, "askSize": 0, "marketCap": 77142769664, "fiftyTwoWeekLow": 253.55, "fiftyTwoWeekHigh": 589.6, "fiftyDayAverage": 498.29144, "twoHundredDayAverage": 455.12628, "trailingAnnualDividendRate": 2.0, "trailingAnnualDividendYield": 0.0034470872, "currency": "INR", "fromCurrency": null, "toCurrency": null, "lastMarket": null, "algorithm": null, "tradeable": false}, "sectorTrend": {"maxAge": 1, "symbol": null, "estimates": []}, "incomeStatementHistoryQuarterly": {"incomeStatementHistory": [{"maxAge": 1, "endDate": "2020-06-30", "totalRevenue": 1474353000, "costOfRevenue": 9604000, "grossProfit": 1464749000, "researchDevelopment": {}, "sellingGeneralAdministrative": 138004000, "nonRecurring": {}, "otherOperatingExpenses": 43195000, "totalOperatingExpenses": 213873000, "operatingIncome": 1260480000, "totalOtherIncomeExpenseNet": 0, "ebit": 0, "interestExpense": {}, "incomeBeforeTax": 1260480000, "incomeTaxExpense": 328929000, "minorityInterest": {}, "netIncomeFromContinuingOps": 931551000, "discontinuedOperations": {}, "extraordinaryItems": {}, "effectOfAccountingCharges": {}, "otherItems": {}, "netIncome": 931551000, "netIncomeApplicableToCommonShares": 931551000}, {"maxAge": 1, "endDate": "2020-03-31", "totalRevenue": 1545969000, "costOfRevenue": 42644000, "grossProfit": 1503325000, "researchDevelopment": {}, "sellingGeneralAdministrative": 166258000, "nonRecurring": {}, "otherOperatingExpenses": 119805000, "totalOperatingExpenses": 356557000, "operatingIncome": 1189412000, "totalOtherIncomeExpenseNet": -184000, "ebit": 0, "interestExpense": {}, "incomeBeforeTax": 1189228000, "incomeTaxExpense": 280101000, "minorityInterest": {}, "netIncomeFromContinuingOps": 909127000, "discontinuedOperations": {}, "extraordinaryItems": {}, "effectOfAccountingCharges": {}, "otherItems": {}, "netIncome": 909127000, "netIncomeApplicableToCommonShares": 909127000}, {"maxAge": 1, "endDate": "2019-12-31", "totalRevenue": 1722126000, "costOfRevenue": 35425000, "grossProfit": 1686701000, "researchDevelopment": {}, "sellingGeneralAdministrative": 138366000, "nonRecurring": {}, "otherOperatingExpenses": 68436000, "totalOperatingExpenses": 266413000, "operatingIncome": 1455713000, "totalOtherIncomeExpenseNet": -1000, "ebit": 0, "interestExpense": {}, "incomeBeforeTax": 1455712000, "incomeTaxExpense": 389622000, "minorityInterest": {}, "netIncomeFromContinuingOps": 1066090000, "discontinuedOperations": {}, "extraordinaryItems": {}, "effectOfAccountingCharges": {}, "otherItems": {}, "netIncome": 1066090000, "netIncomeApplicableToCommonShares": 1066090000}, {"maxAge": 1, "endDate": "2019-09-30", "totalRevenue": 1557485000, "costOfRevenue": 27771000, "grossProfit": 1529714000, "researchDevelopment": {}, "sellingGeneralAdministrative": 122642000, "nonRecurring": {}, "otherOperatingExpenses": 77461000, "totalOperatingExpenses": 248551000, "operatingIncome": 1308934000, "totalOtherIncomeExpenseNet": -1000, "ebit": 0, "interestExpense": {}, "incomeBeforeTax": 1308933000, "incomeTaxExpense": 332733000, "minorityInterest": {}, "netIncomeFromContinuingOps": 976200000, "discontinuedOperations": {}, "extraordinaryItems": {}, "effectOfAccountingCharges": {}, "otherItems": {}, "netIncome": 976200000, "netIncomeApplicableToCommonShares": 976200000}], "maxAge": 86400}, "cashflowStatementHistoryQuarterly": {"cashflowStatements": [{"maxAge": 1, "endDate": "2020-06-30", "netIncome": 931551000, "changeToLiabilities": 0}, {"maxAge": 1, "endDate": "2020-03-31", "netIncome": 909127000, "changeToLiabilities": 0}, {"maxAge": 1, "endDate": "2019-12-31", "netIncome": 1066090000, "changeToLiabilities": 0}, {"maxAge": 1, "endDate": "2019-09-30", "netIncome": 976200000, "changeToLiabilities": 0}], "maxAge": 86400}, "insiderHolders": {"holders": [{"maxAge": 1, "name": "Canara Bank", "relation": "Promoter", "url": "", "transactionDescription": "Sale", "latestTransDate": "2017-03-10", "positionDirect": 7986358, "positionDirectDate": "2017-03-10"}], "maxAge": 1}, "earnings": {"maxAge": 86400, "earningsChart": {"quarterly": [{"date": "4Q2017", "actual": 6.02, "estimate": 5.8}, {"date": "1Q2018", "actual": 2.83, "estimate": 6.53}, {"date": "2Q2018", "actual": 5.81, "estimate": 6.0}, {"date": "3Q2018", "actual": 5.83, "estimate": 6.03}], "currentQuarterEstimateDate": "4Q", "currentQuarterEstimateYear": 2018, "earningsDate": []}, "financialsChart": {"yearly": [{"date": 2017, "revenue": 4556903000, "earnings": 2352588000}, {"date": 2018, "revenue": 5228595000, "earnings": 2861923000}, {"date": 2019, "revenue": 5598442000, "earnings": 2967369000}, {"date": 2020, "revenue": 6285426000, "earnings": 3761235000}], "quarterly": [{"date": "3Q2019", "revenue": 1557485000, "earnings": 976200000}, {"date": "4Q2019", "revenue": 1722126000, "earnings": 1066090000}, {"date": "1Q2020", "revenue": 1545969000, "earnings": 909127000}, {"date": "2Q2020", "revenue": 1474353000, "earnings": 931551000}]}, "financialCurrency": "INR"}, "calendarEvents": {"maxAge": 1, "earnings": {"earningsDate": [], "revenueAverage": 1441000000, "revenueLow": 1441000000, "revenueHigh": 1441000000}}, "price": {"maxAge": 1, "regularMarketChangePercent": -0.0014650752, "regularMarketChange": -0.8500366, "regularMarketTime": "2021-04-30 15:29:45", "priceHint": 2, "regularMarketPrice": 579.35, "regularMarketDayHigh": 589.6, "regularMarketDayLow": 564.85, "regularMarketVolume": 60375, "averageDailyVolume10Day": 61135, "averageDailyVolume3Month": 39432, "regularMarketPreviousClose": 580.2, "regularMarketSource": "FREE_REALTIME", "regularMarketOpen": 564.85, "exchange": "BSE", "exchangeName": "BSE", "exchangeDataDelayedBy": 0, "marketState": "CLOSED", "quoteType": "EQUITY", "symbol": "CANFINHOME.BO", "underlyingSymbol": null, "shortName": "CAN FIN HOMES LTD.", "longName": "Can Fin Homes Limited", "currency": "INR", "quoteSourceName": "Delayed Quote", "currencySymbol": "\u20b9", "fromCurrency": null, "toCurrency": null, "lastMarket": null, "marketCap": 77142769664}, "balanceSheetHistory": {"balanceSheetStatements": [{"maxAge": 1, "endDate": "2020-03-31", "cash": 3723193000, "netReceivables": 205261242000, "otherCurrentAssets": 471930000, "totalCurrentAssets": 209456365000, "longTermInvestments": 243050000, "propertyPlantEquipment": 378974000, "otherAssets": 357472000, "deferredLongTermAssetCharges": 338925000, "totalAssets": 210435861000, "accountsPayable": 3290777000, "otherCurrentLiab": 32866000, "longTermDebt": 158010031000, "otherLiab": 424355000, "totalCurrentLiabilities": 30143105000, "totalLiab": 188935176000, "commonStock": 266308000, "retainedEarnings": 18504600000, "treasuryStock": 23000, "capitalSurplus": 2729754000, "otherStockholderEquity": 23000, "totalStockholderEquity": 21500685000, "netTangibleAssets": 21500685000}, {"maxAge": 1, "endDate": "2019-03-31", "cash": 4015345000, "netReceivables": 182347956000, "otherCurrentAssets": 419716000, "totalCurrentAssets": 186783017000, "longTermInvestments": 162959000, "propertyPlantEquipment": 98515000, "otherAssets": 250433000, "deferredLongTermAssetCharges": 240076000, "totalAssets": 187294924000, "accountsPayable": 2842361000, "otherCurrentLiab": 31801000, "longTermDebt": 128718533000, "otherLiab": 389432000, "totalCurrentLiabilities": 40365099000, "totalLiab": 169473064000, "commonStock": 266308000, "retainedEarnings": 14825775000, "treasuryStock": 23000, "capitalSurplus": 2729754000, "otherStockholderEquity": 23000, "totalStockholderEquity": 17821860000, "netTangibleAssets": 17821860000}, {"maxAge": 1, "endDate": "2018-03-31", "cash": 7342000, "netReceivables": 156445962000, "otherCurrentAssets": 342126000, "totalCurrentAssets": 156795430000, "longTermInvestments": 159975000, "propertyPlantEquipment": 95700000, "otherAssets": 244193000, "deferredLongTermAssetCharges": 232356000, "totalAssets": 157295298000, "accountsPayable": 2458082000, "otherCurrentLiab": 49239000, "longTermDebt": 110490579000, "otherLiab": 683917000, "totalCurrentLiabilities": 31250928000, "totalLiab": 142425424000, "commonStock": 266308000, "retainedEarnings": 11873789000, "treasuryStock": 23000, "capitalSurplus": 2729754000, "otherStockholderEquity": 23000, "totalStockholderEquity": 14869874000, "netTangibleAssets": 14869874000}, {"maxAge": 1, "endDate": "2017-03-31", "cash": 124706000, "netReceivables": 133149149000, "otherCurrentAssets": 11197000, "totalCurrentAssets": 133285052000, "longTermInvestments": 159350000, "propertyPlantEquipment": 101697000, "otherAssets": 239107000, "totalAssets": 133785206000, "accountsPayable": 23267000, "shortLongTermDebt": 7625515000, "otherCurrentLiab": 391988000, "longTermDebt": 80282486000, "otherLiab": 2231443000, "totalCurrentLiabilities": 40503526000, "totalLiab": 123017455000, "commonStock": 266202000, "retainedEarnings": 7771667000, "treasuryStock": 4785000, "capitalSurplus": 2725097000, "otherStockholderEquity": 4785000, "totalStockholderEquity": 10767751000, "netTangibleAssets": 10767751000}], "maxAge": 86400}, "earningsTrend": {"trend": [{"maxAge": 1, "period": "0q", "endDate": "2018-12-31", "growth": {}, "earningsEstimate": {"avg": 0.0, "low": 0.0, "high": 0.0, "yearAgoEps": 6.02, "numberOfAnalysts": 0, "growth": {}}, "revenueEstimate": {"avg": 1441000000, "low": 1441000000, "high": 1441000000, "numberOfAnalysts": 1, "yearAgoRevenue": 1416310000, "growth": 0.017}, "epsTrend": {"current": 0.0, "7daysAgo": 6.0, "30daysAgo": 6.0, "60daysAgo": 6.0, "90daysAgo": 6.0}, "epsRevisions": {"upLast7days": 0, "upLast30days": 0, "downLast30days": 0, "downLast90days": {}}}, {"maxAge": 1, "period": "+1q", "endDate": "2019-03-31", "growth": {}, "earningsEstimate": {"avg": 0.0, "low": 0.0, "high": 0.0, "yearAgoEps": 2.83, "numberOfAnalysts": 0, "growth": {}}, "revenueEstimate": {"avg": 1455000000, "low": 1455000000, "high": 1455000000, "numberOfAnalysts": 1, "yearAgoRevenue": 1437230000, "growth": 0.012}, "epsTrend": {"current": 0.0, "7daysAgo": 6.0, "30daysAgo": 6.0, "60daysAgo": 6.0, "90daysAgo": 6.0}, "epsRevisions": {"upLast7days": 0, "upLast30days": 0, "downLast30days": 0, "downLast90days": {}}}, {"maxAge": 1, "period": "0y", "endDate": "2019-03-31", "growth": {}, "earningsEstimate": {"avg": 0.0, "low": 0.0, "high": 0.0, "yearAgoEps": {}, "numberOfAnalysts": 0, "growth": {}}, "revenueEstimate": {"avg": 17137300000, "low": 17137300000, "high": 17137300000, "numberOfAnalysts": 1, "yearAgoRevenue": 5631180000, "growth": 2.043}, "epsTrend": {"current": 0.0, "7daysAgo": 24.51, "30daysAgo": 24.51, "60daysAgo": 24.51, "90daysAgo": 24.51}, "epsRevisions": {"upLast7days": 0, "upLast30days": 0, "downLast30days": 0, "downLast90days": {}}}, {"maxAge": 1, "period": "+1y", "endDate": "2020-03-31", "growth": {}, "earningsEstimate": {"avg": 0.0, "low": 0.0, "high": 0.0, "yearAgoEps": {}, "numberOfAnalysts": 0, "growth": {}}, "revenueEstimate": {"avg": 19365100000, "low": 19365100000, "high": 19365100000, "numberOfAnalysts": 1, "yearAgoRevenue": 17137300000, "growth": 0.13}, "epsTrend": {"current": 0.0, "7daysAgo": 27.82, "30daysAgo": 27.82, "60daysAgo": 27.82, "90daysAgo": 27.82}, "epsRevisions": {"upLast7days": 0, "upLast30days": 0, "downLast30days": 0, "downLast90days": {}}}, {"maxAge": 1, "period": "+5y", "endDate": null, "growth": 0.38099998, "earningsEstimate": {"avg": {}, "low": {}, "high": {}, "yearAgoEps": {}, "numberOfAnalysts": {}, "growth": {}}, "revenueEstimate": {"avg": {}, "low": {}, "high": {}, "numberOfAnalysts": {}, "yearAgoRevenue": {}, "growth": {}}, "epsTrend": {"current": {}, "7daysAgo": {}, "30daysAgo": {}, "60daysAgo": {}, "90daysAgo": {}}, "epsRevisions": {"upLast7days": {}, "upLast30days": {}, "downLast30days": {}, "downLast90days": {}}}, {"maxAge": 1, "period": "-5y", "endDate": null, "growth": {}, "earningsEstimate": {"avg": {}, "low": {}, "high": {}, "yearAgoEps": {}, "numberOfAnalysts": {}, "growth": {}}, "revenueEstimate": {"avg": {}, "low": {}, "high": {}, "numberOfAnalysts": {}, "yearAgoRevenue": {}, "growth": {}}, "epsTrend": {"current": {}, "7daysAgo": {}, "30daysAgo": {}, "60daysAgo": {}, "90daysAgo": {}}, "epsRevisions": {"upLast7days": {}, "upLast30days": {}, "downLast30days": {}, "downLast90days": {}}}], "maxAge": 1}, "financialData": {"maxAge": 86400, "currentPrice": 579.35, "targetHighPrice": 432.0, "targetLowPrice": 270.0, "targetMeanPrice": 333.2, "targetMedianPrice": 303.5, "recommendationKey": "none", "numberOfAnalystOpinions": 10, "grossProfits": 6151667000, "financialCurrency": "INR"}}}