{"CAPACITE.BO": {"recommendationTrend": {"trend": [{"period": "0m", "strongBuy": 0, "buy": 0, "hold": 0, "sell": 0, "strongSell": 0}, {"period": "-1m", "strongBuy": 0, "buy": 0, "hold": 0, "sell": 0, "strongSell": 0}, {"period": "-2m", "strongBuy": 0, "buy": 0, "hold": 0, "sell": 0, "strongSell": 0}, {"period": "-3m", "strongBuy": 0, "buy": 0, "hold": 0, "sell": 0, "strongSell": 0}], "maxAge": 86400}, "cashflowStatementHistory": {"cashflowStatements": [{"maxAge": 1, "endDate": "2020-03-31", "netIncome": 910315000, "depreciation": 1135396000, "changeToNetincome": 328800000, "changeToAccountReceivables": 722566000, "changeToLiabilities": 264395000, "changeToInventory": -130612000, "changeToOperatingActivities": 296553000, "totalCashFromOperatingActivities": 3533813000, "capitalExpenditures": -2652937000, "investments": -338897000, "otherCashflowsFromInvestingActivities": 216061000, "totalCashflowsFromInvestingActivities": -2769364000, "dividendsPaid": -67879000, "netBorrowings": 758247000, "otherCashflowsFromFinancingActivities": -677359000, "totalCashFromFinancingActivities": 13009000, "changeInCash": 777458000}, {"maxAge": 1, "endDate": "2019-03-31", "netIncome": 972786000, "depreciation": 882684000, "changeToNetincome": 310011000, "changeToAccountReceivables": -1224329000, "changeToLiabilities": 872588000, "changeToInventory": -750331000, "changeToOperatingActivities": -366554000, "totalCashFromOperatingActivities": 704101000, "capitalExpenditures": -2240349000, "investments": 1505276000, "otherCashflowsFromInvestingActivities": 577914000, "totalCashflowsFromInvestingActivities": -156781000, "dividendsPaid": -67891000, "netBorrowings": 194702000, "otherCashflowsFromFinancingActivities": -505806000, "totalCashFromFinancingActivities": -378995000, "changeInCash": 168325000}, {"maxAge": 1, "endDate": "2018-03-31", "netIncome": 795685000, "depreciation": 665408000, "changeToNetincome": 367765000, "changeToAccountReceivables": -424643000, "changeToLiabilities": 1308332000, "changeToInventory": -431654000, "changeToOperatingActivities": -1438124000, "totalCashFromOperatingActivities": 849545000, "capitalExpenditures": -1409857000, "investments": -2875158000, "otherCashflowsFromInvestingActivities": 91272000, "totalCashflowsFromInvestingActivities": -4139374000, "dividendsPaid": -25946000, "netBorrowings": -22790000, "otherCashflowsFromFinancingActivities": -643453000, "totalCashFromFinancingActivities": 3307811000, "effectOfExchangeRate": 142000, "changeInCash": 18125000, "issuanceOfStock": 4000000000}, {"maxAge": 1, "endDate": "2017-03-31", "netIncome": 691574000, "depreciation": 647528000, "changeToNetincome": 506428000, "changeToAccountReceivables": -703977000, "changeToLiabilities": 102207000, "changeToInventory": -166481000, "changeToOperatingActivities": 272419000, "totalCashFromOperatingActivities": 1356067000, "capitalExpenditures": -1123526000, "investments": -107184000, "otherCashflowsFromInvestingActivities": 35202000, "totalCashflowsFromInvestingActivities": -1195508000, "dividendsPaid": -25946000, "netBorrowings": -258063000, "otherCashflowsFromFinancingActivities": -429485000, "totalCashFromFinancingActivities": -87549000, "effectOfExchangeRate": 31000, "changeInCash": 73041000, "issuanceOfStock": 599999000}], "maxAge": 86400}, "institutionOwnership": {"maxAge": 1, "ownershipList": []}, "balanceSheetHistoryQuarterly": {"balanceSheetStatements": [{"maxAge": 1, "endDate": "2020-06-30", "totalStockholderEquity": 9259040000, "netTangibleAssets": 9244467000}, {"maxAge": 1, "endDate": "2020-03-31", "cash": 1075902000, "shortTermInvestments": 870474000, "netReceivables": 7621761000, "inventory": 1041181000, "otherCurrentAssets": 3521294000, "totalCurrentAssets": 14290521000, "longTermInvestments": 8070000, "propertyPlantEquipment": 6623132000, "intangibleAssets": 14573000, "otherAssets": 2708313000, "totalAssets": 23644609000, "accountsPayable": 5598503000, "shortLongTermDebt": 329263000, "otherCurrentLiab": 1582457000, "longTermDebt": 935261000, "otherLiab": 3713106000, "totalCurrentLiabilities": 9658509000, "totalLiab": 14385569000, "commonStock": 678915000, "retainedEarnings": 4008811000, "capitalSurplus": 4571314000, "totalStockholderEquity": 9259040000, "netTangibleAssets": 9244467000}, {"maxAge": 1, "endDate": "2019-12-31", "totalStockholderEquity": 8985024000, "netTangibleAssets": 8971766000}, {"maxAge": 1, "endDate": "2019-09-30", "cash": 1535323000, "shortTermInvestments": 5047319000, "netReceivables": 4386981000, "inventory": 882676000, "otherCurrentAssets": 1072621000, "totalCurrentAssets": 12924920000, "longTermInvestments": 382610000, "propertyPlantEquipment": 6127790000, "intangibleAssets": 13258000, "otherAssets": 1544332000, "totalAssets": 20992910000, "accountsPayable": 5236311000, "otherCurrentLiab": 2330624000, "longTermDebt": 562136000, "otherLiab": 1878651000, "totalCurrentLiabilities": 9454154000, "totalLiab": 12007886000, "commonStock": 678915000, "treasuryStock": 8306109000, "otherStockholderEquity": 8306109000, "totalStockholderEquity": 8985024000, "netTangibleAssets": 8971766000}], "maxAge": 86400}, "earningsHistory": {"history": [{"maxAge": 1, "epsActual": {}, "epsEstimate": {}, "epsDifference": {}, "surprisePercent": {}, "quarter": {}, "period": "-4q"}, {"maxAge": 1, "epsActual": {}, "epsEstimate": {}, "epsDifference": {}, "surprisePercent": {}, "quarter": {}, "period": "-3q"}, {"maxAge": 1, "epsActual": {}, "epsEstimate": {}, "epsDifference": {}, "surprisePercent": {}, "quarter": {}, "period": "-2q"}, {"maxAge": 1, "epsActual": {}, "epsEstimate": {}, "epsDifference": {}, "surprisePercent": {}, "quarter": {}, "period": "-1q"}], "maxAge": 86400}, "indexTrend": {"maxAge": 1, "symbol": "SP5", "peRatio": 19.7411, "pegRatio": 1.34172, "estimates": [{"period": "0q", "growth": 0.549}, {"period": "+1q", "growth": 0.431}, {"period": "0y", "growth": 0.305}, {"period": "+1y", "growth": 0.109}, {"period": "+5y", "growth": 0.120865}, {"period": "-5y"}]}, "industryTrend": {"maxAge": 1, "symbol": null, "estimates": []}, "insiderTransactions": {"transactions": [{"maxAge": 1, "shares": 2256023, "value": 3650922, "filerUrl": "", "transactionText": "Other at price 1.62 per share.", "filerName": "Katyal (Rahul Ramnath)", "filerRelation": "Managing Director", "moneyText": "", "startDate": "2020-09-28", "ownership": "D"}, {"maxAge": 1, "shares": 4512046, "value": 7301844, "filerUrl": "", "transactionText": "Other at price 1.62 per share.", "filerName": "Katyal (Rohit Ramnath)", "filerRelation": "Director (Executive)", "moneyText": "", "startDate": "2020-09-28", "ownership": "D"}, {"maxAge": 1, "shares": 2256023, "value": 3650922, "filerUrl": "", "transactionText": "Other at price 1.62 per share.", "filerName": "Katyal (Sakshi Rohit)", "filerRelation": "Promoter", "moneyText": "", "startDate": "2020-09-28", "ownership": "D"}, {"maxAge": 1, "shares": 66609, "filerUrl": "", "transactionText": "", "filerName": "ICICI Prudential Fund", "filerRelation": "Promoter", "moneyText": "", "startDate": "2020-03-12", "ownership": "D"}], "maxAge": 1}, "quoteType": {"exchange": "BSE", "quoteType": "EQUITY", "symbol": "CAPACITE.BO", "underlyingSymbol": "CAPACITE.BO", "shortName": "Capacit'e Infraprojects Limite", "longName": "Capacit'e Infraprojects Limited", "firstTradeDateEpochUtc": "2017-09-25 09:15:00", "timeZoneFullName": "Asia/Kolkata", "timeZoneShortName": "IST", "uuid": "10208f6a-433e-3e9a-bec4-bd3784b2d6e4", "messageBoardId": null, "gmtOffSetMilliseconds": 19800000, "maxAge": 1}, "incomeStatementHistory": {"incomeStatementHistory": [{"maxAge": 1, "endDate": "2020-03-31", "totalRevenue": 15290142000, "costOfRevenue": 10065507000, "grossProfit": 5224635000, "researchDevelopment": {}, "sellingGeneralAdministrative": 2119958000, "nonRecurring": {}, "otherOperatingExpenses": 520537000, "totalOperatingExpenses": 13847798000, "operatingIncome": 1442344000, "totalOtherIncomeExpenseNet": -408833000, "ebit": 1442344000, "interestExpense": -406257000, "incomeBeforeTax": 1033511000, "incomeTaxExpense": 123196000, "minorityInterest": {}, "netIncomeFromContinuingOps": 910315000, "discontinuedOperations": {}, "extraordinaryItems": {}, "effectOfAccountingCharges": {}, "otherItems": {}, "netIncome": 910315000, "netIncomeApplicableToCommonShares": 910315000}, {"maxAge": 1, "endDate": "2019-03-31", "totalRevenue": 17966728000, "costOfRevenue": 12947374000, "grossProfit": 5019354000, "researchDevelopment": {}, "sellingGeneralAdministrative": 2071589000, "nonRecurring": {}, "otherOperatingExpenses": 434108000, "totalOperatingExpenses": 16343001000, "operatingIncome": 1623727000, "totalOtherIncomeExpenseNet": -134175000, "ebit": 1623727000, "interestExpense": -225905000, "incomeBeforeTax": 1489552000, "incomeTaxExpense": 516766000, "minorityInterest": {}, "netIncomeFromContinuingOps": 972786000, "discontinuedOperations": {}, "extraordinaryItems": {}, "effectOfAccountingCharges": {}, "otherItems": {}, "netIncome": 972786000, "netIncomeApplicableToCommonShares": 972786000}, {"maxAge": 1, "endDate": "2018-03-31", "totalRevenue": 13412773000, "costOfRevenue": 9363529000, "grossProfit": 4049244000, "researchDevelopment": {}, "sellingGeneralAdministrative": 1687112000, "nonRecurring": {}, "otherOperatingExpenses": 323984000, "totalOperatingExpenses": 12046809000, "operatingIncome": 1365964000, "totalOtherIncomeExpenseNet": -150734000, "ebit": 1365964000, "interestExpense": -229861000, "incomeBeforeTax": 1215230000, "incomeTaxExpense": 419545000, "minorityInterest": {}, "netIncomeFromContinuingOps": 795685000, "discontinuedOperations": {}, "extraordinaryItems": {}, "effectOfAccountingCharges": {}, "otherItems": {}, "netIncome": 795685000, "netIncomeApplicableToCommonShares": 795685000}, {"maxAge": 1, "endDate": "2017-03-31", "totalRevenue": 11559474000, "costOfRevenue": 7793655000, "grossProfit": 3765819000, "researchDevelopment": {}, "sellingGeneralAdministrative": 1391738000, "nonRecurring": {}, "otherOperatingExpenses": 320807000, "totalOperatingExpenses": 10160097000, "operatingIncome": 1399377000, "totalOtherIncomeExpenseNet": -336667000, "ebit": 1399377000, "interestExpense": -278344000, "incomeBeforeTax": 1062710000, "incomeTaxExpense": 368303000, "minorityInterest": {}, "netIncomeFromContinuingOps": 694407000, "discontinuedOperations": {}, "extraordinaryItems": {}, "effectOfAccountingCharges": {}, "otherItems": {}, "netIncome": 691574000, "netIncomeApplicableToCommonShares": 691574000}], "maxAge": 86400}, "fundOwnership": {"maxAge": 1, "ownershipList": [{"maxAge": 1, "reportDate": "2020-07-31", "organization": "DFA Emerging Markets Core Equity Portfolio", "pctHeld": 0.0011, "position": 76425, "value": 7122810}, {"maxAge": 1, "reportDate": "2020-07-31", "organization": "DFA Investment Dimensions-DFA Emerging Mkts Value", "pctHeld": 0.00059999997, "position": 41710, "value": 3887372}, {"maxAge": 1, "reportDate": "2020-07-31", "organization": "DFA Emerging Markets Small Cap Series", "pctHeld": 0.0002, "position": 15657, "value": 1459232}, {"maxAge": 1, "reportDate": "2020-07-31", "organization": "DFA Investment Dimensions-Emerging Markets Social Core Equity", "pctHeld": 0.0002, "position": 12709, "value": 1184478}, {"maxAge": 1, "reportDate": "2020-07-31", "organization": "DFA T.A. World Ex U.S. Core Equity Portfolio", "pctHeld": 0.0002, "position": 11743, "value": 1094447}, {"maxAge": 1, "reportDate": "2020-07-31", "organization": "DFA Investment Dimensions-World Ex U.S. Core Equity Port", "pctHeld": 0.0001, "position": 8742, "value": 814754}, {"maxAge": 1, "reportDate": "2020-07-31", "organization": "DFA Emerging Markets Sustainability Core 1 Portfolio", "pctHeld": 0.0001, "position": 4149, "value": 386686}]}, "summaryDetail": {"maxAge": 1, "priceHint": 2, "previousClose": 188.5, "open": 190.0, "dayLow": 187.25, "dayHigh": 194.5, "regularMarketPreviousClose": 188.5, "regularMarketOpen": 190.0, "regularMarketDayLow": 187.25, "regularMarketDayHigh": 194.5, "trailingPE": 52.718906, "forwardPE": 14.066221, "volume": 10819, "regularMarketVolume": 10819, "averageVolume": 16438, "averageVolume10days": 20530, "averageDailyVolume10Day": 20530, "bid": 189.05, "ask": 190.3, "bidSize": 0, "askSize": 0, "marketCap": 12834888704, "fiftyTwoWeekLow": 70.15, "fiftyTwoWeekHigh": 229.9, "fiftyDayAverage": 186.95857, "twoHundredDayAverage": 155.48212, "trailingAnnualDividendRate": 1.0, "trailingAnnualDividendYield": 0.0053050397, "currency": "INR", "fromCurrency": null, "toCurrency": null, "lastMarket": null, "algorithm": null, "tradeable": false}, "sectorTrend": {"maxAge": 1, "symbol": null, "estimates": []}, "incomeStatementHistoryQuarterly": {"incomeStatementHistory": [{"maxAge": 1, "endDate": "2020-06-30", "totalRevenue": 237014000, "costOfRevenue": 193382000, "grossProfit": 43632000, "researchDevelopment": {}, "sellingGeneralAdministrative": 150317000, "nonRecurring": {}, "otherOperatingExpenses": 129294000, "totalOperatingExpenses": 634707000, "operatingIncome": -397693000, "totalOtherIncomeExpenseNet": -157990000, "ebit": -397693000, "interestExpense": -203364000, "incomeBeforeTax": -555683000, "incomeTaxExpense": -125035000, "minorityInterest": {}, "netIncomeFromContinuingOps": -430648000, "discontinuedOperations": {}, "extraordinaryItems": {}, "effectOfAccountingCharges": {}, "otherItems": {}, "netIncome": -430648000, "netIncomeApplicableToCommonShares": -430648000}, {"maxAge": 1, "endDate": "2020-03-31", "totalRevenue": 3072703000, "costOfRevenue": 1557132000, "grossProfit": 1515571000, "researchDevelopment": {}, "sellingGeneralAdministrative": 1065160000, "nonRecurring": {}, "otherOperatingExpenses": -43001000, "totalOperatingExpenses": 2880450000, "operatingIncome": 192253000, "totalOtherIncomeExpenseNet": -144749000, "ebit": 192253000, "interestExpense": -203364000, "incomeBeforeTax": 47504000, "incomeTaxExpense": 7131000, "minorityInterest": {}, "netIncomeFromContinuingOps": 40373000, "discontinuedOperations": {}, "extraordinaryItems": {}, "effectOfAccountingCharges": {}, "otherItems": {}, "netIncome": 40373000, "netIncomeApplicableToCommonShares": 40373000}, {"maxAge": 1, "endDate": "2019-12-31", "totalRevenue": 4049472000, "costOfRevenue": 2783673000, "grossProfit": 1265799000, "researchDevelopment": {}, "sellingGeneralAdministrative": 351657000, "nonRecurring": {}, "otherOperatingExpenses": 191780000, "totalOperatingExpenses": 3625258000, "operatingIncome": 424214000, "totalOtherIncomeExpenseNet": -113650000, "ebit": 424214000, "interestExpense": -161653000, "incomeBeforeTax": 310564000, "incomeTaxExpense": 76669000, "minorityInterest": {}, "netIncomeFromContinuingOps": 233895000, "discontinuedOperations": {}, "extraordinaryItems": {}, "effectOfAccountingCharges": {}, "otherItems": {}, "netIncome": 233895000, "netIncomeApplicableToCommonShares": 233895000}, {"maxAge": 1, "endDate": "2019-09-30", "totalRevenue": 4055767000, "costOfRevenue": 2843349000, "grossProfit": 1212418000, "researchDevelopment": {}, "sellingGeneralAdministrative": 353668000, "nonRecurring": {}, "otherOperatingExpenses": 187802000, "totalOperatingExpenses": 3678890000, "operatingIncome": 376877000, "totalOtherIncomeExpenseNet": -66182000, "ebit": 376877000, "interestExpense": -149760000, "incomeBeforeTax": 310695000, "incomeTaxExpense": -89194000, "minorityInterest": {}, "netIncomeFromContinuingOps": 399889000, "discontinuedOperations": {}, "extraordinaryItems": {}, "effectOfAccountingCharges": {}, "otherItems": {}, "netIncome": 399889000, "netIncomeApplicableToCommonShares": 399889000}], "maxAge": 86400}, "cashflowStatementHistoryQuarterly": {"cashflowStatements": [{"maxAge": 1, "endDate": "2020-06-30", "netIncome": -430648000, "changeToLiabilities": 0}, {"maxAge": 1, "endDate": "2020-03-31", "netIncome": 40373000, "changeToLiabilities": 0}, {"maxAge": 1, "endDate": "2019-12-31", "netIncome": 233895000, "changeToLiabilities": 0}, {"maxAge": 1, "endDate": "2019-09-30", "netIncome": 399889000, "changeToLiabilities": 0}], "maxAge": 86400}, "insiderHolders": {"holders": [{"maxAge": 1, "name": "ICICI Prudential Fund", "relation": "Promoter", "url": "", "transactionDescription": "Acquisition", "latestTransDate": "2020-03-12", "positionDirect": 3440460, "positionDirectDate": "2020-03-12"}, {"maxAge": 1, "name": "Katyal (Rahul Ramnath)", "relation": "Managing Director", "url": "", "transactionDescription": "Other", "latestTransDate": "2020-09-28", "positionDirect": 8380953, "positionDirectDate": "2020-09-28"}, {"maxAge": 1, "name": "Katyal (Rohit Ramnath)", "relation": "Director (Executive)", "url": "", "transactionDescription": "Other", "latestTransDate": "2020-09-28", "positionDirect": 6304144, "positionDirectDate": "2020-09-28"}, {"maxAge": 1, "name": "Katyal (Sakshi Rohit)", "relation": "Promoter", "url": "", "transactionDescription": "Other", "latestTransDate": "2020-09-28", "positionDirect": 2256093, "positionDirectDate": "2020-09-28"}], "maxAge": 1}, "earnings": {"maxAge": 86400, "earningsChart": {"quarterly": [], "earningsDate": []}, "financialsChart": {"yearly": [{"date": 2017, "revenue": 11559474000, "earnings": 691574000}, {"date": 2018, "revenue": 13412773000, "earnings": 795685000}, {"date": 2019, "revenue": 17966728000, "earnings": 972786000}, {"date": 2020, "revenue": 15290142000, "earnings": 910315000}], "quarterly": [{"date": "3Q2019", "revenue": 4055767000, "earnings": 399889000}, {"date": "4Q2019", "revenue": 4049472000, "earnings": 233895000}, {"date": "1Q2020", "revenue": 3072703000, "earnings": 40373000}, {"date": "2Q2020", "revenue": 237014000, "earnings": -430648000}]}, "financialCurrency": "INR"}, "calendarEvents": {"maxAge": 1, "earnings": {"earningsDate": [], "revenueAverage": 16798300000, "revenueLow": 15627000000, "revenueHigh": 17898000000}}, "price": {"maxAge": 1, "regularMarketChangePercent": 0.002917788, "regularMarketChange": 0.55000305, "regularMarketTime": "2021-04-30 15:28:38", "priceHint": 2, "regularMarketPrice": 189.05, "regularMarketDayHigh": 194.5, "regularMarketDayLow": 187.25, "regularMarketVolume": 10819, "averageDailyVolume10Day": 20530, "averageDailyVolume3Month": 16438, "regularMarketPreviousClose": 188.5, "regularMarketSource": "FREE_REALTIME", "regularMarketOpen": 190.0, "exchange": "BSE", "exchangeName": "BSE", "exchangeDataDelayedBy": 0, "marketState": "CLOSED", "quoteType": "EQUITY", "symbol": "CAPACITE.BO", "underlyingSymbol": null, "shortName": "Capacit'e Infraprojects Limite", "longName": "Capacit'e Infraprojects Limited", "currency": "INR", "quoteSourceName": "Delayed Quote", "currencySymbol": "\u20b9", "fromCurrency": null, "toCurrency": null, "lastMarket": null, "marketCap": 12834888704}, "balanceSheetHistory": {"balanceSheetStatements": [{"maxAge": 1, "endDate": "2020-03-31", "cash": 1075902000, "shortTermInvestments": 870474000, "netReceivables": 7621761000, "inventory": 1041181000, "otherCurrentAssets": 3521294000, "totalCurrentAssets": 14290521000, "longTermInvestments": 8070000, "propertyPlantEquipment": 6623132000, "intangibleAssets": 14573000, "otherAssets": 2708313000, "totalAssets": 23644609000, "accountsPayable": 5598503000, "shortLongTermDebt": 329263000, "otherCurrentLiab": 1582457000, "longTermDebt": 935261000, "otherLiab": 3713106000, "totalCurrentLiabilities": 9658509000, "totalLiab": 14385569000, "commonStock": 678915000, "retainedEarnings": 4008811000, "capitalSurplus": 4571314000, "totalStockholderEquity": 9259040000, "netTangibleAssets": 9244467000}, {"maxAge": 1, "endDate": "2019-03-31", "cash": 298444000, "shortTermInvestments": 1624260000, "netReceivables": 7656473000, "inventory": 910569000, "otherCurrentAssets": 2709402000, "totalCurrentAssets": 13311169000, "longTermInvestments": 3000000, "propertyPlantEquipment": 5432352000, "intangibleAssets": 15998000, "otherAssets": 1749547000, "totalAssets": 20512066000, "accountsPayable": 5337522000, "shortLongTermDebt": 380079000, "otherCurrentLiab": 1844359000, "longTermDebt": 579838000, "otherLiab": 1770305000, "totalCurrentLiabilities": 9731460000, "totalLiab": 12081603000, "commonStock": 678915000, "retainedEarnings": 3180234000, "capitalSurplus": 4571314000, "totalStockholderEquity": 8430463000, "netTangibleAssets": 8414465000}, {"maxAge": 1, "endDate": "2018-03-31", "cash": 130119000, "shortTermInvestments": 3098433000, "netReceivables": 5871447000, "inventory": 2240693000, "otherCurrentAssets": 679388000, "totalCurrentAssets": 12094922000, "longTermInvestments": 850000, "propertyPlantEquipment": 4085898000, "intangibleAssets": 13809000, "otherAssets": 1142958000, "totalAssets": 17338437000, "accountsPayable": 4473207000, "shortLongTermDebt": 519508000, "otherCurrentLiab": 1312312000, "longTermDebt": 480349000, "otherLiab": 1441250000, "totalCurrentLiabilities": 7939762000, "totalLiab": 9861361000, "commonStock": 678915000, "retainedEarnings": 2230044000, "capitalSurplus": 4568117000, "totalStockholderEquity": 7477076000, "netTangibleAssets": 7463267000}, {"maxAge": 1, "endDate": "2017-03-31", "cash": 111994000, "netReceivables": 4282455000, "inventory": 1809040000, "otherCurrentAssets": 1151965000, "totalCurrentAssets": 7409062000, "longTermInvestments": 9173000, "propertyPlantEquipment": 3303449000, "goodWill": 440000, "intangibleAssets": 20585000, "otherAssets": 349856000, "totalAssets": 11092565000, "accountsPayable": 3181896000, "shortLongTermDebt": 315259000, "otherCurrentLiab": 1145544000, "longTermDebt": 671208000, "otherLiab": 1357512000, "totalCurrentLiabilities": 6070735000, "totalLiab": 8099455000, "commonStock": 402948000, "retainedEarnings": 1479012000, "treasuryStock": 11324000, "capitalSurplus": 1066693000, "otherStockholderEquity": 11324000, "totalStockholderEquity": 2959977000, "netTangibleAssets": 2938952000}], "maxAge": 86400}, "earningsTrend": {"trend": [{"maxAge": 1, "period": "0q", "endDate": "2017-12-31", "growth": {}, "earningsEstimate": {"avg": 0.0, "low": 0.0, "high": 0.0, "yearAgoEps": {}, "numberOfAnalysts": 0, "growth": {}}, "revenueEstimate": {"avg": 16798300000, "low": 15627000000, "high": 17898000000, "numberOfAnalysts": 3, "yearAgoRevenue": 13410800000, "growth": 0.253}, "epsTrend": {"current": 0.0, "7daysAgo": 3.5, "30daysAgo": 3.5, "60daysAgo": 3.5, "90daysAgo": 3.5}, "epsRevisions": {"upLast7days": 0, "upLast30days": 0, "downLast30days": 0, "downLast90days": {}}}, {"maxAge": 1, "period": "+1q", "endDate": "2018-03-31", "growth": {}, "earningsEstimate": {"avg": 0.0, "low": 0.0, "high": 0.0, "yearAgoEps": {}, "numberOfAnalysts": 0, "growth": {}}, "revenueEstimate": {"avg": 16798300000, "low": 15627000000, "high": 17898000000, "numberOfAnalysts": 3, "yearAgoRevenue": 13410800000, "growth": 0.253}, "epsTrend": {"current": 0.0, "7daysAgo": 4.7, "30daysAgo": 4.7, "60daysAgo": 4.7, "90daysAgo": 4.7}, "epsRevisions": {"upLast7days": 0, "upLast30days": 0, "downLast30days": 0, "downLast90days": {}}}, {"maxAge": 1, "period": "0y", "endDate": "2019-03-31", "growth": {}, "earningsEstimate": {"avg": 0.0, "low": 0.0, "high": 0.0, "yearAgoEps": {}, "numberOfAnalysts": 0, "growth": {}}, "revenueEstimate": {"avg": 16798300000, "low": 15627000000, "high": 17898000000, "numberOfAnalysts": 3, "yearAgoRevenue": 13410800000, "growth": 0.253}, "epsTrend": {"current": 0.0, "7daysAgo": 0.0, "30daysAgo": 0.0, "60daysAgo": 0.0, "90daysAgo": 0.0}, "epsRevisions": {"upLast7days": 0, "upLast30days": 0, "downLast30days": 0, "downLast90days": {}}}, {"maxAge": 1, "period": "+1y", "endDate": "2018-03-31", "growth": {}, "earningsEstimate": {"avg": 0.0, "low": 0.0, "high": 0.0, "yearAgoEps": {}, "numberOfAnalysts": 0, "growth": {}}, "revenueEstimate": {"avg": 13410800000, "low": 13390000000, "high": 14626000000, "numberOfAnalysts": 5, "yearAgoRevenue": 16798300000, "growth": -0.202}, "epsTrend": {"current": 0.0, "7daysAgo": 13.44, "30daysAgo": 13.44, "60daysAgo": 13.44, "90daysAgo": 13.44}, "epsRevisions": {"upLast7days": 0, "upLast30days": 0, "downLast30days": 0, "downLast90days": {}}}, {"maxAge": 1, "period": "+5y", "endDate": null, "growth": {}, "earningsEstimate": {"avg": {}, "low": {}, "high": {}, "yearAgoEps": {}, "numberOfAnalysts": {}, "growth": {}}, "revenueEstimate": {"avg": {}, "low": {}, "high": {}, "numberOfAnalysts": {}, "yearAgoRevenue": {}, "growth": {}}, "epsTrend": {"current": {}, "7daysAgo": {}, "30daysAgo": {}, "60daysAgo": {}, "90daysAgo": {}}, "epsRevisions": {"upLast7days": {}, "upLast30days": {}, "downLast30days": {}, "downLast90days": {}}}, {"maxAge": 1, "period": "-5y", "endDate": null, "growth": {}, "earningsEstimate": {"avg": {}, "low": {}, "high": {}, "yearAgoEps": {}, "numberOfAnalysts": {}, "growth": {}}, "revenueEstimate": {"avg": {}, "low": {}, "high": {}, "numberOfAnalysts": {}, "yearAgoRevenue": {}, "growth": {}}, "epsTrend": {"current": {}, "7daysAgo": {}, "30daysAgo": {}, "60daysAgo": {}, "90daysAgo": {}}, "epsRevisions": {"upLast7days": {}, "upLast30days": {}, "downLast30days": {}, "downLast90days": {}}}], "maxAge": 1}, "financialData": {"maxAge": 86400, "currentPrice": 189.05, "targetHighPrice": 403.0, "targetLowPrice": 321.0, "targetMeanPrice": 365.57, "targetMedianPrice": 357.0, "recommendationKey": "none", "numberOfAnalystOpinions": 7, "grossProfits": 5224635000, "financialCurrency": "INR"}}}