{"CAPITALT.BO": {"recommendationTrend": {"trend": [{"period": "0m", "strongBuy": 0, "buy": 0, "hold": 0, "sell": 0, "strongSell": 0}, {"period": "-1m", "strongBuy": 0, "buy": 0, "hold": 0, "sell": 0, "strongSell": 0}, {"period": "-2m", "strongBuy": 0, "buy": 0, "hold": 0, "sell": 0, "strongSell": 0}, {"period": "-3m", "strongBuy": 0, "buy": 0, "hold": 0, "sell": 0, "strongSell": 0}], "maxAge": 86400}, "cashflowStatementHistory": {"cashflowStatements": [{"maxAge": 1, "endDate": "2020-03-31", "netIncome": 42740000, "depreciation": 7953000, "changeToNetincome": 133956000, "changeToLiabilities": 3157000, "changeToOperatingActivities": 2330817000, "totalCashFromOperatingActivities": 2519616000, "capitalExpenditures": -7800000, "investments": -358457000, "totalCashflowsFromInvestingActivities": -365732000, "dividendsPaid": -9862000, "netBorrowings": -2120487000, "totalCashFromFinancingActivities": -2130349000, "changeInCash": 23535000}, {"maxAge": 1, "endDate": "2019-03-31", "netIncome": 91640000, "depreciation": 8469000, "changeToNetincome": 274363000, "changeToLiabilities": -2808000, "changeToOperatingActivities": 369572000, "totalCashFromOperatingActivities": 742113000, "capitalExpenditures": -7803000, "investments": 6265000, "otherCashflowsFromInvestingActivities": 10000, "totalCashflowsFromInvestingActivities": -1528000, "dividendsPaid": -9863000, "netBorrowings": -555163000, "totalCashFromFinancingActivities": -565026000, "changeInCash": 175559000}, {"maxAge": 1, "endDate": "2018-03-31", "netIncome": 13726066, "depreciation": 4280030, "changeToNetincome": 401702412, "changeToLiabilities": 1297960, "changeToOperatingActivities": -2273727977, "totalCashFromOperatingActivities": -1852569697, "capitalExpenditures": -8049989, "investments": 16624250, "otherCashflowsFromInvestingActivities": -19342183, "totalCashflowsFromInvestingActivities": -10767922, "dividendsPaid": -24542123, "netBorrowings": 1791499510, "otherCashflowsFromFinancingActivities": -4996199, "totalCashFromFinancingActivities": 1761964668, "changeInCash": -101372951, "issuanceOfStock": 3480}, {"maxAge": 1, "endDate": "2017-03-31", "netIncome": 378571456, "depreciation": 3913685, "changeToNetincome": 122911933, "changeToLiabilities": 2783249, "changeToOperatingActivities": -3848463003, "totalCashFromOperatingActivities": -3340282680, "capitalExpenditures": -6428173, "investments": -326217124, "otherCashflowsFromInvestingActivities": 23173400, "totalCashflowsFromInvestingActivities": -309471897, "dividendsPaid": -25660848, "netBorrowings": 2917636774, "otherCashflowsFromFinancingActivities": -4996199, "totalCashFromFinancingActivities": 3108436911, "changeInCash": -541317666, "issuanceOfStock": 216460985}], "maxAge": 86400}, "institutionOwnership": {"maxAge": 1, "ownershipList": []}, "balanceSheetHistoryQuarterly": {"balanceSheetStatements": [{"maxAge": 1, "endDate": "2020-06-30", "totalStockholderEquity": 1544591000, "netTangibleAssets": 1543503000}, {"maxAge": 1, "endDate": "2020-03-31", "cash": 343598000, "netReceivables": 3121746000, "otherCurrentAssets": 399846000, "totalCurrentAssets": 4244289000, "propertyPlantEquipment": 39843000, "intangibleAssets": 1088000, "otherAssets": 237797000, "deferredLongTermAssetCharges": 237797000, "totalAssets": 4523017000, "accountsPayable": 10789000, "shortLongTermDebt": 1459128000, "otherCurrentLiab": 84277000, "longTermDebt": 1251752000, "otherLiab": 8995000, "totalCurrentLiabilities": 1699190000, "totalLiab": 2978426000, "commonStock": 162175000, "retainedEarnings": 49031000, "treasuryStock": 84559000, "capitalSurplus": 1248826000, "otherStockholderEquity": 84559000, "totalStockholderEquity": 1544591000, "netTangibleAssets": 1543503000}, {"maxAge": 1, "endDate": "2019-12-31"}, {"maxAge": 1, "endDate": "2019-06-30", "totalStockholderEquity": 2202481802, "netTangibleAssets": 2200400798}], "maxAge": 86400}, "earningsHistory": {"history": [{"maxAge": 1, "epsActual": {}, "epsEstimate": {}, "epsDifference": {}, "surprisePercent": {}, "quarter": {}, "period": "-4q"}, {"maxAge": 1, "epsActual": {}, "epsEstimate": {}, "epsDifference": {}, "surprisePercent": {}, "quarter": {}, "period": "-3q"}, {"maxAge": 1, "epsActual": {}, "epsEstimate": {}, "epsDifference": {}, "surprisePercent": {}, "quarter": {}, "period": "-2q"}, {"maxAge": 1, "epsActual": -6.94, "epsEstimate": 6.02, "epsDifference": -12.96, "surprisePercent": -2.153, "quarter": "2017-06-30", "period": "-1q"}], "maxAge": 86400}, "indexTrend": {"maxAge": 1, "symbol": "SP5", "peRatio": 19.7411, "pegRatio": 1.34172, "estimates": [{"period": "0q", "growth": 0.549}, {"period": "+1q", "growth": 0.431}, {"period": "0y", "growth": 0.305}, {"period": "+1y", "growth": 0.109}, {"period": "+5y", "growth": 0.120859005}, {"period": "-5y"}]}, "industryTrend": {"maxAge": 1, "symbol": null, "estimates": []}, "insiderTransactions": {"transactions": [{"maxAge": 1, "shares": 18111, "value": 19282, "filerUrl": "", "transactionText": "Acquisition at price 1.06 per share.", "filerName": "Moonlight Equity Pvt. Ltd.", "filerRelation": "Promoter", "moneyText": "", "startDate": "2020-06-29", "ownership": "D"}, {"maxAge": 1, "shares": 57927, "value": 64391, "filerUrl": "", "transactionText": "Acquisition at price 1.11 per share.", "filerName": "Moonlight Equity Pvt. Ltd.", "filerRelation": "Promoter", "moneyText": "", "startDate": "2020-06-26", "ownership": "D"}, {"maxAge": 1, "shares": 26317, "filerUrl": "", "transactionText": "", "filerName": "Moonlight Equity Pvt. Ltd.", "filerRelation": "Promoter", "moneyText": "", "startDate": "2020-06-24", "ownership": "D"}, {"maxAge": 1, "shares": 25000, "filerUrl": "", "transactionText": "", "filerName": "Moonlight Equity Pvt. Ltd.", "filerRelation": "Promoter", "moneyText": "", "startDate": "2020-06-23", "ownership": "D"}, {"maxAge": 1, "shares": 814000, "filerUrl": "", "transactionText": "", "filerName": "Khosla (Yogen)", "filerRelation": "Chief Executive Officer", "moneyText": "", "startDate": "2019-04-02", "ownership": "D"}, {"maxAge": 1, "shares": 814000, "filerUrl": "", "transactionText": "", "filerName": "Moonlight Equity Pvt. Ltd.", "filerRelation": "Promoter", "moneyText": "", "startDate": "2019-04-02", "ownership": "D"}, {"maxAge": 1, "shares": 268000, "filerUrl": "", "transactionText": "", "filerName": "Indo Crediop Pvt Ltd", "filerRelation": "Promoter", "moneyText": "", "startDate": "2019-03-25", "ownership": "D"}, {"maxAge": 1, "shares": 397000, "filerUrl": "", "transactionText": "", "filerName": "Moonlight Equity Pvt. Ltd.", "filerRelation": "Promoter", "moneyText": "", "startDate": "2019-03-25", "ownership": "D"}, {"maxAge": 1, "shares": 8052, "filerUrl": "", "transactionText": "", "filerName": "Indo Crediop Pvt Ltd", "filerRelation": "Promoter", "moneyText": "", "startDate": "2019-03-19", "ownership": "D"}, {"maxAge": 1, "shares": 980000, "filerUrl": "", "transactionText": "", "filerName": "Khosla (Yogen)", "filerRelation": "Chief Executive Officer", "moneyText": "", "startDate": "2019-03-19", "ownership": "D"}], "maxAge": 1}, "quoteType": {"exchange": "BSE", "quoteType": "EQUITY", "symbol": "CAPITALT.BO", "underlyingSymbol": "CAPITALT.BO", "shortName": "CAPITAL TRUST LTD.", "longName": "Capital Trust Limited", "firstTradeDateEpochUtc": "2002-04-05 09:15:00", "timeZoneFullName": "Asia/Kolkata", "timeZoneShortName": "IST", "uuid": "3e88944e-930f-3330-86f4-b7f6efadddda", "messageBoardId": null, "gmtOffSetMilliseconds": 19800000, "maxAge": 1}, "incomeStatementHistory": {"incomeStatementHistory": [{"maxAge": 1, "endDate": "2020-03-31", "totalRevenue": 996149000, "costOfRevenue": 81277000, "grossProfit": 914872000, "researchDevelopment": {}, "sellingGeneralAdministrative": 414947000, "nonRecurring": {}, "otherOperatingExpenses": 306611000, "totalOperatingExpenses": 860085000, "operatingIncome": 136064000, "totalOtherIncomeExpenseNet": 244000, "ebit": 0, "interestExpense": {}, "incomeBeforeTax": 136308000, "incomeTaxExpense": 93568000, "minorityInterest": {}, "netIncomeFromContinuingOps": 42740000, "discontinuedOperations": {}, "extraordinaryItems": {}, "effectOfAccountingCharges": {}, "otherItems": {}, "netIncome": 42740000, "netIncomeApplicableToCommonShares": 42740000}, {"maxAge": 1, "endDate": "2019-03-31", "totalRevenue": 1200295000, "costOfRevenue": 64606000, "grossProfit": 1135689000, "researchDevelopment": {}, "sellingGeneralAdministrative": 405677000, "nonRecurring": {}, "otherOperatingExpenses": 190275000, "totalOperatingExpenses": 698322000, "operatingIncome": 501973000, "totalOtherIncomeExpenseNet": -372304000, "ebit": 0, "interestExpense": {}, "incomeBeforeTax": 129669000, "incomeTaxExpense": 38029000, "minorityInterest": {}, "netIncomeFromContinuingOps": 91640000, "discontinuedOperations": {}, "extraordinaryItems": {}, "effectOfAccountingCharges": {}, "otherItems": {}, "netIncome": 91640000, "netIncomeApplicableToCommonShares": 91640000}, {"maxAge": 1, "endDate": "2018-03-31", "totalRevenue": 1199517197, "costOfRevenue": 11890206, "grossProfit": 1187626991, "researchDevelopment": {}, "sellingGeneralAdministrative": 340194717, "nonRecurring": {}, "otherOperatingExpenses": 350489002, "totalOperatingExpenses": 1124195317, "operatingIncome": 75321880, "totalOtherIncomeExpenseNet": -1, "ebit": 0, "interestExpense": {}, "incomeBeforeTax": 75321879, "incomeTaxExpense": 61595813, "minorityInterest": {}, "netIncomeFromContinuingOps": 13726066, "discontinuedOperations": {}, "extraordinaryItems": {}, "effectOfAccountingCharges": {}, "otherItems": {}, "netIncome": 13726066, "netIncomeApplicableToCommonShares": 13726066}, {"maxAge": 1, "endDate": "2017-03-31", "totalRevenue": 981983692, "costOfRevenue": 13067347, "grossProfit": 968916345, "researchDevelopment": {}, "sellingGeneralAdministrative": 229022451, "nonRecurring": {}, "otherOperatingExpenses": 148831856, "totalOperatingExpenses": 413300287, "operatingIncome": 568683405, "totalOtherIncomeExpenseNet": 0, "ebit": 0, "interestExpense": {}, "incomeBeforeTax": 568683405, "incomeTaxExpense": 190111949, "minorityInterest": {}, "netIncomeFromContinuingOps": 378571456, "discontinuedOperations": {}, "extraordinaryItems": {}, "effectOfAccountingCharges": {}, "otherItems": {}, "netIncome": 378571456, "netIncomeApplicableToCommonShares": 378571456}], "maxAge": 86400}, "fundOwnership": {"maxAge": 1, "ownershipList": []}, "summaryDetail": {"maxAge": 1, "priceHint": 2, "previousClose": 87.95, "open": 86.4, "dayLow": 84.05, "dayHigh": 88.0, "regularMarketPreviousClose": 87.95, "regularMarketOpen": 86.4, "regularMarketDayLow": 84.05, "regularMarketDayHigh": 88.0, "trailingPE": 7.6825395, "volume": 1417, "regularMarketVolume": 1417, "averageVolume": 2813, "averageVolume10days": 1728, "averageDailyVolume10Day": 1728, "bid": 84.6, "ask": 86.4, "bidSize": 0, "askSize": 0, "marketCap": 1385810560, "fiftyTwoWeekLow": 47.05, "fiftyTwoWeekHigh": 122.0, "fiftyDayAverage": 92.40714, "twoHundredDayAverage": 76.40365, "trailingAnnualDividendRate": 0.5, "trailingAnnualDividendYield": 0.0056850486, "currency": "INR", "fromCurrency": null, "toCurrency": null, "lastMarket": null, "algorithm": null, "tradeable": false}, "sectorTrend": {"maxAge": 1, "symbol": null, "estimates": []}, "incomeStatementHistoryQuarterly": {"incomeStatementHistory": [{"maxAge": 1, "endDate": "2020-06-30", "totalRevenue": 195399000, "costOfRevenue": 5392000, "grossProfit": 190007000, "researchDevelopment": {}, "sellingGeneralAdministrative": 81122000, "nonRecurring": {}, "otherOperatingExpenses": 78591000, "totalOperatingExpenses": 166974000, "operatingIncome": 28425000, "totalOtherIncomeExpenseNet": -2000, "ebit": 0, "interestExpense": {}, "incomeBeforeTax": 28423000, "incomeTaxExpense": 7168000, "minorityInterest": {}, "netIncomeFromContinuingOps": 21255000, "discontinuedOperations": {}, "extraordinaryItems": {}, "effectOfAccountingCharges": {}, "otherItems": {}, "netIncome": 21255000, "netIncomeApplicableToCommonShares": 21255000}, {"maxAge": 1, "endDate": "2020-03-31", "totalRevenue": 223568000, "costOfRevenue": 25009000, "grossProfit": 198559000, "researchDevelopment": {}, "sellingGeneralAdministrative": 125401000, "nonRecurring": {}, "otherOperatingExpenses": 74981000, "totalOperatingExpenses": 275435000, "operatingIncome": -51867000, "totalOtherIncomeExpenseNet": 244000, "ebit": 0, "interestExpense": {}, "incomeBeforeTax": -51623000, "incomeTaxExpense": 11443000, "minorityInterest": {}, "netIncomeFromContinuingOps": -63066000, "discontinuedOperations": {}, "extraordinaryItems": {}, "effectOfAccountingCharges": {}, "otherItems": {}, "netIncome": -63066000, "netIncomeApplicableToCommonShares": -63066000}, {"maxAge": 1, "endDate": "2019-12-31", "totalRevenue": 279673000, "costOfRevenue": 23622000, "grossProfit": 256051000, "researchDevelopment": {}, "sellingGeneralAdministrative": 98799000, "nonRecurring": {}, "otherOperatingExpenses": 44242000, "totalOperatingExpenses": 168490000, "operatingIncome": 111183000, "totalOtherIncomeExpenseNet": 0, "ebit": 0, "interestExpense": {}, "incomeBeforeTax": 111183000, "incomeTaxExpense": 28980000, "minorityInterest": {}, "netIncomeFromContinuingOps": 82203000, "discontinuedOperations": {}, "extraordinaryItems": {}, "effectOfAccountingCharges": {}, "otherItems": {}, "netIncome": 82203000, "netIncomeApplicableToCommonShares": 82203000}, {"maxAge": 1, "endDate": "2019-06-30", "totalRevenue": 250718000, "costOfRevenue": 6531000, "grossProfit": 244187000, "researchDevelopment": {}, "sellingGeneralAdministrative": 92851000, "nonRecurring": {}, "otherOperatingExpenses": 274836000, "totalOperatingExpenses": 375799000, "operatingIncome": -125081000, "totalOtherIncomeExpenseNet": 0, "ebit": 0, "interestExpense": {}, "incomeBeforeTax": -125081000, "incomeTaxExpense": -10255000, "minorityInterest": {}, "netIncomeFromContinuingOps": -114826000, "discontinuedOperations": {}, "extraordinaryItems": {}, "effectOfAccountingCharges": {}, "otherItems": {}, "netIncome": -114826000, "netIncomeApplicableToCommonShares": -114826000}], "maxAge": 86400}, "cashflowStatementHistoryQuarterly": {"cashflowStatements": [{"maxAge": 1, "endDate": "2020-06-30", "netIncome": 21255000, "changeToLiabilities": 0}, {"maxAge": 1, "endDate": "2020-03-31", "netIncome": -63066000, "changeToLiabilities": 0}, {"maxAge": 1, "endDate": "2019-12-31", "netIncome": 82203000, "changeToLiabilities": 0}, {"maxAge": 1, "endDate": "2019-06-30", "netIncome": -114826000, "changeToLiabilities": 0}], "maxAge": 86400}, "insiderHolders": {"holders": [{"maxAge": 1, "name": "Indo Crediop Pvt Ltd", "relation": "Promoter", "url": "", "transactionDescription": "Other", "latestTransDate": "2019-03-25", "positionDirect": 3427885, "positionDirectDate": "2019-03-25"}, {"maxAge": 1, "name": "Khosla (Yogen)", "relation": "Chief Executive Officer", "url": "", "transactionDescription": "Other", "latestTransDate": "2019-04-02", "positionDirect": 6038917, "positionDirectDate": "2019-04-02"}, {"maxAge": 1, "name": "Moonlight Equity Pvt. Ltd.", "relation": "Promoter", "url": "", "transactionDescription": "Acquisition", "latestTransDate": "2020-06-29", "positionDirect": 1486810, "positionDirectDate": "2020-06-29"}], "maxAge": 1}, "earnings": {"maxAge": 86400, "earningsChart": {"quarterly": [{"date": "2Q2017", "actual": -6.94, "estimate": 6.02}], "currentQuarterEstimateDate": "3Q", "currentQuarterEstimateYear": 2017, "earningsDate": []}, "financialsChart": {"yearly": [{"date": 2017, "revenue": 981983692, "earnings": 378571456}, {"date": 2018, "revenue": 1199517197, "earnings": 13726066}, {"date": 2019, "revenue": 1200295000, "earnings": 91640000}, {"date": 2020, "revenue": 996149000, "earnings": 42740000}], "quarterly": [{"date": "2Q2019", "revenue": 250718000, "earnings": -114826000}, {"date": "4Q2019", "revenue": 279673000, "earnings": 82203000}, {"date": "1Q2020", "revenue": 223568000, "earnings": -63066000}, {"date": "2Q2020", "revenue": 195399000, "earnings": 21255000}]}, "financialCurrency": "INR"}, "calendarEvents": {"maxAge": 1, "earnings": {"earningsDate": []}}, "price": {"maxAge": 1, "regularMarketChangePercent": -0.036952816, "regularMarketChange": -3.25, "regularMarketTime": "2021-04-30 15:24:50", "priceHint": 2, "regularMarketPrice": 84.7, "regularMarketDayHigh": 88.0, "regularMarketDayLow": 84.05, "regularMarketVolume": 1417, "averageDailyVolume10Day": 1728, "averageDailyVolume3Month": 2813, "regularMarketPreviousClose": 87.95, "regularMarketSource": "FREE_REALTIME", "regularMarketOpen": 86.4, "exchange": "BSE", "exchangeName": "BSE", "exchangeDataDelayedBy": 0, "marketState": "CLOSED", "quoteType": "EQUITY", "symbol": "CAPITALT.BO", "underlyingSymbol": null, "shortName": "CAPITAL TRUST LTD.", "longName": "Capital Trust Limited", "currency": "INR", "quoteSourceName": "Delayed Quote", "currencySymbol": "\u20b9", "fromCurrency": null, "toCurrency": null, "lastMarket": null, "marketCap": 1385810560}, "balanceSheetHistory": {"balanceSheetStatements": [{"maxAge": 1, "endDate": "2020-03-31", "cash": 343598000, "netReceivables": 3121746000, "otherCurrentAssets": 399846000, "totalCurrentAssets": 4244289000, "propertyPlantEquipment": 39843000, "intangibleAssets": 1088000, "otherAssets": 237797000, "deferredLongTermAssetCharges": 237797000, "totalAssets": 4523017000, "accountsPayable": 10789000, "shortLongTermDebt": 1459128000, "otherCurrentLiab": 84277000, "longTermDebt": 1251752000, "otherLiab": 8995000, "totalCurrentLiabilities": 1699190000, "totalLiab": 2978426000, "commonStock": 162175000, "retainedEarnings": 49031000, "treasuryStock": 84559000, "capitalSurplus": 1248826000, "otherStockholderEquity": 84559000, "totalStockholderEquity": 1544591000, "netTangibleAssets": 1543503000}, {"maxAge": 1, "endDate": "2019-03-31", "cash": 320063000, "netReceivables": 5361520000, "otherCurrentAssets": 544638000, "totalCurrentAssets": 6228074000, "propertyPlantEquipment": 41475000, "intangibleAssets": 2081000, "otherAssets": 288299000, "deferredLongTermAssetCharges": 288299000, "totalAssets": 6559929000, "accountsPayable": 7632000, "shortLongTermDebt": 1906070000, "otherCurrentLiab": 18202000, "longTermDebt": 2896075000, "otherLiab": 6751000, "totalCurrentLiabilities": 2123858000, "totalLiab": 5048914000, "commonStock": 162175000, "retainedEarnings": 15456000, "treasuryStock": 84559000, "capitalSurplus": 1248825000, "otherStockholderEquity": 84559000, "totalStockholderEquity": 1511015000, "netTangibleAssets": 1508934000}, {"maxAge": 1, "endDate": "2018-03-31", "cash": 399170491, "netReceivables": 7258651040, "otherCurrentAssets": 130101271, "totalCurrentAssets": 7787922802, "longTermInvestments": 1758815, "propertyPlantEquipment": 17170611, "intangibleAssets": 232608, "otherAssets": 260576421, "deferredLongTermAssetCharges": 29220558, "totalAssets": 8067661257, "accountsPayable": 7357444, "shortLongTermDebt": 2014478400, "otherCurrentLiab": 175926704, "longTermDebt": 3322744382, "otherLiab": 184687521, "deferredLongTermLiab": 43902674, "totalCurrentLiabilities": 2372035895, "totalLiab": 5879467798, "commonStock": 163614150, "retainedEarnings": 612121919, "treasuryStock": 84559275, "capitalSurplus": 1327898115, "otherStockholderEquity": 84559275, "totalStockholderEquity": 2188193459, "netTangibleAssets": 2187960851}, {"maxAge": 1, "endDate": "2017-03-31", "cash": 406851750, "netReceivables": 5308966107, "otherCurrentAssets": 84656293, "totalCurrentAssets": 5800474150, "longTermInvestments": 1500005, "propertyPlantEquipment": 13663202, "intangibleAssets": 121870, "otherAssets": 327662935, "deferredLongTermAssetCharges": 17577044, "totalAssets": 6143422162, "accountsPayable": 6059484, "shortLongTermDebt": 1297296754, "otherCurrentLiab": 181650070, "longTermDebt": 2248933809, "otherLiab": 111768626, "deferredLongTermLiab": 42035891, "totalCurrentLiabilities": 1578717491, "totalLiab": 3939419926, "commonStock": 163614150, "retainedEarnings": 627932176, "treasuryStock": 84559275, "capitalSurplus": 1327896635, "otherStockholderEquity": 84559275, "totalStockholderEquity": 2204002236, "netTangibleAssets": 2203880366}], "maxAge": 86400}, "earningsTrend": {"trend": [{"maxAge": 1, "period": "0q", "endDate": "2017-09-30", "growth": {}, "earningsEstimate": {"avg": 0.0, "low": 0.0, "high": 0.0, "yearAgoEps": {}, "numberOfAnalysts": 0, "growth": {}}, "revenueEstimate": {"avg": 0, "low": 0, "high": 0, "numberOfAnalysts": 0, "yearAgoRevenue": {}, "growth": {}}, "epsTrend": {"current": 0.0, "7daysAgo": 0.0, "30daysAgo": 0.0, "60daysAgo": 0.0, "90daysAgo": 0.0}, "epsRevisions": {"upLast7days": 0, "upLast30days": 0, "downLast30days": 0, "downLast90days": {}}}, {"maxAge": 1, "period": "+1q", "endDate": "2017-12-31", "growth": {}, "earningsEstimate": {"avg": 0.0, "low": 0.0, "high": 0.0, "yearAgoEps": {}, "numberOfAnalysts": 0, "growth": {}}, "revenueEstimate": {"avg": 0, "low": 0, "high": 0, "numberOfAnalysts": 0, "yearAgoRevenue": {}, "growth": {}}, "epsTrend": {"current": 0.0, "7daysAgo": 0.0, "30daysAgo": 0.0, "60daysAgo": 0.0, "90daysAgo": 0.0}, "epsRevisions": {"upLast7days": 0, "upLast30days": 0, "downLast30days": 0, "downLast90days": {}}}, {"maxAge": 1, "period": "0y", "endDate": "2018-03-31", "growth": {}, "earningsEstimate": {"avg": 0.0, "low": 0.0, "high": 0.0, "yearAgoEps": {}, "numberOfAnalysts": 0, "growth": {}}, "revenueEstimate": {"avg": 1482110000, "low": 1482110000, "high": 1482110000, "numberOfAnalysts": 1, "yearAgoRevenue": {}, "growth": {}}, "epsTrend": {"current": 0.0, "7daysAgo": 30.23, "30daysAgo": 30.23, "60daysAgo": 30.23, "90daysAgo": 30.23}, "epsRevisions": {"upLast7days": 0, "upLast30days": 0, "downLast30days": 0, "downLast90days": {}}}, {"maxAge": 1, "period": "+1y", "endDate": "2019-03-31", "growth": {}, "earningsEstimate": {"avg": 0.0, "low": 0.0, "high": 0.0, "yearAgoEps": {}, "numberOfAnalysts": 0, "growth": {}}, "revenueEstimate": {"avg": 1808170000, "low": 1808170000, "high": 1808170000, "numberOfAnalysts": 1, "yearAgoRevenue": 1482110000, "growth": 0.22}, "epsTrend": {"current": 0.0, "7daysAgo": 37.45, "30daysAgo": 37.45, "60daysAgo": 37.45, "90daysAgo": 37.45}, "epsRevisions": {"upLast7days": 0, "upLast30days": 0, "downLast30days": 0, "downLast90days": {}}}, {"maxAge": 1, "period": "+5y", "endDate": null, "growth": {}, "earningsEstimate": {"avg": {}, "low": {}, "high": {}, "yearAgoEps": {}, "numberOfAnalysts": {}, "growth": {}}, "revenueEstimate": {"avg": {}, "low": {}, "high": {}, "numberOfAnalysts": {}, "yearAgoRevenue": {}, "growth": {}}, "epsTrend": {"current": {}, "7daysAgo": {}, "30daysAgo": {}, "60daysAgo": {}, "90daysAgo": {}}, "epsRevisions": {"upLast7days": {}, "upLast30days": {}, "downLast30days": {}, "downLast90days": {}}}, {"maxAge": 1, "period": "-5y", "endDate": null, "growth": 0.38785, "earningsEstimate": {"avg": {}, "low": {}, "high": {}, "yearAgoEps": {}, "numberOfAnalysts": {}, "growth": {}}, "revenueEstimate": {"avg": {}, "low": {}, "high": {}, "numberOfAnalysts": {}, "yearAgoRevenue": {}, "growth": {}}, "epsTrend": {"current": {}, "7daysAgo": {}, "30daysAgo": {}, "60daysAgo": {}, "90daysAgo": {}}, "epsRevisions": {"upLast7days": {}, "upLast30days": {}, "downLast30days": {}, "downLast90days": {}}}], "maxAge": 1}, "financialData": {"maxAge": 86400, "currentPrice": 84.7, "targetHighPrice": 290.0, "targetLowPrice": 290.0, "targetMeanPrice": 290.0, "targetMedianPrice": 290.0, "recommendationMean": 2.0, "recommendationKey": "buy", "numberOfAnalystOpinions": 1, "grossProfits": 914872000, "financialCurrency": "INR"}}}