{"CAPRO.BO": {"cashflowStatementHistory": {"cashflowStatements": [{"maxAge": 1, "endDate": "2020-03-31", "netIncome": 9511156, "depreciation": 10227105, "changeToNetincome": 4804692, "changeToAccountReceivables": -2601790, "changeToLiabilities": -3031225, "changeToInventory": 98373, "changeToOperatingActivities": 2794764, "totalCashFromOperatingActivities": 21803075, "capitalExpenditures": -7255865, "investments": -78900, "totalCashflowsFromInvestingActivities": -7334765, "netBorrowings": -11293000, "otherCashflowsFromFinancingActivities": -2986096, "totalCashFromFinancingActivities": -14279096, "changeInCash": 189214}, {"maxAge": 1, "endDate": "2019-03-31", "netIncome": 5016353, "depreciation": 9683976, "changeToNetincome": 3598508, "changeToAccountReceivables": 7303600, "changeToLiabilities": -422514, "changeToInventory": 2105608, "changeToOperatingActivities": 2265873, "totalCashFromOperatingActivities": 29551404, "capitalExpenditures": -37772998, "investments": -78900, "totalCashflowsFromInvestingActivities": -37772998, "netBorrowings": 6826251, "otherCashflowsFromFinancingActivities": -3422984, "totalCashFromFinancingActivities": 3500267, "changeInCash": -4721327, "issuanceOfStock": 97000}, {"maxAge": 1, "endDate": "2018-03-31", "netIncome": 1718866, "depreciation": 5715147, "changeToNetincome": 1807887, "changeToAccountReceivables": -4116579, "changeToLiabilities": 0, "changeToInventory": -332502, "changeToOperatingActivities": 6222853, "totalCashFromOperatingActivities": 11015672, "capitalExpenditures": -7550167, "investments": -78900, "totalCashflowsFromInvestingActivities": -7535966, "netBorrowings": 5197766, "otherCashflowsFromFinancingActivities": -1890298, "totalCashFromFinancingActivities": 3307468, "changeInCash": 6787174, "issuanceOfStock": 97000}, {"maxAge": 1, "endDate": "2017-03-31", "netIncome": -1153040, "depreciation": 4707145, "changeToNetincome": 1226720, "changeToAccountReceivables": 1603059, "changeToLiabilities": 0, "changeToInventory": -1936655, "changeToOperatingActivities": 947730, "totalCashFromOperatingActivities": 5394959, "capitalExpenditures": -8882592, "investments": -78900, "totalCashflowsFromInvestingActivities": -8882592, "netBorrowings": 4240480, "otherCashflowsFromFinancingActivities": -1226719, "totalCashFromFinancingActivities": 3013761, "changeInCash": -473871, "issuanceOfStock": 97000}], "maxAge": 86400}, "institutionOwnership": {"maxAge": 1, "ownershipList": []}, "balanceSheetHistoryQuarterly": {"balanceSheetStatements": [{"maxAge": 1, "endDate": "2020-06-30", "totalStockholderEquity": 34959700, "netTangibleAssets": 34959700}, {"maxAge": 1, "endDate": "2020-03-31", "cash": 3380114, "netReceivables": 3190114, "inventory": 822689, "otherCurrentAssets": 1656530, "totalCurrentAssets": 9049447, "propertyPlantEquipment": 60706924, "otherAssets": 1345525, "totalAssets": 71101896, "otherCurrentLiab": 4159223, "otherLiab": 2332327, "totalCurrentLiabilities": 33809909, "totalLiab": 36142236, "commonStock": 46000000, "retainedEarnings": -11040340, "totalStockholderEquity": 34959660, "netTangibleAssets": 34959660}, {"maxAge": 1, "endDate": "2019-12-31", "totalStockholderEquity": 35684200, "netTangibleAssets": 35684200}, {"maxAge": 1, "endDate": "2019-09-30", "cash": 2597300, "shortTermInvestments": 3394800, "netReceivables": 5191400, "inventory": 1612300, "totalCurrentAssets": 12795800, "propertyPlantEquipment": 60344000, "totalAssets": 73139800, "accountsPayable": 6471000, "shortLongTermDebt": 23064500, "otherCurrentLiab": 5489400, "otherLiab": 2430700, "totalCurrentLiabilities": 35024900, "totalLiab": 37455600, "commonStock": 46000000, "treasuryStock": -10315800, "otherStockholderEquity": -10315800, "totalStockholderEquity": 35684200, "netTangibleAssets": 35684200}], "maxAge": 86400}, "indexTrend": {"maxAge": 1, "symbol": "SP5", "peRatio": 19.7411, "pegRatio": 1.34172, "estimates": [{"period": "0q", "growth": 0.549}, {"period": "+1q", "growth": 0.431}, {"period": "0y", "growth": 0.305}, {"period": "+1y", "growth": 0.109}, {"period": "+5y", "growth": 0.120859005}, {"period": "-5y"}]}, "insiderTransactions": {"transactions": [{"maxAge": 1, "shares": 21200, "filerUrl": "", "transactionText": "", "filerName": "Bhanushali (Siddharth S)", "filerRelation": "Director (Executive)", "moneyText": "", "startDate": "2019-01-29", "ownership": "D"}], "maxAge": 1}, "quoteType": {"exchange": "BSE", "quoteType": "EQUITY", "symbol": "CAPRO.BO", "underlyingSymbol": "CAPRO.BO", "shortName": "CAPROLACTAM CHEMICALS LTD.", "longName": "Caprolactam Chemicals Limited", "firstTradeDateEpochUtc": "1998-12-30 09:15:00", "timeZoneFullName": "Asia/Kolkata", "timeZoneShortName": "IST", "uuid": "48b244e7-7b52-3148-a68c-85fa86f94221", "messageBoardId": null, "gmtOffSetMilliseconds": 19800000, "maxAge": 1}, "incomeStatementHistory": {"incomeStatementHistory": [{"maxAge": 1, "endDate": "2020-03-31", "totalRevenue": 65130887, "costOfRevenue": 5511697, "grossProfit": 59619190, "researchDevelopment": {}, "sellingGeneralAdministrative": 2364560, "nonRecurring": {}, "otherOperatingExpenses": 31712807, "totalOperatingExpenses": 49816169, "operatingIncome": 15314718, "totalOtherIncomeExpenseNet": -2734966, "ebit": 15314718, "interestExpense": -2970850, "incomeBeforeTax": 12579752, "incomeTaxExpense": 3068596, "minorityInterest": {}, "netIncomeFromContinuingOps": 9511156, "discontinuedOperations": {}, "extraordinaryItems": {}, "effectOfAccountingCharges": {}, "otherItems": {}, "netIncome": 9511156, "netIncomeApplicableToCommonShares": 9511156}, {"maxAge": 1, "endDate": "2019-03-31", "totalRevenue": 51884062, "costOfRevenue": 6766304, "grossProfit": 45117758, "researchDevelopment": {}, "sellingGeneralAdministrative": 2270326, "nonRecurring": {}, "otherOperatingExpenses": 23531738, "totalOperatingExpenses": 42252344, "operatingIncome": 9631718, "totalOtherIncomeExpenseNet": -3189840, "ebit": 9631718, "interestExpense": -3412819, "incomeBeforeTax": 6441878, "incomeTaxExpense": 1425525, "minorityInterest": {}, "netIncomeFromContinuingOps": 5016353, "discontinuedOperations": {}, "extraordinaryItems": {}, "effectOfAccountingCharges": {}, "otherItems": {}, "netIncome": 5016353, "netIncomeApplicableToCommonShares": 5016353}, {"maxAge": 1, "endDate": "2018-03-31", "totalRevenue": 40699874, "costOfRevenue": 25792732, "grossProfit": 14907142, "researchDevelopment": {}, "sellingGeneralAdministrative": 5883604, "nonRecurring": {}, "otherOperatingExpenses": -496481, "totalOperatingExpenses": 36895002, "operatingIncome": 3804872, "totalOtherIncomeExpenseNet": -1782617, "ebit": 3804872, "interestExpense": -1890298, "incomeBeforeTax": 2022255, "incomeTaxExpense": 303389, "minorityInterest": {}, "netIncomeFromContinuingOps": 1718866, "discontinuedOperations": {}, "extraordinaryItems": {}, "effectOfAccountingCharges": {}, "otherItems": {}, "netIncome": 1718866, "netIncomeApplicableToCommonShares": 1718866}, {"maxAge": 1, "endDate": "2017-03-31", "totalRevenue": 32426185, "costOfRevenue": 22184796, "grossProfit": 10241389, "researchDevelopment": {}, "sellingGeneralAdministrative": 5435355, "nonRecurring": {}, "otherOperatingExpenses": 119020, "totalOperatingExpenses": 32446316, "operatingIncome": -20131, "totalOtherIncomeExpenseNet": -1132909, "ebit": -20131, "interestExpense": -1226719, "incomeBeforeTax": -1153040, "incomeTaxExpense": 0, "minorityInterest": {}, "netIncomeFromContinuingOps": -1153040, "discontinuedOperations": {}, "extraordinaryItems": {}, "effectOfAccountingCharges": {}, "otherItems": {}, "netIncome": -1153040, "netIncomeApplicableToCommonShares": -1153040}], "maxAge": 86400}, "fundOwnership": {"maxAge": 1, "ownershipList": []}, "summaryDetail": {"maxAge": 1, "priceHint": 2, "previousClose": 31.6, "open": 33.15, "dayLow": 30.7, "dayHigh": 33.15, "regularMarketPreviousClose": 31.6, "regularMarketOpen": 33.15, "regularMarketDayLow": 30.7, "regularMarketDayHigh": 33.15, "volume": 2795, "regularMarketVolume": 2795, "averageVolume": 1042, "averageVolume10days": 908, "averageDailyVolume10Day": 908, "bid": 33.15, "ask": 0.0, "bidSize": 0, "askSize": 0, "marketCap": 141680000, "fiftyTwoWeekLow": 13.25, "fiftyTwoWeekHigh": 33.15, "fiftyDayAverage": 20.482857, "twoHundredDayAverage": 18.3, "currency": "INR", "fromCurrency": null, "toCurrency": null, "lastMarket": null, "algorithm": null, "tradeable": false}, "incomeStatementHistoryQuarterly": {"incomeStatementHistory": [{"maxAge": 1, "endDate": "2020-06-30", "totalRevenue": 7465200, "costOfRevenue": 2925400, "grossProfit": 4539800, "researchDevelopment": {}, "sellingGeneralAdministrative": 1974900, "nonRecurring": {}, "otherOperatingExpenses": 1092100, "totalOperatingExpenses": 8123000, "operatingIncome": -657800, "totalOtherIncomeExpenseNet": -736600, "ebit": -657800, "interestExpense": -736600, "incomeBeforeTax": -1394400, "incomeTaxExpense": 0, "minorityInterest": {}, "netIncomeFromContinuingOps": -1394400, "discontinuedOperations": {}, "extraordinaryItems": {}, "effectOfAccountingCharges": {}, "otherItems": {}, "netIncome": -1394400, "netIncomeApplicableToCommonShares": -1394400}, {"maxAge": 1, "endDate": "2020-03-31", "totalRevenue": 9872687, "costOfRevenue": -7353403, "grossProfit": 17226090, "researchDevelopment": {}, "sellingGeneralAdministrative": -7259940, "nonRecurring": {}, "otherOperatingExpenses": 25799107, "totalOperatingExpenses": 12986769, "operatingIncome": -3114082, "totalOtherIncomeExpenseNet": -533766, "ebit": -3114082, "interestExpense": -769650, "incomeBeforeTax": -3647848, "incomeTaxExpense": 3068596, "minorityInterest": {}, "netIncomeFromContinuingOps": -6716444, "discontinuedOperations": {}, "extraordinaryItems": {}, "effectOfAccountingCharges": {}, "otherItems": {}, "netIncome": -6716444, "netIncomeApplicableToCommonShares": -6716444}, {"maxAge": 1, "endDate": "2019-12-31", "totalRevenue": 19777700, "costOfRevenue": 4608600, "grossProfit": 15169100, "researchDevelopment": {}, "sellingGeneralAdministrative": 2904300, "nonRecurring": {}, "otherOperatingExpenses": 2673300, "totalOperatingExpenses": 13069300, "operatingIncome": 6708400, "totalOtherIncomeExpenseNet": -716500, "ebit": 6708400, "interestExpense": -716500, "incomeBeforeTax": 5991900, "incomeTaxExpense": 0, "minorityInterest": {}, "netIncomeFromContinuingOps": 5991900, "discontinuedOperations": {}, "extraordinaryItems": {}, "effectOfAccountingCharges": {}, "otherItems": {}, "netIncome": 5991900, "netIncomeApplicableToCommonShares": 5991900}, {"maxAge": 1, "endDate": "2019-09-30", "totalRevenue": 11752300, "costOfRevenue": 4370000, "grossProfit": 7382300, "researchDevelopment": {}, "sellingGeneralAdministrative": 2597500, "nonRecurring": {}, "otherOperatingExpenses": 1481600, "totalOperatingExpenses": 11258100, "operatingIncome": 494200, "totalOtherIncomeExpenseNet": -674900, "ebit": 494200, "interestExpense": -674900, "incomeBeforeTax": -180700, "incomeTaxExpense": 0, "minorityInterest": {}, "netIncomeFromContinuingOps": -180700, "discontinuedOperations": {}, "extraordinaryItems": {}, "effectOfAccountingCharges": {}, "otherItems": {}, "netIncome": -180700, "netIncomeApplicableToCommonShares": -180700}], "maxAge": 86400}, "cashflowStatementHistoryQuarterly": {"cashflowStatements": [{"maxAge": 1, "endDate": "2020-06-30", "netIncome": -1394400, "changeToLiabilities": 0}, {"maxAge": 1, "endDate": "2020-03-31", "netIncome": -6716444, "changeToLiabilities": 0}, {"maxAge": 1, "endDate": "2019-12-31", "netIncome": 5991900, "changeToLiabilities": 0}, {"maxAge": 1, "endDate": "2019-09-30", "netIncome": -180700, "changeToLiabilities": 0}], "maxAge": 86400}, "insiderHolders": {"holders": [{"maxAge": 1, "name": "Bhanushali (Siddharth S)", "relation": "Director (Executive)", "url": "", "transactionDescription": "Purchase", "latestTransDate": "2019-01-29", "positionDirect": 1028340, "positionDirectDate": "2019-01-29"}], "maxAge": 1}, "calendarEvents": {"maxAge": 1, "earnings": {"earningsDate": []}}, "price": {"maxAge": 1, "regularMarketChangePercent": -0.025316492, "regularMarketChange": -0.80000114, "regularMarketTime": "2021-04-30 15:00:45", "priceHint": 2, "regularMarketPrice": 30.8, "regularMarketDayHigh": 33.15, "regularMarketDayLow": 30.7, "regularMarketVolume": 2795, "averageDailyVolume10Day": 908, "averageDailyVolume3Month": 1042, "regularMarketPreviousClose": 31.6, "regularMarketSource": "FREE_REALTIME", "regularMarketOpen": 33.15, "exchange": "BSE", "exchangeName": "BSE", "exchangeDataDelayedBy": 0, "marketState": "CLOSED", "quoteType": "EQUITY", "symbol": "CAPRO.BO", "underlyingSymbol": null, "shortName": "CAPROLACTAM CHEMICALS LTD.", "longName": "Caprolactam Chemicals Limited", "currency": "INR", "quoteSourceName": "Delayed Quote", "currencySymbol": "\u20b9", "fromCurrency": null, "toCurrency": null, "lastMarket": null, "marketCap": 141680000}, "balanceSheetHistory": {"balanceSheetStatements": [{"maxAge": 1, "endDate": "2020-03-31", "cash": 3380114, "netReceivables": 3190114, "inventory": 822689, "otherCurrentAssets": 1656530, "totalCurrentAssets": 9049447, "propertyPlantEquipment": 60706924, "otherAssets": 1345525, "totalAssets": 71101896, "otherCurrentLiab": 4159223, "otherLiab": 2332327, "totalCurrentLiabilities": 33809909, "totalLiab": 36142236, "commonStock": 46000000, "retainedEarnings": -11040340, "totalStockholderEquity": 34959660, "netTangibleAssets": 34959660}, {"maxAge": 1, "endDate": "2019-03-31", "cash": 3190900, "netReceivables": 502384, "inventory": 921062, "otherCurrentAssets": 5355997, "totalCurrentAssets": 10388003, "propertyPlantEquipment": 63678165, "totalAssets": 74066168, "otherCurrentLiab": 2198740, "otherLiab": 2430732, "totalCurrentLiabilities": 46186932, "totalLiab": 48617664, "commonStock": 46000000, "retainedEarnings": -20551496, "totalStockholderEquity": 25448504, "netTangibleAssets": 25448504}, {"maxAge": 1, "endDate": "2018-03-31", "cash": 7912230, "netReceivables": 7701924, "inventory": 3026670, "otherCurrentAssets": 3442369, "totalCurrentAssets": 22083193, "propertyPlantEquipment": 35589140, "otherAssets": 5021235, "totalAssets": 62693568, "accountsPayable": 8475202, "otherCurrentLiab": 10482756, "otherLiab": 2255207, "totalCurrentLiabilities": 40103210, "totalLiab": 42358417, "commonStock": 45903000, "retainedEarnings": -25567849, "totalStockholderEquity": 20335151, "netTangibleAssets": 20335151}, {"maxAge": 1, "endDate": "2017-03-31", "cash": 1125057, "netReceivables": 3585345, "inventory": 2694168, "otherCurrentAssets": 884537, "totalCurrentAssets": 8289107, "propertyPlantEquipment": 33782523, "otherAssets": 1141993, "totalAssets": 43213623, "accountsPayable": 8278094, "otherCurrentLiab": 199784, "otherLiab": 2351819, "totalCurrentLiabilities": 22245518, "totalLiab": 24597337, "commonStock": 45903000, "retainedEarnings": -27286714, "totalStockholderEquity": 18616286, "netTangibleAssets": 18616286}], "maxAge": 86400}, "financialData": {"maxAge": 86400, "currentPrice": 30.8, "recommendationKey": "none", "grossProfits": 59619190, "financialCurrency": "INR"}}}