{"CAPRIHANS.BO": {"recommendationTrend": {"trend": [{"period": "0m", "strongBuy": 0, "buy": 0, "hold": 0, "sell": 0, "strongSell": 0}, {"period": "-1m", "strongBuy": 0, "buy": 0, "hold": 0, "sell": 0, "strongSell": 0}, {"period": "-2m", "strongBuy": 0, "buy": 0, "hold": 0, "sell": 0, "strongSell": 0}, {"period": "-3m", "strongBuy": 0, "buy": 0, "hold": 0, "sell": 0, "strongSell": 0}], "maxAge": 86400}, "cashflowStatementHistory": {"cashflowStatements": [{"maxAge": 1, "endDate": "2020-03-31", "netIncome": 91971000, "depreciation": 33754000, "changeToNetincome": -7712000, "changeToAccountReceivables": 27976000, "changeToLiabilities": 107149000, "changeToInventory": -178098000, "changeToOperatingActivities": 19730000, "totalCashFromOperatingActivities": 99008000, "capitalExpenditures": -28803000, "investments": -100040000, "otherCashflowsFromInvestingActivities": 16049000, "totalCashflowsFromInvestingActivities": -92199000, "dividendsPaid": -9850000, "otherCashflowsFromFinancingActivities": -10030000, "totalCashFromFinancingActivities": -19880000, "changeInCash": -13071000}, {"maxAge": 1, "endDate": "2019-03-31", "netIncome": 36617000, "depreciation": 29267000, "changeToNetincome": -16251000, "changeToAccountReceivables": -98680000, "changeToLiabilities": -18627000, "changeToInventory": 23476000, "changeToOperatingActivities": 12844000, "totalCashFromOperatingActivities": -27096000, "capitalExpenditures": -57860000, "investments": 123916000, "otherCashflowsFromInvestingActivities": 20095000, "totalCashflowsFromInvestingActivities": 86712000, "dividendsPaid": -19701000, "otherCashflowsFromFinancingActivities": -10933000, "totalCashFromFinancingActivities": -30634000, "changeInCash": 28982000}, {"maxAge": 1, "endDate": "2018-03-31", "netIncome": 41405000, "depreciation": 29955000, "changeToNetincome": -21485000, "changeToAccountReceivables": -110814000, "changeToLiabilities": 72025000, "changeToInventory": -34351000, "changeToOperatingActivities": 31591000, "totalCashFromOperatingActivities": 12172000, "capitalExpenditures": -54229000, "investments": -48986000, "otherCashflowsFromInvestingActivities": 29150000, "totalCashflowsFromInvestingActivities": -74065000, "dividendsPaid": -19701000, "otherCashflowsFromFinancingActivities": -9031000, "totalCashFromFinancingActivities": -28732000, "changeInCash": -90625000}, {"maxAge": 1, "endDate": "2017-03-31", "netIncome": 96525000, "depreciation": 27488000, "changeToNetincome": -57651000, "changeToAccountReceivables": -2002000, "changeToLiabilities": -142418000, "changeToInventory": 18453000, "changeToOperatingActivities": -25173000, "totalCashFromOperatingActivities": -77978000, "capitalExpenditures": -31972000, "investments": 126000000, "otherCashflowsFromInvestingActivities": 25637000, "totalCashflowsFromInvestingActivities": 143103000, "dividendsPaid": -19701000, "otherCashflowsFromFinancingActivities": -9235000, "totalCashFromFinancingActivities": -28936000, "changeInCash": 36189000}], "maxAge": 86400}, "institutionOwnership": {"maxAge": 1, "ownershipList": []}, "balanceSheetHistoryQuarterly": {"balanceSheetStatements": [{"maxAge": 1, "endDate": "2020-06-30", "totalStockholderEquity": 1385346000, "netTangibleAssets": 1378019000}, {"maxAge": 1, "endDate": "2020-03-31", "cash": 52402000, "shortTermInvestments": 196653000, "netReceivables": 698440000, "inventory": 547440000, "otherCurrentAssets": 38189000, "totalCurrentAssets": 1535732000, "longTermInvestments": 5000000, "propertyPlantEquipment": 185905000, "intangibleAssets": 7327000, "otherAssets": 91961000, "deferredLongTermAssetCharges": 31033000, "totalAssets": 1825925000, "accountsPayable": 371931000, "otherCurrentLiab": 18192000, "otherLiab": 24339000, "totalCurrentLiabilities": 416240000, "totalLiab": 440579000, "commonStock": 131340000, "retainedEarnings": 604279000, "capitalSurplus": 649727000, "totalStockholderEquity": 1385346000, "netTangibleAssets": 1378019000}, {"maxAge": 1, "endDate": "2019-12-31", "totalStockholderEquity": 1322274000, "netTangibleAssets": 1312993000}, {"maxAge": 1, "endDate": "2019-09-30", "cash": 190002000, "shortTermInvestments": 4944000, "netReceivables": 817606000, "inventory": 441304000, "otherCurrentAssets": 14884000, "totalCurrentAssets": 1463796000, "longTermInvestments": 43934000, "propertyPlantEquipment": 192805000, "intangibleAssets": 9281000, "otherAssets": 41863000, "deferredLongTermAssetCharges": 25176000, "totalAssets": 1751679000, "accountsPayable": 373300000, "otherCurrentLiab": 25718000, "otherLiab": 20980000, "totalCurrentLiabilities": 408425000, "totalLiab": 429405000, "commonStock": 131340000, "treasuryStock": 1190934000, "otherStockholderEquity": 1190934000, "totalStockholderEquity": 1322274000, "netTangibleAssets": 1312993000}], "maxAge": 86400}, "earningsHistory": {"history": [{"maxAge": 1, "epsActual": {}, "epsEstimate": {}, "epsDifference": {}, "surprisePercent": {}, "quarter": {}, "period": "-4q"}, {"maxAge": 1, "epsActual": {}, "epsEstimate": {}, "epsDifference": {}, "surprisePercent": {}, "quarter": {}, "period": "-3q"}, {"maxAge": 1, "epsActual": {}, "epsEstimate": {}, "epsDifference": {}, "surprisePercent": {}, "quarter": {}, "period": "-2q"}, {"maxAge": 1, "epsActual": {}, "epsEstimate": {}, "epsDifference": {}, "surprisePercent": {}, "quarter": {}, "period": "-1q"}], "maxAge": 86400}, "indexTrend": {"maxAge": 1, "symbol": "SP5", "peRatio": 19.7411, "pegRatio": 1.34172, "estimates": [{"period": "0q", "growth": 0.549}, {"period": "+1q", "growth": 0.431}, {"period": "0y", "growth": 0.305}, {"period": "+1y", "growth": 0.109}, {"period": "+5y", "growth": 0.120859005}, {"period": "-5y"}]}, "industryTrend": {"maxAge": 1, "symbol": null, "estimates": []}, "insiderTransactions": {"transactions": [{"maxAge": 1, "shares": 6698325, "filerUrl": "", "transactionText": "", "filerName": "Bilcare Research GmbH", "filerRelation": "Promoter", "moneyText": "", "startDate": "2019-11-07", "ownership": "D"}, {"maxAge": 1, "shares": 6698325, "filerUrl": "", "transactionText": "", "filerName": "Bilcare Research GmbH", "filerRelation": "Promoter", "moneyText": "", "startDate": "2019-11-07", "ownership": "D"}, {"maxAge": 1, "shares": 34998, "filerUrl": "", "transactionText": "", "filerName": "Kanga (Tara)", "filerRelation": "Promoter", "moneyText": "", "startDate": "2019-03-01", "ownership": "D"}], "maxAge": 1}, "quoteType": {"exchange": "BSE", "quoteType": "EQUITY", "symbol": "CAPRIHANS.BO", "underlyingSymbol": "CAPRIHANS.BO", "shortName": "CAPRIHANS INDIA LTD.", "longName": "Caprihans India Limited", "firstTradeDateEpochUtc": "2000-06-05 09:15:00", "timeZoneFullName": "Asia/Kolkata", "timeZoneShortName": "IST", "uuid": "e06e4000-a0b2-31ca-a93e-f47efb25b0c2", "messageBoardId": null, "gmtOffSetMilliseconds": 19800000, "maxAge": 1}, "incomeStatementHistory": {"incomeStatementHistory": [{"maxAge": 1, "endDate": "2020-03-31", "totalRevenue": 2881340000, "costOfRevenue": 1940584000, "grossProfit": 940756000, "researchDevelopment": {}, "sellingGeneralAdministrative": 273501000, "nonRecurring": {}, "otherOperatingExpenses": 540346000, "totalOperatingExpenses": 2792419000, "operatingIncome": 88921000, "totalOtherIncomeExpenseNet": 31009000, "ebit": 88921000, "interestExpense": {}, "incomeBeforeTax": 119930000, "incomeTaxExpense": 27959000, "minorityInterest": {}, "netIncomeFromContinuingOps": 91971000, "discontinuedOperations": {}, "extraordinaryItems": {}, "effectOfAccountingCharges": {}, "otherItems": {}, "netIncome": 91971000, "netIncomeApplicableToCommonShares": 91971000}, {"maxAge": 1, "endDate": "2019-03-31", "totalRevenue": 2677453000, "costOfRevenue": 1890670000, "grossProfit": 786783000, "researchDevelopment": {}, "sellingGeneralAdministrative": 243609000, "nonRecurring": {}, "otherOperatingExpenses": 480425000, "totalOperatingExpenses": 2648225000, "operatingIncome": 29228000, "totalOtherIncomeExpenseNet": 16916000, "ebit": 29228000, "interestExpense": {}, "incomeBeforeTax": 46144000, "incomeTaxExpense": 9527000, "minorityInterest": {}, "netIncomeFromContinuingOps": 36617000, "discontinuedOperations": {}, "extraordinaryItems": {}, "effectOfAccountingCharges": {}, "otherItems": {}, "netIncome": 36617000, "netIncomeApplicableToCommonShares": 36617000}, {"maxAge": 1, "endDate": "2018-03-31", "totalRevenue": 2473388000, "costOfRevenue": 1751708000, "grossProfit": 721680000, "researchDevelopment": {}, "sellingGeneralAdministrative": 236253000, "nonRecurring": {}, "otherOperatingExpenses": 415707000, "totalOperatingExpenses": 2437465000, "operatingIncome": 35923000, "totalOtherIncomeExpenseNet": 22515000, "ebit": 35923000, "interestExpense": -176000, "incomeBeforeTax": 58438000, "incomeTaxExpense": 17033000, "minorityInterest": {}, "netIncomeFromContinuingOps": 41405000, "discontinuedOperations": {}, "extraordinaryItems": {}, "effectOfAccountingCharges": {}, "otherItems": {}, "netIncome": 41405000, "netIncomeApplicableToCommonShares": 41405000}, {"maxAge": 1, "endDate": "2017-03-31", "totalRevenue": 2301279000, "costOfRevenue": 1530200000, "grossProfit": 771079000, "researchDevelopment": {}, "sellingGeneralAdministrative": 226632000, "nonRecurring": {}, "otherOperatingExpenses": 414973000, "totalOperatingExpenses": 2206088000, "operatingIncome": 95191000, "totalOtherIncomeExpenseNet": 52044000, "ebit": 95191000, "interestExpense": -263000, "incomeBeforeTax": 147235000, "incomeTaxExpense": 50710000, "minorityInterest": {}, "netIncomeFromContinuingOps": 96525000, "discontinuedOperations": {}, "extraordinaryItems": {}, "effectOfAccountingCharges": {}, "otherItems": {}, "netIncome": 96525000, "netIncomeApplicableToCommonShares": 96525000}], "maxAge": 86400}, "fundOwnership": {"maxAge": 1, "ownershipList": []}, "summaryDetail": {"maxAge": 1, "priceHint": 2, "previousClose": 90.9, "open": 91.5, "dayLow": 90.5, "dayHigh": 92.85, "regularMarketPreviousClose": 90.9, "regularMarketOpen": 91.5, "regularMarketDayLow": 90.5, "regularMarketDayHigh": 92.85, "trailingPE": 11.54774, "volume": 4146, "regularMarketVolume": 4146, "averageVolume": 10462, "averageVolume10days": 3685, "averageDailyVolume10Day": 3685, "bid": 90.85, "ask": 91.95, "bidSize": 0, "askSize": 0, "marketCap": 1194537216, "fiftyTwoWeekLow": 23.1, "fiftyTwoWeekHigh": 100.0, "fiftyDayAverage": 85.66857, "twoHundredDayAverage": 69.6927, "trailingAnnualDividendRate": 0.75, "trailingAnnualDividendYield": 0.008250825, "currency": "INR", "fromCurrency": null, "toCurrency": null, "lastMarket": null, "algorithm": null, "tradeable": false}, "sectorTrend": {"maxAge": 1, "symbol": null, "estimates": []}, "incomeStatementHistoryQuarterly": {"incomeStatementHistory": [{"maxAge": 1, "endDate": "2020-06-30", "totalRevenue": 572688000, "costOfRevenue": 388305000, "grossProfit": 184383000, "researchDevelopment": {}, "sellingGeneralAdministrative": 60612000, "nonRecurring": {}, "otherOperatingExpenses": 93637000, "totalOperatingExpenses": 550870000, "operatingIncome": 21818000, "totalOtherIncomeExpenseNet": 7376000, "ebit": 21818000, "interestExpense": -2380000, "incomeBeforeTax": 29194000, "incomeTaxExpense": 5987000, "minorityInterest": {}, "netIncomeFromContinuingOps": 23207000, "discontinuedOperations": {}, "extraordinaryItems": {}, "effectOfAccountingCharges": {}, "otherItems": {}, "netIncome": 23207000, "netIncomeApplicableToCommonShares": 23207000}, {"maxAge": 1, "endDate": "2020-03-31", "totalRevenue": 665775000, "costOfRevenue": 426830000, "grossProfit": 238945000, "researchDevelopment": {}, "sellingGeneralAdministrative": 72199000, "nonRecurring": {}, "otherOperatingExpenses": 122084000, "totalOperatingExpenses": 631082000, "operatingIncome": 34693000, "totalOtherIncomeExpenseNet": 12879000, "ebit": 34693000, "interestExpense": -2380000, "incomeBeforeTax": 47572000, "incomeTaxExpense": 1744000, "minorityInterest": {}, "netIncomeFromContinuingOps": 45828000, "discontinuedOperations": {}, "extraordinaryItems": {}, "effectOfAccountingCharges": {}, "otherItems": {}, "netIncome": 45828000, "netIncomeApplicableToCommonShares": 45828000}, {"maxAge": 1, "endDate": "2019-12-31", "totalRevenue": 742728000, "costOfRevenue": 511708000, "grossProfit": 231020000, "researchDevelopment": {}, "sellingGeneralAdministrative": 66396000, "nonRecurring": {}, "otherOperatingExpenses": 136932000, "totalOperatingExpenses": 724748000, "operatingIncome": 17980000, "totalOtherIncomeExpenseNet": 6776000, "ebit": 17980000, "interestExpense": -2124000, "incomeBeforeTax": 24756000, "incomeTaxExpense": 6205000, "minorityInterest": {}, "netIncomeFromContinuingOps": 18551000, "discontinuedOperations": {}, "extraordinaryItems": {}, "effectOfAccountingCharges": {}, "otherItems": {}, "netIncome": 18551000, "netIncomeApplicableToCommonShares": 18551000}, {"maxAge": 1, "endDate": "2019-09-30", "totalRevenue": 774543000, "costOfRevenue": 524411000, "grossProfit": 250132000, "researchDevelopment": {}, "sellingGeneralAdministrative": 67272000, "nonRecurring": {}, "otherOperatingExpenses": 153673000, "totalOperatingExpenses": 754555000, "operatingIncome": 19988000, "totalOtherIncomeExpenseNet": 4163000, "ebit": 19988000, "interestExpense": -1879000, "incomeBeforeTax": 24151000, "incomeTaxExpense": 8204000, "minorityInterest": {}, "netIncomeFromContinuingOps": 15947000, "discontinuedOperations": {}, "extraordinaryItems": {}, "effectOfAccountingCharges": {}, "otherItems": {}, "netIncome": 15947000, "netIncomeApplicableToCommonShares": 15947000}], "maxAge": 86400}, "cashflowStatementHistoryQuarterly": {"cashflowStatements": [{"maxAge": 1, "endDate": "2020-06-30", "netIncome": 23207000, "changeToLiabilities": 0}, {"maxAge": 1, "endDate": "2020-03-31", "netIncome": 45828000, "changeToLiabilities": 0}, {"maxAge": 1, "endDate": "2019-12-31", "netIncome": 18551000, "changeToLiabilities": 0}, {"maxAge": 1, "endDate": "2019-09-30", "netIncome": 15947000, "changeToLiabilities": 0}], "maxAge": 86400}, "insiderHolders": {"holders": [{"maxAge": 1, "name": "Bilcare Research GmbH", "relation": "Promoter", "url": "", "transactionDescription": "Other", "latestTransDate": "2019-11-07", "positionDirect": 0, "positionDirectDate": "2019-11-07"}, {"maxAge": 1, "name": "Kanga (Tara)", "relation": "Promoter", "url": "", "transactionDescription": "Sale", "latestTransDate": "2019-03-01", "positionDirect": 0, "positionDirectDate": "2019-03-01"}], "maxAge": 1}, "earnings": {"maxAge": 86400, "earningsChart": {"quarterly": [], "earningsDate": []}, "financialsChart": {"yearly": [{"date": 2017, "revenue": 2301279000, "earnings": 96525000}, {"date": 2018, "revenue": 2473388000, "earnings": 41405000}, {"date": 2019, "revenue": 2677453000, "earnings": 36617000}, {"date": 2020, "revenue": 2881340000, "earnings": 91971000}], "quarterly": [{"date": "3Q2019", "revenue": 774543000, "earnings": 15947000}, {"date": "4Q2019", "revenue": 742728000, "earnings": 18551000}, {"date": "1Q2020", "revenue": 665775000, "earnings": 45828000}, {"date": "2Q2020", "revenue": 572688000, "earnings": 23207000}]}, "financialCurrency": "INR"}, "calendarEvents": {"maxAge": 1, "earnings": {"earningsDate": []}}, "price": {"maxAge": 1, "regularMarketChangePercent": 0.00055000465, "regularMarketChange": 0.049995422, "regularMarketTime": "2021-04-30 15:29:46", "priceHint": 2, "regularMarketPrice": 90.95, "regularMarketDayHigh": 92.85, "regularMarketDayLow": 90.5, "regularMarketVolume": 4146, "averageDailyVolume10Day": 3685, "averageDailyVolume3Month": 10462, "regularMarketPreviousClose": 90.9, "regularMarketSource": "FREE_REALTIME", "regularMarketOpen": 91.5, "exchange": "BSE", "exchangeName": "BSE", "exchangeDataDelayedBy": 0, "marketState": "CLOSED", "quoteType": "EQUITY", "symbol": "CAPRIHANS.BO", "underlyingSymbol": null, "shortName": "CAPRIHANS INDIA LTD.", "longName": "Caprihans India Limited", "currency": "INR", "quoteSourceName": "Delayed Quote", "currencySymbol": "\u20b9", "fromCurrency": null, "toCurrency": null, "lastMarket": null, "marketCap": 1194537216}, "balanceSheetHistory": {"balanceSheetStatements": [{"maxAge": 1, "endDate": "2020-03-31", "cash": 52402000, "shortTermInvestments": 196653000, "netReceivables": 698440000, "inventory": 547440000, "otherCurrentAssets": 38189000, "totalCurrentAssets": 1535732000, "longTermInvestments": 5000000, "propertyPlantEquipment": 185905000, "intangibleAssets": 7327000, "otherAssets": 91961000, "deferredLongTermAssetCharges": 31033000, "totalAssets": 1825925000, "accountsPayable": 371931000, "otherCurrentLiab": 18192000, "otherLiab": 24339000, "totalCurrentLiabilities": 416240000, "totalLiab": 440579000, "commonStock": 131340000, "retainedEarnings": 604279000, "capitalSurplus": 649727000, "totalStockholderEquity": 1385346000, "netTangibleAssets": 1378019000}, {"maxAge": 1, "endDate": "2019-03-31", "cash": 65666000, "shortTermInvestments": 96903000, "netReceivables": 746410000, "inventory": 369342000, "otherCurrentAssets": 45864000, "totalCurrentAssets": 1327083000, "longTermInvestments": 4893000, "propertyPlantEquipment": 196617000, "intangibleAssets": 11164000, "otherAssets": 92503000, "deferredLongTermAssetCharges": 32576000, "totalAssets": 1632260000, "accountsPayable": 266001000, "otherCurrentLiab": 22506000, "otherLiab": 21962000, "totalCurrentLiabilities": 303709000, "totalLiab": 325671000, "commonStock": 131340000, "retainedEarnings": 525522000, "capitalSurplus": 649727000, "totalStockholderEquity": 1306589000, "netTangibleAssets": 1295425000}, {"maxAge": 1, "endDate": "2018-03-31", "cash": 36611000, "shortTermInvestments": 207870000, "netReceivables": 646559000, "inventory": 392818000, "otherCurrentAssets": 63282000, "totalCurrentAssets": 1349148000, "longTermInvestments": 19277000, "propertyPlantEquipment": 168684000, "intangibleAssets": 13907000, "otherAssets": 86186000, "deferredLongTermAssetCharges": 31876000, "totalAssets": 1637202000, "accountsPayable": 285782000, "otherCurrentLiab": 22678000, "otherLiab": 21170000, "totalCurrentLiabilities": 322256000, "totalLiab": 343426000, "commonStock": 131340000, "retainedEarnings": 512709000, "capitalSurplus": 649727000, "totalStockholderEquity": 1293776000, "netTangibleAssets": 1279869000}, {"maxAge": 1, "endDate": "2017-03-31", "cash": 127361000, "shortTermInvestments": 122200000, "netReceivables": 542362000, "inventory": 358467000, "otherCurrentAssets": 144664000, "totalCurrentAssets": 1297227000, "longTermInvestments": 4893000, "propertyPlantEquipment": 148610000, "intangibleAssets": 13375000, "otherAssets": 84701000, "deferredLongTermAssetCharges": 30732000, "totalAssets": 1548806000, "accountsPayable": 213657000, "otherCurrentLiab": 24108000, "otherLiab": 24298000, "totalCurrentLiabilities": 249481000, "totalLiab": 273779000, "commonStock": 131340000, "retainedEarnings": 493960000, "capitalSurplus": 649727000, "totalStockholderEquity": 1275027000, "netTangibleAssets": 1261652000}], "maxAge": 86400}, "earningsTrend": {"trend": [{"maxAge": 1, "period": "0q", "endDate": null, "growth": {}, "earningsEstimate": {"avg": 0.0, "low": 0.0, "high": 0.0, "yearAgoEps": {}, "numberOfAnalysts": 0, "growth": {}}, "revenueEstimate": {"avg": 0, "low": 0, "high": 0, "numberOfAnalysts": 0, "yearAgoRevenue": {}, "growth": {}}, "epsTrend": {"current": 0.0, "7daysAgo": 0.0, "30daysAgo": 0.0, "60daysAgo": 0.0, "90daysAgo": 0.0}, "epsRevisions": {"upLast7days": 0, "upLast30days": 0, "downLast30days": 0, "downLast90days": {}}}, {"maxAge": 1, "period": "+1q", "endDate": null, "growth": {}, "earningsEstimate": {"avg": 0.0, "low": 0.0, "high": 0.0, "yearAgoEps": {}, "numberOfAnalysts": 0, "growth": {}}, "revenueEstimate": {"avg": 0, "low": 0, "high": 0, "numberOfAnalysts": 0, "yearAgoRevenue": {}, "growth": {}}, "epsTrend": {"current": 0.0, "7daysAgo": 0.0, "30daysAgo": 0.0, "60daysAgo": 0.0, "90daysAgo": 0.0}, "epsRevisions": {"upLast7days": 0, "upLast30days": 0, "downLast30days": 0, "downLast90days": {}}}, {"maxAge": 1, "period": "0y", "endDate": null, "growth": {}, "earningsEstimate": {"avg": 0.0, "low": 0.0, "high": 0.0, "yearAgoEps": {}, "numberOfAnalysts": 0, "growth": {}}, "revenueEstimate": {"avg": 0, "low": 0, "high": 0, "numberOfAnalysts": 0, "yearAgoRevenue": {}, "growth": {}}, "epsTrend": {"current": 0.0, "7daysAgo": 0.0, "30daysAgo": 0.0, "60daysAgo": 0.0, "90daysAgo": 0.0}, "epsRevisions": {"upLast7days": 0, "upLast30days": 0, "downLast30days": 0, "downLast90days": {}}}, {"maxAge": 1, "period": "+1y", "endDate": null, "growth": {}, "earningsEstimate": {"avg": 0.0, "low": 0.0, "high": 0.0, "yearAgoEps": {}, "numberOfAnalysts": 0, "growth": {}}, "revenueEstimate": {"avg": 0, "low": 0, "high": 0, "numberOfAnalysts": 0, "yearAgoRevenue": {}, "growth": {}}, "epsTrend": {"current": 0.0, "7daysAgo": 0.0, "30daysAgo": 0.0, "60daysAgo": 0.0, "90daysAgo": 0.0}, "epsRevisions": {"upLast7days": 0, "upLast30days": 0, "downLast30days": 0, "downLast90days": {}}}, {"maxAge": 1, "period": "+5y", "endDate": null, "growth": {}, "earningsEstimate": {"avg": {}, "low": {}, "high": {}, "yearAgoEps": {}, "numberOfAnalysts": {}, "growth": {}}, "revenueEstimate": {"avg": {}, "low": {}, "high": {}, "numberOfAnalysts": {}, "yearAgoRevenue": {}, "growth": {}}, "epsTrend": {"current": {}, "7daysAgo": {}, "30daysAgo": {}, "60daysAgo": {}, "90daysAgo": {}}, "epsRevisions": {"upLast7days": {}, "upLast30days": {}, "downLast30days": {}, "downLast90days": {}}}, {"maxAge": 1, "period": "-5y", "endDate": null, "growth": {}, "earningsEstimate": {"avg": {}, "low": {}, "high": {}, "yearAgoEps": {}, "numberOfAnalysts": {}, "growth": {}}, "revenueEstimate": {"avg": {}, "low": {}, "high": {}, "numberOfAnalysts": {}, "yearAgoRevenue": {}, "growth": {}}, "epsTrend": {"current": {}, "7daysAgo": {}, "30daysAgo": {}, "60daysAgo": {}, "90daysAgo": {}}, "epsRevisions": {"upLast7days": {}, "upLast30days": {}, "downLast30days": {}, "downLast90days": {}}}], "maxAge": 1}, "financialData": {"maxAge": 86400, "currentPrice": 90.95, "targetHighPrice": 82.0, "targetLowPrice": 82.0, "targetMeanPrice": 82.0, "targetMedianPrice": 82.0, "recommendationKey": "none", "numberOfAnalystOpinions": 1, "grossProfits": 940756000, "financialCurrency": "INR"}}}