{"CAPRICORN.BO": {"cashflowStatementHistory": {"cashflowStatements": [{"maxAge": 1, "endDate": "2020-03-31", "netIncome": 274499, "depreciation": 127266, "changeToNetincome": -945863, "changeToAccountReceivables": 355504, "changeToLiabilities": 0, "changeToOperatingActivities": 1245943, "totalCashFromOperatingActivities": 1057349, "changeInCash": 1057349}, {"maxAge": 1, "endDate": "2019-03-31", "netIncome": -67751, "depreciation": 314559, "changeToNetincome": -12796412, "changeToAccountReceivables": 970065, "changeToLiabilities": 0, "changeToOperatingActivities": 18157041, "totalCashFromOperatingActivities": 6577502, "netBorrowings": -6264612, "otherCashflowsFromFinancingActivities": -641361, "totalCashFromFinancingActivities": -6905973, "changeInCash": -328471}, {"maxAge": 1, "endDate": "2018-03-31", "netIncome": 220146, "depreciation": 377210, "changeToNetincome": 1366718, "changeToAccountReceivables": 863975, "changeToLiabilities": 0, "changeToOperatingActivities": 2588389, "totalCashFromOperatingActivities": 5416438, "netBorrowings": -3828539, "otherCashflowsFromFinancingActivities": -1191719, "totalCashFromFinancingActivities": -5020258, "changeInCash": 396180}, {"maxAge": 1, "endDate": "2017-03-31", "netIncome": 524404, "depreciation": 768414, "changeToNetincome": 1366718, "changeToAccountReceivables": -215859, "changeToLiabilities": 0, "changeToOperatingActivities": -1482652, "totalCashFromOperatingActivities": -405693, "netBorrowings": -118545, "otherCashflowsFromFinancingActivities": -1191719, "totalCashFromFinancingActivities": -118545, "changeInCash": -524238}], "maxAge": 86400}, "institutionOwnership": {"maxAge": 1, "ownershipList": []}, "balanceSheetHistoryQuarterly": {"balanceSheetStatements": [{"maxAge": 1, "endDate": "2020-06-30", "totalStockholderEquity": 39519100, "netTangibleAssets": 19519100}, {"maxAge": 1, "endDate": "2020-03-31", "cash": 3231135, "netReceivables": 8732607, "totalCurrentAssets": 11963742, "propertyPlantEquipment": 10921846, "intangibleAssets": 20000000, "otherAssets": 440488, "deferredLongTermAssetCharges": 135794, "totalAssets": 43326076, "accountsPayable": 85238, "otherCurrentLiab": 1804659, "otherLiab": 1716721, "totalCurrentLiabilities": 2090186, "totalLiab": 3806907, "commonStock": 39960000, "retainedEarnings": -440831, "totalStockholderEquity": 39519169, "netTangibleAssets": 19519169}, {"maxAge": 1, "endDate": "2019-12-31"}, {"maxAge": 1, "endDate": "2019-09-30"}], "maxAge": 86400}, "indexTrend": {"maxAge": 1, "symbol": "SP5", "peRatio": 19.7411, "pegRatio": 1.34172, "estimates": [{"period": "0q", "growth": 0.549}, {"period": "+1q", "growth": 0.431}, {"period": "0y", "growth": 0.305}, {"period": "+1y", "growth": 0.109}, {"period": "+5y", "growth": 0.120859005}, {"period": "-5y"}]}, "insiderTransactions": {"transactions": [{"maxAge": 1, "shares": 445000, "filerUrl": "", "transactionText": "", "filerName": "Kanojiya (Subash Navrang)", "filerRelation": "UNREPORTED", "moneyText": "", "startDate": "2020-10-15", "ownership": "D"}], "maxAge": 1}, "quoteType": {"exchange": "BSE", "quoteType": "EQUITY", "symbol": "CAPRICORN.BO", "underlyingSymbol": "CAPRICORN.BO", "shortName": "CAPRICORN SYSTEMS GLOBAL SOLUT", "longName": "Capricorn Systems Global Solutions Limited", "firstTradeDateEpochUtc": "1998-12-30 09:15:00", "timeZoneFullName": "Asia/Kolkata", "timeZoneShortName": "IST", "uuid": "72428701-7ef8-3749-9e11-a9f7ad7493bb", "messageBoardId": null, "gmtOffSetMilliseconds": 19800000, "maxAge": 1}, "incomeStatementHistory": {"incomeStatementHistory": [{"maxAge": 1, "endDate": "2020-03-31", "totalRevenue": 19931375, "costOfRevenue": 16324254, "grossProfit": 3607121, "researchDevelopment": {}, "sellingGeneralAdministrative": {}, "nonRecurring": {}, "otherOperatingExpenses": 2566713, "totalOperatingExpenses": 19018232, "operatingIncome": 913143, "totalOtherIncomeExpenseNet": -405603, "ebit": 913143, "interestExpense": -450000, "incomeBeforeTax": 507540, "incomeTaxExpense": 233041, "minorityInterest": {}, "netIncomeFromContinuingOps": 274499, "discontinuedOperations": {}, "extraordinaryItems": {}, "effectOfAccountingCharges": {}, "otherItems": {}, "netIncome": 274499, "netIncomeApplicableToCommonShares": 274499}, {"maxAge": 1, "endDate": "2019-03-31", "totalRevenue": 37100148, "costOfRevenue": 33272637, "grossProfit": 3827511, "researchDevelopment": {}, "sellingGeneralAdministrative": {}, "nonRecurring": {}, "otherOperatingExpenses": 3723910, "totalOperatingExpenses": 37311106, "operatingIncome": -210958, "totalOtherIncomeExpenseNet": 195900, "ebit": -210958, "interestExpense": -641361, "incomeBeforeTax": -15058, "incomeTaxExpense": 52693, "minorityInterest": {}, "netIncomeFromContinuingOps": -67751, "discontinuedOperations": {}, "extraordinaryItems": {}, "effectOfAccountingCharges": {}, "otherItems": {}, "netIncome": -67751, "netIncomeApplicableToCommonShares": -67751}, {"maxAge": 1, "endDate": "2018-03-31", "totalRevenue": 35767575, "costOfRevenue": 31520637, "grossProfit": 4246938, "researchDevelopment": {}, "sellingGeneralAdministrative": {}, "nonRecurring": {}, "otherOperatingExpenses": 3416752, "totalOperatingExpenses": 35314599, "operatingIncome": 452976, "totalOtherIncomeExpenseNet": 42855, "ebit": 452976, "interestExpense": -1191719, "incomeBeforeTax": 495831, "incomeTaxExpense": 275685, "minorityInterest": {}, "netIncomeFromContinuingOps": 220146, "discontinuedOperations": {}, "extraordinaryItems": {}, "effectOfAccountingCharges": {}, "otherItems": {}, "netIncome": 220146, "netIncomeApplicableToCommonShares": 220146}, {"maxAge": 1, "endDate": "2017-03-31", "totalRevenue": 49049857, "costOfRevenue": 42034039, "grossProfit": 7015818, "researchDevelopment": {}, "sellingGeneralAdministrative": {}, "nonRecurring": {}, "otherOperatingExpenses": 4968393, "totalOperatingExpenses": 47770846, "operatingIncome": 1279011, "totalOtherIncomeExpenseNet": -528600, "ebit": 1279011, "interestExpense": -1191719, "incomeBeforeTax": 750411, "incomeTaxExpense": 226007, "minorityInterest": {}, "netIncomeFromContinuingOps": 524404, "discontinuedOperations": {}, "extraordinaryItems": {}, "effectOfAccountingCharges": {}, "otherItems": {}, "netIncome": 524404, "netIncomeApplicableToCommonShares": 524404}], "maxAge": 86400}, "fundOwnership": {"maxAge": 1, "ownershipList": []}, "summaryDetail": {"maxAge": 1, "priceHint": 2, "previousClose": 8.24, "open": 8.24, "dayLow": 8.24, "dayHigh": 8.24, "regularMarketPreviousClose": 8.24, "regularMarketOpen": 8.24, "regularMarketDayLow": 8.24, "regularMarketDayHigh": 8.24, "trailingPE": 99.27711, "volume": 100, "regularMarketVolume": 100, "averageVolume": 2312, "averageVolume10days": 997, "averageDailyVolume10Day": 997, "bid": 8.0, "ask": 8.23, "bidSize": 0, "askSize": 0, "marketCap": 32927040, "fiftyTwoWeekLow": 5.5, "fiftyTwoWeekHigh": 10.28, "fiftyDayAverage": 7.8257146, "twoHundredDayAverage": 7.849562, "currency": "INR", "fromCurrency": null, "toCurrency": null, "lastMarket": null, "algorithm": null, "tradeable": false}, "incomeStatementHistoryQuarterly": {"incomeStatementHistory": [{"maxAge": 1, "endDate": "2020-06-30", "totalRevenue": 3360300, "costOfRevenue": 2303600, "grossProfit": 1056700, "researchDevelopment": {}, "sellingGeneralAdministrative": {}, "nonRecurring": {}, "otherOperatingExpenses": 890300, "totalOperatingExpenses": 3209900, "operatingIncome": 150400, "totalOtherIncomeExpenseNet": 10900, "ebit": 150400, "interestExpense": {}, "incomeBeforeTax": 161300, "incomeTaxExpense": 49300, "minorityInterest": {}, "netIncomeFromContinuingOps": 112000, "discontinuedOperations": {}, "extraordinaryItems": {}, "effectOfAccountingCharges": {}, "otherItems": {}, "netIncome": 112000, "netIncomeApplicableToCommonShares": 112000}, {"maxAge": 1, "endDate": "2020-03-31", "totalRevenue": 3035875, "costOfRevenue": 2898154, "grossProfit": 137721, "researchDevelopment": {}, "sellingGeneralAdministrative": {}, "nonRecurring": {}, "otherOperatingExpenses": -260787, "totalOperatingExpenses": 2668632, "operatingIncome": 367243, "totalOtherIncomeExpenseNet": -411203, "ebit": 367243, "interestExpense": -450000, "incomeBeforeTax": -43960, "incomeTaxExpense": 47341, "minorityInterest": {}, "netIncomeFromContinuingOps": -91301, "discontinuedOperations": {}, "extraordinaryItems": {}, "effectOfAccountingCharges": {}, "otherItems": {}, "netIncome": -91301, "netIncomeApplicableToCommonShares": -91301}, {"maxAge": 1, "endDate": "2019-12-31", "totalRevenue": 3185000, "costOfRevenue": 2353200, "grossProfit": 831800, "researchDevelopment": {}, "sellingGeneralAdministrative": {}, "nonRecurring": {}, "otherOperatingExpenses": 627400, "totalOperatingExpenses": 3012600, "operatingIncome": 172400, "totalOtherIncomeExpenseNet": 0, "ebit": 172400, "interestExpense": -450000, "incomeBeforeTax": 172400, "incomeTaxExpense": 52100, "minorityInterest": {}, "netIncomeFromContinuingOps": 120300, "discontinuedOperations": {}, "extraordinaryItems": {}, "effectOfAccountingCharges": {}, "otherItems": {}, "netIncome": 120300, "netIncomeApplicableToCommonShares": 120300}, {"maxAge": 1, "endDate": "2019-09-30", "totalRevenue": 3740000, "costOfRevenue": 2510000, "grossProfit": 1230000, "researchDevelopment": {}, "sellingGeneralAdministrative": {}, "nonRecurring": {}, "otherOperatingExpenses": 900000, "totalOperatingExpenses": 3440000, "operatingIncome": 300000, "totalOtherIncomeExpenseNet": 0, "ebit": 300000, "interestExpense": -450000, "incomeBeforeTax": 300000, "incomeTaxExpense": 110000, "minorityInterest": {}, "netIncomeFromContinuingOps": 190000, "discontinuedOperations": {}, "extraordinaryItems": {}, "effectOfAccountingCharges": {}, "otherItems": {}, "netIncome": 190000, "netIncomeApplicableToCommonShares": 190000}], "maxAge": 86400}, "cashflowStatementHistoryQuarterly": {"cashflowStatements": [{"maxAge": 1, "endDate": "2020-06-30", "netIncome": 112000, "changeToLiabilities": 0}, {"maxAge": 1, "endDate": "2020-03-31", "netIncome": -91301, "changeToLiabilities": 0}, {"maxAge": 1, "endDate": "2019-12-31", "netIncome": 120300, "changeToLiabilities": 0}, {"maxAge": 1, "endDate": "2019-09-30", "netIncome": 190000, "changeToLiabilities": 0}], "maxAge": 86400}, "insiderHolders": {"holders": [{"maxAge": 1, "name": "Kanojiya (Subash Navrang)", "relation": "UNREPORTED", "url": "", "transactionDescription": "Acquisition", "latestTransDate": "2020-10-15", "positionDirect": 445000, "positionDirectDate": "2020-10-15"}], "maxAge": 1}, "calendarEvents": {"maxAge": 1, "earnings": {"earningsDate": []}}, "price": {"maxAge": 1, "regularMarketChangePercent": 0.0, "regularMarketChange": 0.0, "regularMarketTime": "2021-04-28 09:07:11", "priceHint": 2, "regularMarketPrice": 8.24, "regularMarketDayHigh": 8.24, "regularMarketDayLow": 8.24, "regularMarketVolume": 100, "averageDailyVolume10Day": 997, "averageDailyVolume3Month": 2312, "regularMarketPreviousClose": 8.24, "regularMarketSource": "FREE_REALTIME", "regularMarketOpen": 8.24, "exchange": "BSE", "exchangeName": "BSE", "exchangeDataDelayedBy": 0, "marketState": "CLOSED", "quoteType": "EQUITY", "symbol": "CAPRICORN.BO", "underlyingSymbol": null, "shortName": "CAPRICORN SYSTEMS GLOBAL SOLUT", "longName": "Capricorn Systems Global Solutions Limited", "currency": "INR", "quoteSourceName": "Delayed Quote", "currencySymbol": "\u20b9", "fromCurrency": null, "toCurrency": null, "lastMarket": null, "marketCap": 32927040}, "balanceSheetHistory": {"balanceSheetStatements": [{"maxAge": 1, "endDate": "2020-03-31", "cash": 3231135, "netReceivables": 8732607, "totalCurrentAssets": 11963742, "propertyPlantEquipment": 10921846, "intangibleAssets": 20000000, "otherAssets": 440488, "deferredLongTermAssetCharges": 135794, "totalAssets": 43326076, "accountsPayable": 85238, "otherCurrentLiab": 1804659, "otherLiab": 1716721, "totalCurrentLiabilities": 2090186, "totalLiab": 3806907, "commonStock": 39960000, "retainedEarnings": -440831, "totalStockholderEquity": 39519169, "netTangibleAssets": 19519169}, {"maxAge": 1, "endDate": "2019-03-31", "cash": 2173786, "netReceivables": 8835200, "otherCurrentAssets": 7621000, "totalCurrentAssets": 11008986, "propertyPlantEquipment": 11049112, "intangibleAssets": 20000000, "otherAssets": 432289, "deferredLongTermAssetCharges": 127595, "totalAssets": 42490387, "accountsPayable": 202675, "otherCurrentLiab": 387435, "otherLiab": 663539, "totalCurrentLiabilities": 1636315, "totalLiab": 2299854, "commonStock": 39960000, "retainedEarnings": 230533, "treasuryStock": 235000, "otherStockholderEquity": 235000, "totalStockholderEquity": 40190533, "netTangibleAssets": 20190533}, {"maxAge": 1, "endDate": "2018-03-31", "cash": 2453409, "shortTermInvestments": 48848, "netReceivables": 15192388, "totalCurrentAssets": 17694645, "propertyPlantEquipment": 11363671, "goodWill": 20000000, "otherAssets": 13506260, "deferredLongTermAssetCharges": 71544, "totalAssets": 62564576, "otherCurrentLiab": 1201390, "otherLiab": 421484, "totalCurrentLiabilities": 8372035, "totalLiab": 8793519, "commonStock": 39960000, "retainedEarnings": 13811057, "totalStockholderEquity": 53771057, "netTangibleAssets": 33771057}, {"maxAge": 1, "endDate": "2017-03-31", "cash": 2057229, "shortTermInvestments": 48848, "netReceivables": 15949870, "totalCurrentAssets": 18055947, "propertyPlantEquipment": 11740881, "goodWill": 20000000, "otherAssets": 17324662, "deferredLongTermAssetCharges": 216640, "totalAssets": 67121490, "otherCurrentLiab": 975712, "otherLiab": 1340705, "totalCurrentLiabilities": 12229874, "totalLiab": 13570579, "commonStock": 39960000, "retainedEarnings": 13590911, "totalStockholderEquity": 53550911, "netTangibleAssets": 33550911}], "maxAge": 86400}, "financialData": {"maxAge": 86400, "currentPrice": 8.24, "recommendationKey": "none", "grossProfits": 3607121, "financialCurrency": "INR"}}}