{"CARBORUNIV.BO": {"recommendationTrend": {"trend": [{"period": "0m", "strongBuy": 0, "buy": 0, "hold": 0, "sell": 0, "strongSell": 0}, {"period": "-1m", "strongBuy": 0, "buy": 0, "hold": 0, "sell": 0, "strongSell": 0}, {"period": "-2m", "strongBuy": 0, "buy": 0, "hold": 0, "sell": 0, "strongSell": 0}, {"period": "-3m", "strongBuy": 0, "buy": 0, "hold": 0, "sell": 0, "strongSell": 0}], "maxAge": 86400}, "cashflowStatementHistory": {"cashflowStatements": [{"maxAge": 1, "endDate": "2020-03-31", "netIncome": 2724170000, "depreciation": 1031790000, "changeToNetincome": -426210000, "changeToAccountReceivables": 857210000, "changeToLiabilities": -122130000, "changeToInventory": 139350000, "changeToOperatingActivities": -149020000, "totalCashFromOperatingActivities": 4068580000, "capitalExpenditures": -1278460000, "investments": 10000, "otherCashflowsFromInvestingActivities": 295630000, "totalCashflowsFromInvestingActivities": -930160000, "dividendsPaid": -757250000, "netBorrowings": -334710000, "otherCashflowsFromFinancingActivities": -288270000, "totalCashFromFinancingActivities": -1345520000, "effectOfExchangeRate": -117830000, "changeInCash": 1675070000, "issuanceOfStock": 34710000}, {"maxAge": 1, "endDate": "2019-03-31", "netIncome": 2476780000, "depreciation": 1071560000, "changeToNetincome": -145420000, "changeToAccountReceivables": -458740000, "changeToLiabilities": 107540000, "changeToInventory": -1054960000, "changeToOperatingActivities": 10370000, "totalCashFromOperatingActivities": 2018280000, "capitalExpenditures": -948290000, "investments": 160000, "otherCashflowsFromInvestingActivities": 149580000, "totalCashflowsFromInvestingActivities": -799320000, "dividendsPaid": -520010000, "netBorrowings": -336050000, "otherCashflowsFromFinancingActivities": -263300000, "totalCashFromFinancingActivities": -1091480000, "effectOfExchangeRate": -53690000, "changeInCash": 73790000, "issuanceOfStock": 27880000}, {"maxAge": 1, "endDate": "2018-03-31", "netIncome": 2155960000, "depreciation": 1049180000, "changeToNetincome": -179060000, "changeToAccountReceivables": -1058040000, "changeToLiabilities": 452710000, "changeToInventory": -479630000, "changeToOperatingActivities": 177890000, "totalCashFromOperatingActivities": 2129780000, "capitalExpenditures": -920760000, "investments": -40000, "otherCashflowsFromInvestingActivities": 171600000, "totalCashflowsFromInvestingActivities": -748330000, "dividendsPaid": -330440000, "netBorrowings": -306920000, "otherCashflowsFromFinancingActivities": -227610000, "totalCashFromFinancingActivities": -832400000, "effectOfExchangeRate": -250000, "changeInCash": 548800000, "issuanceOfStock": 32570000}, {"maxAge": 1, "endDate": "2017-03-31", "netIncome": 1748670000, "depreciation": 956050000, "changeToNetincome": 11180000, "changeToAccountReceivables": 23400000, "changeToLiabilities": 195270000, "changeToInventory": -23320000, "changeToOperatingActivities": 32620000, "totalCashFromOperatingActivities": 2952630000, "capitalExpenditures": -1174870000, "investments": 350000, "otherCashflowsFromInvestingActivities": 248000000, "totalCashflowsFromInvestingActivities": -812760000, "dividendsPaid": -188630000, "netBorrowings": -1631440000, "otherCashflowsFromFinancingActivities": -278700000, "totalCashFromFinancingActivities": -2070950000, "effectOfExchangeRate": 93310000, "changeInCash": 162230000, "issuanceOfStock": 27820000}], "maxAge": 86400}, "institutionOwnership": {"maxAge": 1, "ownershipList": []}, "balanceSheetHistoryQuarterly": {"balanceSheetStatements": [{"maxAge": 1, "endDate": "2020-06-30", "totalStockholderEquity": 18583550000, "netTangibleAssets": 17221760000}, {"maxAge": 1, "endDate": "2020-03-31", "cash": 2920550000, "shortTermInvestments": 190000, "netReceivables": 4109660000, "inventory": 5076240000, "otherCurrentAssets": 489550000, "totalCurrentAssets": 13401390000, "longTermInvestments": 1211750000, "propertyPlantEquipment": 6508400000, "goodWill": 1330370000, "intangibleAssets": 31420000, "otherAssets": 433410000, "deferredLongTermAssetCharges": 91720000, "totalAssets": 22916740000, "accountsPayable": 1953990000, "shortLongTermDebt": 21130000, "otherCurrentLiab": 663370000, "longTermDebt": 42260000, "otherLiab": 245280000, "minorityInterest": 455410000, "totalCurrentLiabilities": 3531940000, "totalLiab": 3877780000, "commonStock": 189410000, "retainedEarnings": 17623320000, "treasuryStock": 482260000, "capitalSurplus": 288560000, "otherStockholderEquity": 482260000, "totalStockholderEquity": 18583550000, "netTangibleAssets": 17221760000}, {"maxAge": 1, "endDate": "2019-12-31", "totalStockholderEquity": 18281400000, "netTangibleAssets": 16997500000}, {"maxAge": 1, "endDate": "2019-09-30", "cash": 933700000, "shortTermInvestments": 1006300000, "netReceivables": 5241500000, "inventory": 5567100000, "otherCurrentAssets": 621400000, "totalCurrentAssets": 13370000000, "longTermInvestments": 1286200000, "propertyPlantEquipment": 6618100000, "goodWill": 1249100000, "intangibleAssets": 34800000, "otherAssets": 539200000, "deferredLongTermAssetCharges": 91000000, "totalAssets": 23097400000, "accountsPayable": 2066900000, "otherCurrentLiab": 882500000, "longTermDebt": 46300000, "otherLiab": 448100000, "minorityInterest": 472000000, "totalCurrentLiabilities": 3814500000, "totalLiab": 4344000000, "commonStock": 189300000, "treasuryStock": 18092100000, "otherStockholderEquity": 18092100000, "totalStockholderEquity": 18281400000, "netTangibleAssets": 16997500000}], "maxAge": 86400}, "earningsHistory": {"history": [{"maxAge": 1, "epsActual": 2.87, "epsEstimate": 3.1, "epsDifference": -0.23, "surprisePercent": -0.074, "quarter": "2017-12-31", "period": "-4q"}, {"maxAge": 1, "epsActual": 3.48, "epsEstimate": 3.34, "epsDifference": 0.14, "surprisePercent": 0.042, "quarter": "2018-03-31", "period": "-3q"}, {"maxAge": 1, "epsActual": 3.32, "epsEstimate": 2.75, "epsDifference": 0.57, "surprisePercent": 0.207, "quarter": "2018-06-30", "period": "-2q"}, {"maxAge": 1, "epsActual": 3.42, "epsEstimate": 2.8, "epsDifference": 0.62, "surprisePercent": 0.221, "quarter": "2018-09-30", "period": "-1q"}], "maxAge": 86400}, "indexTrend": {"maxAge": 1, "symbol": "SP5", "peRatio": 19.7411, "pegRatio": 1.34172, "estimates": [{"period": "0q", "growth": 0.549}, {"period": "+1q", "growth": 0.431}, {"period": "0y", "growth": 0.305}, {"period": "+1y", "growth": 0.109}, {"period": "+5y", "growth": 0.120865}, {"period": "-5y"}]}, "industryTrend": {"maxAge": 1, "symbol": null, "estimates": []}, "insiderTransactions": {"transactions": [{"maxAge": 1, "shares": 15322, "value": 26211, "filerUrl": "", "transactionText": "Other at price 1.71 per share.", "filerName": "Dey (Ranjan)", "filerRelation": "UNREPORTED", "moneyText": "", "startDate": "2020-08-28", "ownership": "D"}, {"maxAge": 1, "shares": 13360, "value": 26677, "filerUrl": "", "transactionText": "Other at price 2.00 per share.", "filerName": "Rangarajan (Sridharan)", "filerRelation": "UNREPORTED", "moneyText": "", "startDate": "2020-08-28", "ownership": "D"}, {"maxAge": 1, "shares": 50000, "filerUrl": "", "transactionText": "", "filerName": "Rangarajan (Sridharan)", "filerRelation": "UNREPORTED", "moneyText": "", "startDate": "2020-03-30", "ownership": "D"}, {"maxAge": 1, "shares": 2500, "filerUrl": "", "transactionText": "", "filerName": "Vijayalakshmi (D)", "filerRelation": "UNREPORTED", "moneyText": "", "startDate": "2020-03-04", "ownership": "D"}, {"maxAge": 1, "shares": 17952, "filerUrl": "", "transactionText": "", "filerName": "Alagappan (P)", "filerRelation": "Promoter", "moneyText": "", "startDate": "2020-02-25", "ownership": "D"}, {"maxAge": 1, "shares": 8864, "filerUrl": "", "transactionText": "", "filerName": "Ananthaseshan (N)", "filerRelation": "Managing Director", "moneyText": "", "startDate": "2020-02-25", "ownership": "D"}, {"maxAge": 1, "shares": 10218, "filerUrl": "", "transactionText": "", "filerName": "Padmanabhan (P)", "filerRelation": "UNREPORTED", "moneyText": "", "startDate": "2020-02-25", "ownership": "D"}, {"maxAge": 1, "shares": 2750, "filerUrl": "", "transactionText": "", "filerName": "Vijayalakshmi (D)", "filerRelation": "UNREPORTED", "moneyText": "", "startDate": "2020-02-03", "ownership": "D"}, {"maxAge": 1, "shares": 13452, "filerUrl": "", "transactionText": "", "filerName": "Vijayalakshmi (D)", "filerRelation": "UNREPORTED", "moneyText": "", "startDate": "2020-01-30", "ownership": "D"}, {"maxAge": 1, "shares": 10000, "filerUrl": "", "transactionText": "", "filerName": "Ananthaseshan (N)", "filerRelation": "Managing Director", "moneyText": "", "startDate": "2020-01-07", "ownership": "D"}, {"maxAge": 1, "shares": 15400, "filerUrl": "", "transactionText": "", "filerName": "Padmanabhan (P)", "filerRelation": "UNREPORTED", "moneyText": "", "startDate": "2020-01-07", "ownership": "D"}, {"maxAge": 1, "shares": 2493, "filerUrl": "", "transactionText": "", "filerName": "Vijayalakshmi (D)", "filerRelation": "UNREPORTED", "moneyText": "", "startDate": "2019-11-29", "ownership": "D"}, {"maxAge": 1, "shares": 757, "filerUrl": "", "transactionText": "", "filerName": "Vijayalakshmi (D)", "filerRelation": "UNREPORTED", "moneyText": "", "startDate": "2019-11-28", "ownership": "D"}, {"maxAge": 1, "shares": 1000, "filerUrl": "", "transactionText": "", "filerName": "Vijayalakshmi (D)", "filerRelation": "UNREPORTED", "moneyText": "", "startDate": "2019-11-26", "ownership": "D"}, {"maxAge": 1, "shares": 1500, "filerUrl": "", "transactionText": "", "filerName": "Vijayalakshmi (D)", "filerRelation": "UNREPORTED", "moneyText": "", "startDate": "2019-11-25", "ownership": "D"}, {"maxAge": 1, "shares": 1000, "filerUrl": "", "transactionText": "", "filerName": "Vijayalakshmi (D)", "filerRelation": "UNREPORTED", "moneyText": "", "startDate": "2019-11-14", "ownership": "D"}, {"maxAge": 1, "shares": 2536, "filerUrl": "", "transactionText": "", "filerName": "Vijayalakshmi (D)", "filerRelation": "UNREPORTED", "moneyText": "", "startDate": "2019-11-11", "ownership": "D"}, {"maxAge": 1, "shares": 11000, "filerUrl": "", "transactionText": "", "filerName": "Sivakumaran (M V)", "filerRelation": "UNREPORTED", "moneyText": "", "startDate": "2019-09-28", "ownership": "D"}, {"maxAge": 1, "shares": 124420, "filerUrl": "", "transactionText": "", "filerName": "Venkatachalam (Lakshmi)", "filerRelation": "Promoter", "moneyText": "", "startDate": "2019-09-27", "ownership": "D"}, {"maxAge": 1, "shares": 124420, "filerUrl": "", "transactionText": "", "filerName": "Venkatachalam (M M)", "filerRelation": "Promoter", "moneyText": "", "startDate": "2019-09-27", "ownership": "D"}, {"maxAge": 1, "shares": 4000, "filerUrl": "", "transactionText": "", "filerName": "Sivakumaran (M V)", "filerRelation": "UNREPORTED", "moneyText": "", "startDate": "2019-09-26", "ownership": "D"}, {"maxAge": 1, "shares": 47520, "filerUrl": "", "transactionText": "", "filerName": "Rangarajan (Sridharan)", "filerRelation": "UNREPORTED", "moneyText": "", "startDate": "2019-08-30", "ownership": "D"}, {"maxAge": 1, "shares": 5000, "filerUrl": "", "transactionText": "", "filerName": "Srinivasan (K)", "filerRelation": "Managing Director", "moneyText": "", "startDate": "2019-08-08", "ownership": "D"}, {"maxAge": 1, "shares": 4649, "filerUrl": "", "transactionText": "", "filerName": "Srinivasan (K)", "filerRelation": "Managing Director", "moneyText": "", "startDate": "2019-08-08", "ownership": "D"}, {"maxAge": 1, "shares": 15922, "filerUrl": "", "transactionText": "", "filerName": "Kalyanaraman (Ramesh)", "filerRelation": "UNREPORTED", "moneyText": "", "startDate": "2019-07-22", "ownership": "D"}, {"maxAge": 1, "shares": 20000, "filerUrl": "", "transactionText": "", "filerName": "Muthiah (M)", "filerRelation": "Divisional Officer", "moneyText": "", "startDate": "2019-07-22", "ownership": "D"}, {"maxAge": 1, "shares": 202112, "filerUrl": "", "transactionText": "", "filerName": "Saraswathi Trust", "filerRelation": "UNREPORTED", "moneyText": "", "startDate": "2019-06-28", "ownership": "D"}, {"maxAge": 1, "shares": 186334, "filerUrl": "", "transactionText": "", "filerName": "Subbiah (M V)", "filerRelation": "Promoter", "moneyText": "", "startDate": "2019-06-28", "ownership": "D"}, {"maxAge": 1, "shares": 154074, "filerUrl": "", "transactionText": "", "filerName": "Subbiah (M V)", "filerRelation": "Promoter", "moneyText": "", "startDate": "2019-06-28", "ownership": "D"}, {"maxAge": 1, "shares": 69762, "filerUrl": "", "transactionText": "", "filerName": "Subbiah (Seetha M V)", "filerRelation": "UNREPORTED", "moneyText": "", "startDate": "2019-06-28", "ownership": "D"}, {"maxAge": 1, "shares": 139524, "filerUrl": "", "transactionText": "", "filerName": "Subbiah (Seetha M V)", "filerRelation": "UNREPORTED", "moneyText": "", "startDate": "2019-06-28", "ownership": "D"}, {"maxAge": 1, "shares": 202112, "filerUrl": "", "transactionText": "", "filerName": "Vellayan (S)", "filerRelation": "Promoter", "moneyText": "", "startDate": "2019-06-28", "ownership": "D"}, {"maxAge": 1, "shares": 61524, "filerUrl": "", "transactionText": "", "filerName": "Saraswathi Trust", "filerRelation": "UNREPORTED", "moneyText": "", "startDate": "2019-06-03", "ownership": "D"}, {"maxAge": 1, "shares": 139524, "filerUrl": "", "transactionText": "", "filerName": "Saraswathi Trust", "filerRelation": "UNREPORTED", "moneyText": "", "startDate": "2019-06-03", "ownership": "D"}, {"maxAge": 1, "shares": 69762, "filerUrl": "", "transactionText": "", "filerName": "Shambo Trust", "filerRelation": "UNREPORTED", "moneyText": "", "startDate": "2019-06-03", "ownership": "D"}, {"maxAge": 1, "shares": 694544, "filerUrl": "", "transactionText": "", "filerName": "Shambo Trust", "filerRelation": "UNREPORTED", "moneyText": "", "startDate": "2019-06-03", "ownership": "D"}, {"maxAge": 1, "shares": 764306, "filerUrl": "", "transactionText": "", "filerName": "Shambo Trust", "filerRelation": "UNREPORTED", "moneyText": "", "startDate": "2019-06-03", "ownership": "D"}, {"maxAge": 1, "shares": 143124, "filerUrl": "", "transactionText": "", "filerName": "Subbiah (M V)", "filerRelation": "Promoter", "moneyText": "", "startDate": "2019-06-03", "ownership": "D"}, {"maxAge": 1, "shares": 30762, "filerUrl": "", "transactionText": "", "filerName": "Subbiah (M V)", "filerRelation": "Promoter", "moneyText": "", "startDate": "2019-06-03", "ownership": "D"}, {"maxAge": 1, "shares": 69762, "filerUrl": "", "transactionText": "", "filerName": "Subbiah (Seetha M V)", "filerRelation": "UNREPORTED", "moneyText": "", "startDate": "2019-06-03", "ownership": "D"}, {"maxAge": 1, "shares": 209286, "filerUrl": "", "transactionText": "", "filerName": "Subbiah (Seetha M V)", "filerRelation": "Promoter", "moneyText": "", "startDate": "2019-06-03", "ownership": "D"}, {"maxAge": 1, "shares": 694544, "filerUrl": "", "transactionText": "", "filerName": "Vellayan (S)", "filerRelation": "Promoter", "moneyText": "", "startDate": "2019-06-03", "ownership": "D"}, {"maxAge": 1, "shares": 28250, "filerUrl": "", "transactionText": "", "filerName": "Subbiah (Seetha M V)", "filerRelation": "Promoter", "moneyText": "", "startDate": "2019-05-24", "ownership": "D"}, {"maxAge": 1, "shares": 8000, "filerUrl": "", "transactionText": "", "filerName": "Kalyanaraman (Ramesh)", "filerRelation": "UNREPORTED", "moneyText": "", "startDate": "2019-03-29", "ownership": "D"}, {"maxAge": 1, "shares": 29848, "filerUrl": "", "transactionText": "", "filerName": "Kalyanaraman (Ramesh)", "filerRelation": "UNREPORTED", "moneyText": "", "startDate": "2019-03-29", "ownership": "D"}, {"maxAge": 1, "shares": 19000, "filerUrl": "", "transactionText": "", "filerName": "Kalyanaraman (Ramesh)", "filerRelation": "UNREPORTED", "moneyText": "", "startDate": "2019-03-28", "ownership": "D"}, {"maxAge": 1, "shares": 20000, "filerUrl": "", "transactionText": "", "filerName": "Kalyanaraman (Ramesh)", "filerRelation": "UNREPORTED", "moneyText": "", "startDate": "2019-03-28", "ownership": "D"}, {"maxAge": 1, "shares": 200000, "filerUrl": "", "transactionText": "", "filerName": "Lakshmi Venkatachalam Family Trust", "filerRelation": "Promoter", "moneyText": "", "startDate": "2019-03-25", "ownership": "D"}, {"maxAge": 1, "shares": 98320, "filerUrl": "", "transactionText": "", "filerName": "M M Venkatachalam Family Trust", "filerRelation": "Promoter", "moneyText": "", "startDate": "2019-03-25", "ownership": "D"}, {"maxAge": 1, "shares": 98320, "filerUrl": "", "transactionText": "", "filerName": "Venkatachalam (Lakshmi)", "filerRelation": "Promoter", "moneyText": "", "startDate": "2019-03-25", "ownership": "D"}, {"maxAge": 1, "shares": 200000, "filerUrl": "", "transactionText": "", "filerName": "Venkatachalam (M M)", "filerRelation": "Promoter", "moneyText": "", "startDate": "2019-03-25", "ownership": "D"}, {"maxAge": 1, "shares": 6000, "filerUrl": "", "transactionText": "", "filerName": "Sivakumaran (M V)", "filerRelation": "UNREPORTED", "moneyText": "", "startDate": "2019-03-12", "ownership": "D"}, {"maxAge": 1, "shares": 3968, "filerUrl": "", "transactionText": "", "filerName": "Alagappan (P)", "filerRelation": "Promoter", "moneyText": "", "startDate": "2019-03-11", "ownership": "D"}, {"maxAge": 1, "shares": 12226, "filerUrl": "", "transactionText": "", "filerName": "Rao (Shyam S)", "filerRelation": "UNREPORTED", "moneyText": "", "startDate": "2019-03-11", "ownership": "D"}, {"maxAge": 1, "shares": 2500, "filerUrl": "", "transactionText": "", "filerName": "Vijayalakshmi (D)", "filerRelation": "UNREPORTED", "moneyText": "", "startDate": "2019-03-08", "ownership": "D"}, {"maxAge": 1, "shares": 4000, "filerUrl": "", "transactionText": "", "filerName": "Vijayalakshmi (D)", "filerRelation": "UNREPORTED", "moneyText": "", "startDate": "2019-03-05", "ownership": "D"}, {"maxAge": 1, "shares": 1000, "filerUrl": "", "transactionText": "", "filerName": "Gupta (Shashi)", "filerRelation": "UNREPORTED", "moneyText": "", "startDate": "2019-03-01", "ownership": "D"}, {"maxAge": 1, "shares": 1400, "filerUrl": "", "transactionText": "", "filerName": "Gupta (Shashi)", "filerRelation": "UNREPORTED", "moneyText": "", "startDate": "2019-02-28", "ownership": "D"}, {"maxAge": 1, "shares": 400, "filerUrl": "", "transactionText": "", "filerName": "Gupta (Shashi)", "filerRelation": "UNREPORTED", "moneyText": "", "startDate": "2019-02-27", "ownership": "D"}, {"maxAge": 1, "shares": 200, "filerUrl": "", "transactionText": "", "filerName": "Gupta (Shashi)", "filerRelation": "UNREPORTED", "moneyText": "", "startDate": "2019-02-26", "ownership": "D"}, {"maxAge": 1, "shares": 8000, "filerUrl": "", "transactionText": "", "filerName": "Alagappan (P)", "filerRelation": "Promoter", "moneyText": "", "startDate": "2019-02-01", "ownership": "D"}, {"maxAge": 1, "shares": 7864, "filerUrl": "", "transactionText": "", "filerName": "Ananthaseshan (N)", "filerRelation": "Divisional Officer", "moneyText": "", "startDate": "2019-02-01", "ownership": "D"}, {"maxAge": 1, "shares": 23922, "filerUrl": "", "transactionText": "", "filerName": "Kalyanaraman (Ramesh)", "filerRelation": "UNREPORTED", "moneyText": "", "startDate": "2019-02-01", "ownership": "D"}, {"maxAge": 1, "shares": 16412, "filerUrl": "", "transactionText": "", "filerName": "Padmanabhan (P)", "filerRelation": "UNREPORTED", "moneyText": "", "startDate": "2019-02-01", "ownership": "D"}, {"maxAge": 1, "shares": 9500, "filerUrl": "", "transactionText": "", "filerName": "Vijayalakshmi (D)", "filerRelation": "UNREPORTED", "moneyText": "", "startDate": "2019-02-01", "ownership": "D"}, {"maxAge": 1, "shares": 289600, "filerUrl": "", "transactionText": "", "filerName": "M M Muthiah Family Trust", "filerRelation": "Promoter", "moneyText": "", "startDate": "2018-12-31", "ownership": "D"}, {"maxAge": 1, "shares": 289600, "filerUrl": "", "transactionText": "", "filerName": "M M Veerappan Family  Trust", "filerRelation": "Promoter", "moneyText": "", "startDate": "2018-12-31", "ownership": "D"}, {"maxAge": 1, "shares": 200000, "filerUrl": "", "transactionText": "", "filerName": "M V Muthiah Family Trust", "filerRelation": "Promoter", "moneyText": "", "startDate": "2018-12-31", "ownership": "D"}, {"maxAge": 1, "shares": 200000, "filerUrl": "", "transactionText": "", "filerName": "M V Subramanian Family Trust", "filerRelation": "Promoter", "moneyText": "", "startDate": "2018-12-31", "ownership": "D"}, {"maxAge": 1, "shares": 290600, "filerUrl": "", "transactionText": "", "filerName": "Murugappan (M M)", "filerRelation": "Promoter", "moneyText": "", "startDate": "2018-12-31", "ownership": "D"}, {"maxAge": 1, "shares": 200000, "filerUrl": "", "transactionText": "", "filerName": "Venkatachalam (Lakshmi)", "filerRelation": "Promoter", "moneyText": "", "startDate": "2018-12-31", "ownership": "D"}, {"maxAge": 1, "shares": 200000, "filerUrl": "", "transactionText": "", "filerName": "Venkatachalam (M M)", "filerRelation": "Promoter", "moneyText": "", "startDate": "2018-12-31", "ownership": "D"}], "maxAge": 1}, "quoteType": {"exchange": "BSE", "quoteType": "EQUITY", "symbol": "CARBORUNIV.BO", "underlyingSymbol": "CARBORUNIV.BO", "shortName": "CARBORUNDUM UNIVERSAL LTD.", "longName": "Carborundum Universal Limited", "firstTradeDateEpochUtc": "2002-07-01 09:15:00", "timeZoneFullName": "Asia/Kolkata", "timeZoneShortName": "IST", "uuid": "0df9850f-efc1-374b-9d4a-d9888aae1231", "messageBoardId": null, "gmtOffSetMilliseconds": 19800000, "maxAge": 1}, "incomeStatementHistory": {"incomeStatementHistory": [{"maxAge": 1, "endDate": "2020-03-31", "totalRevenue": 25989690000, "costOfRevenue": 9909520000, "grossProfit": 16080170000, "researchDevelopment": {}, "sellingGeneralAdministrative": 3590050000, "nonRecurring": {}, "otherOperatingExpenses": 8489530000, "totalOperatingExpenses": 23034310000, "operatingIncome": 2955380000, "totalOtherIncomeExpenseNet": 549950000, "ebit": 2955380000, "interestExpense": -58600000, "incomeBeforeTax": 3505330000, "incomeTaxExpense": 755490000, "minorityInterest": 455410000, "netIncomeFromContinuingOps": 2749840000, "discontinuedOperations": {}, "extraordinaryItems": {}, "effectOfAccountingCharges": {}, "otherItems": {}, "netIncome": 2724170000, "netIncomeApplicableToCommonShares": 2724170000}, {"maxAge": 1, "endDate": "2019-03-31", "totalRevenue": 26889040000, "costOfRevenue": 10604270000, "grossProfit": 16284770000, "researchDevelopment": {}, "sellingGeneralAdministrative": 3432200000, "nonRecurring": {}, "otherOperatingExpenses": 8460620000, "totalOperatingExpenses": 23579800000, "operatingIncome": 3309240000, "totalOtherIncomeExpenseNet": 378560000, "ebit": 3309240000, "interestExpense": -68890000, "incomeBeforeTax": 3687800000, "incomeTaxExpense": 1211800000, "minorityInterest": 523100000, "netIncomeFromContinuingOps": 2476000000, "discontinuedOperations": {}, "extraordinaryItems": {}, "effectOfAccountingCharges": {}, "otherItems": {}, "netIncome": 2476780000, "netIncomeApplicableToCommonShares": 2476780000}, {"maxAge": 1, "endDate": "2018-03-31", "totalRevenue": 23677610000, "costOfRevenue": 8984570000, "grossProfit": 14693040000, "researchDevelopment": {}, "sellingGeneralAdministrative": 3260620000, "nonRecurring": {}, "otherOperatingExpenses": 7433990000, "totalOperatingExpenses": 20739130000, "operatingIncome": 2938480000, "totalOtherIncomeExpenseNet": 277670000, "ebit": 2938480000, "interestExpense": -76900000, "incomeBeforeTax": 3216150000, "incomeTaxExpense": 1020270000, "minorityInterest": 614740000, "netIncomeFromContinuingOps": 2195880000, "discontinuedOperations": {}, "extraordinaryItems": {}, "effectOfAccountingCharges": {}, "otherItems": {}, "netIncome": 2155960000, "netIncomeApplicableToCommonShares": 2155960000}, {"maxAge": 1, "endDate": "2017-03-31", "totalRevenue": 21124860000, "costOfRevenue": 8232210000, "grossProfit": 12892650000, "researchDevelopment": {}, "sellingGeneralAdministrative": 2891080000, "nonRecurring": {}, "otherOperatingExpenses": 6413030000, "totalOperatingExpenses": 18501130000, "operatingIncome": 2623730000, "totalOtherIncomeExpenseNet": -5090000, "ebit": 2623730000, "interestExpense": -174360000, "incomeBeforeTax": 2618640000, "incomeTaxExpense": 780840000, "minorityInterest": 656630000, "netIncomeFromContinuingOps": 1837800000, "discontinuedOperations": {}, "extraordinaryItems": {}, "effectOfAccountingCharges": {}, "otherItems": {}, "netIncome": 1748670000, "netIncomeApplicableToCommonShares": 1748670000}], "maxAge": 86400}, "fundOwnership": {"maxAge": 1, "ownershipList": []}, "summaryDetail": {"maxAge": 1, "priceHint": 2, "previousClose": 522.85, "open": 517.7, "dayLow": 509.5, "dayHigh": 570.0, "regularMarketPreviousClose": 522.85, "regularMarketOpen": 517.7, "regularMarketDayLow": 509.5, "regularMarketDayHigh": 570.0, "trailingPE": 43.25843, "forwardPE": 31.84042, "volume": 71113, "regularMarketVolume": 71113, "averageVolume": 26289, "averageVolume10days": 23358, "averageDailyVolume10Day": 23358, "bid": 0.0, "ask": 0.0, "bidSize": 0, "askSize": 0, "marketCap": 103571226624, "fiftyTwoWeekLow": 175.0, "fiftyTwoWeekHigh": 571.45, "fiftyDayAverage": 449.27573, "twoHundredDayAverage": 336.15256, "trailingAnnualDividendRate": 2.75, "trailingAnnualDividendYield": 0.005259635, "currency": "INR", "fromCurrency": null, "toCurrency": null, "lastMarket": null, "algorithm": null, "tradeable": false}, "sectorTrend": {"maxAge": 1, "symbol": null, "estimates": []}, "incomeStatementHistoryQuarterly": {"incomeStatementHistory": [{"maxAge": 1, "endDate": "2020-06-30", "totalRevenue": 4495800000, "costOfRevenue": 2134300000, "grossProfit": 2361500000, "researchDevelopment": {}, "sellingGeneralAdministrative": 823700000, "nonRecurring": {}, "otherOperatingExpenses": 1104100000, "totalOperatingExpenses": 4294800000, "operatingIncome": 201000000, "totalOtherIncomeExpenseNet": 63200000, "ebit": 201000000, "interestExpense": -9900000, "incomeBeforeTax": 264200000, "incomeTaxExpense": 71700000, "minorityInterest": {}, "netIncomeFromContinuingOps": 192500000, "discontinuedOperations": {}, "extraordinaryItems": {}, "effectOfAccountingCharges": {}, "otherItems": {}, "netIncome": 197300000, "netIncomeApplicableToCommonShares": 197300000}, {"maxAge": 1, "endDate": "2020-03-31", "totalRevenue": 5939690000, "costOfRevenue": 42020000, "grossProfit": 5897670000, "researchDevelopment": {}, "sellingGeneralAdministrative": 946550000, "nonRecurring": {}, "otherOperatingExpenses": 3911930000, "totalOperatingExpenses": 5152210000, "operatingIncome": 787480000, "totalOtherIncomeExpenseNet": 269750000, "ebit": 787480000, "interestExpense": -11600000, "incomeBeforeTax": 1057230000, "incomeTaxExpense": 118090000, "minorityInterest": 455410000, "netIncomeFromContinuingOps": 939140000, "discontinuedOperations": {}, "extraordinaryItems": {}, "effectOfAccountingCharges": {}, "otherItems": {}, "netIncome": 923270000, "netIncomeApplicableToCommonShares": 923270000}, {"maxAge": 1, "endDate": "2019-12-31", "totalRevenue": 6493500000, "costOfRevenue": 3152100000, "grossProfit": 3341400000, "researchDevelopment": {}, "sellingGeneralAdministrative": 885900000, "nonRecurring": {}, "otherOperatingExpenses": 1490800000, "totalOperatingExpenses": 5795000000, "operatingIncome": 698500000, "totalOtherIncomeExpenseNet": 96000000, "ebit": 698500000, "interestExpense": -12400000, "incomeBeforeTax": 794500000, "incomeTaxExpense": 180900000, "minorityInterest": 455410000, "netIncomeFromContinuingOps": 613600000, "discontinuedOperations": {}, "extraordinaryItems": {}, "effectOfAccountingCharges": {}, "otherItems": {}, "netIncome": 628200000, "netIncomeApplicableToCommonShares": 628200000}, {"maxAge": 1, "endDate": "2019-09-30", "totalRevenue": 6842500000, "costOfRevenue": 3376900000, "grossProfit": 3465600000, "researchDevelopment": {}, "sellingGeneralAdministrative": 917200000, "nonRecurring": {}, "otherOperatingExpenses": 1504100000, "totalOperatingExpenses": 6061500000, "operatingIncome": 781000000, "totalOtherIncomeExpenseNet": 95500000, "ebit": 781000000, "interestExpense": -15300000, "incomeBeforeTax": 876500000, "incomeTaxExpense": 193400000, "minorityInterest": 472000000, "netIncomeFromContinuingOps": 683100000, "discontinuedOperations": {}, "extraordinaryItems": {}, "effectOfAccountingCharges": {}, "otherItems": {}, "netIncome": 645000000, "netIncomeApplicableToCommonShares": 645000000}], "maxAge": 86400}, "cashflowStatementHistoryQuarterly": {"cashflowStatements": [{"maxAge": 1, "endDate": "2020-06-30", "netIncome": 197300000, "changeToLiabilities": 0}, {"maxAge": 1, "endDate": "2020-03-31", "netIncome": 923270000, "changeToLiabilities": 0}, {"maxAge": 1, "endDate": "2019-12-31", "netIncome": 628200000, "changeToLiabilities": 0}, {"maxAge": 1, "endDate": "2019-09-30", "netIncome": 645000000, "changeToLiabilities": 0}], "maxAge": 86400}, "insiderHolders": {"holders": [{"maxAge": 1, "name": "Alagappan (P)", "relation": "Promoter", "url": "", "transactionDescription": "Other", "latestTransDate": "2020-02-25", "positionDirect": 31240, "positionDirectDate": "2020-02-25"}, {"maxAge": 1, "name": "Ananthaseshan (N)", "relation": "Managing Director", "url": "", "transactionDescription": "Other", "latestTransDate": "2020-02-25", "positionDirect": 87887, "positionDirectDate": "2020-02-25"}, {"maxAge": 1, "name": "Dey (Ranjan)", "relation": "UNREPORTED", "url": "", "transactionDescription": "Other", "latestTransDate": "2020-08-28", "positionDirect": 15342, "positionDirectDate": "2020-08-28"}, {"maxAge": 1, "name": "Padmanabhan (P)", "relation": "UNREPORTED", "url": "", "transactionDescription": "Other", "latestTransDate": "2020-02-25", "positionDirect": 61110, "positionDirectDate": "2020-02-25"}, {"maxAge": 1, "name": "Rangarajan (Sridharan)", "relation": "UNREPORTED", "url": "", "transactionDescription": "Other", "latestTransDate": "2020-08-28", "positionDirect": 120880, "positionDirectDate": "2020-08-28"}, {"maxAge": 1, "name": "Sivakumaran (M V)", "relation": "UNREPORTED", "url": "", "transactionDescription": "Other", "latestTransDate": "2019-09-28", "positionDirect": 40000, "positionDirectDate": "2019-09-28"}, {"maxAge": 1, "name": "Srinivasan (K)", "relation": "Managing Director", "url": "", "transactionDescription": "Acquisition", "latestTransDate": "2019-08-08", "positionDirect": 400530, "positionDirectDate": "2019-08-08"}, {"maxAge": 1, "name": "Venkatachalam (Lakshmi)", "relation": "Promoter", "url": "", "transactionDescription": "Purchase", "latestTransDate": "2019-09-27", "positionDirect": 124420, "positionDirectDate": "2019-09-27"}, {"maxAge": 1, "name": "Venkatachalam (M M)", "relation": "Promoter", "url": "", "transactionDescription": "Sale", "latestTransDate": "2019-09-27", "positionDirect": 0, "positionDirectDate": "2019-09-27"}, {"maxAge": 1, "name": "Vijayalakshmi (D)", "relation": "UNREPORTED", "url": "", "transactionDescription": "Sale", "latestTransDate": "2020-03-04", "positionDirect": 11452, "positionDirectDate": "2020-03-04"}], "maxAge": 1}, "earnings": {"maxAge": 86400, "earningsChart": {"quarterly": [{"date": "4Q2017", "actual": 2.87, "estimate": 3.1}, {"date": "1Q2018", "actual": 3.48, "estimate": 3.34}, {"date": "2Q2018", "actual": 3.32, "estimate": 2.75}, {"date": "3Q2018", "actual": 3.42, "estimate": 2.8}], "currentQuarterEstimateDate": "4Q", "currentQuarterEstimateYear": 2018, "earningsDate": []}, "financialsChart": {"yearly": [{"date": 2017, "revenue": 21124860000, "earnings": 1748670000}, {"date": 2018, "revenue": 23677610000, "earnings": 2155960000}, {"date": 2019, "revenue": 26889040000, "earnings": 2476780000}, {"date": 2020, "revenue": 25989690000, "earnings": 2724170000}], "quarterly": [{"date": "3Q2019", "revenue": 6842500000, "earnings": 645000000}, {"date": "4Q2019", "revenue": 6493500000, "earnings": 628200000}, {"date": "1Q2020", "revenue": 5939690000, "earnings": 923270000}, {"date": "2Q2020", "revenue": 4495800000, "earnings": 197300000}]}, "financialCurrency": "INR"}, "calendarEvents": {"maxAge": 1, "earnings": {"earningsDate": []}}, "price": {"maxAge": 1, "regularMarketChangePercent": 0.04561545, "regularMarketChange": 23.850037, "regularMarketTime": "2021-04-30 15:58:37", "priceHint": 2, "regularMarketPrice": 546.7, "regularMarketDayHigh": 570.0, "regularMarketDayLow": 509.5, "regularMarketVolume": 71113, "averageDailyVolume10Day": 23358, "averageDailyVolume3Month": 26289, "regularMarketPreviousClose": 522.85, "regularMarketSource": "FREE_REALTIME", "regularMarketOpen": 517.7, "exchange": "BSE", "exchangeName": "BSE", "exchangeDataDelayedBy": 0, "marketState": "CLOSED", "quoteType": "EQUITY", "symbol": "CARBORUNIV.BO", "underlyingSymbol": null, "shortName": "CARBORUNDUM UNIVERSAL LTD.", "longName": "Carborundum Universal Limited", "currency": "INR", "quoteSourceName": "Delayed Quote", "currencySymbol": "\u20b9", "fromCurrency": null, "toCurrency": null, "lastMarket": null, "marketCap": 103571226624}, "balanceSheetHistory": {"balanceSheetStatements": [{"maxAge": 1, "endDate": "2020-03-31", "cash": 2920550000, "shortTermInvestments": 190000, "netReceivables": 4109660000, "inventory": 5076240000, "otherCurrentAssets": 489550000, "totalCurrentAssets": 13401390000, "longTermInvestments": 1211750000, "propertyPlantEquipment": 6508400000, "goodWill": 1330370000, "intangibleAssets": 31420000, "otherAssets": 433410000, "deferredLongTermAssetCharges": 91720000, "totalAssets": 22916740000, "accountsPayable": 1953990000, "shortLongTermDebt": 21130000, "otherCurrentLiab": 663370000, "longTermDebt": 42260000, "otherLiab": 245280000, "minorityInterest": 455410000, "totalCurrentLiabilities": 3531940000, "totalLiab": 3877780000, "commonStock": 189410000, "retainedEarnings": 17623320000, "treasuryStock": 482260000, "capitalSurplus": 288560000, "otherStockholderEquity": 482260000, "totalStockholderEquity": 18583550000, "netTangibleAssets": 17221760000}, {"maxAge": 1, "endDate": "2019-03-31", "cash": 959370000, "shortTermInvestments": 370000, "netReceivables": 5190160000, "inventory": 5328550000, "otherCurrentAssets": 426270000, "totalCurrentAssets": 12998140000, "longTermInvestments": 1303940000, "propertyPlantEquipment": 6151220000, "goodWill": 1222820000, "intangibleAssets": 40040000, "otherAssets": 604160000, "deferredLongTermAssetCharges": 101050000, "totalAssets": 22320320000, "accountsPayable": 2086760000, "shortLongTermDebt": 41990000, "otherCurrentLiab": 761520000, "longTermDebt": 47760000, "otherLiab": 451470000, "minorityInterest": 523100000, "totalCurrentLiabilities": 4053980000, "totalLiab": 4556200000, "commonStock": 189150000, "retainedEarnings": 15965200000, "treasuryStock": 832560000, "capitalSurplus": 254110000, "otherStockholderEquity": 832560000, "totalStockholderEquity": 17241020000, "netTangibleAssets": 15978160000}, {"maxAge": 1, "endDate": "2018-03-31", "cash": 1276340000, "shortTermInvestments": 280000, "netReceivables": 4792200000, "inventory": 4380240000, "otherCurrentAssets": 408160000, "totalCurrentAssets": 11552200000, "longTermInvestments": 1232450000, "propertyPlantEquipment": 6446520000, "goodWill": 1151410000, "intangibleAssets": 61320000, "otherAssets": 541310000, "deferredLongTermAssetCharges": 109640000, "totalAssets": 20985210000, "accountsPayable": 1975670000, "shortLongTermDebt": 38170000, "otherCurrentLiab": 693390000, "longTermDebt": 54640000, "otherLiab": 474840000, "minorityInterest": 614740000, "totalCurrentLiabilities": 4185810000, "totalLiab": 4726970000, "commonStock": 188960000, "retainedEarnings": 14091920000, "treasuryStock": 1136430000, "capitalSurplus": 226190000, "otherStockholderEquity": 1136430000, "totalStockholderEquity": 15643500000, "netTangibleAssets": 14430770000}, {"maxAge": 1, "endDate": "2017-03-31", "cash": 1260600000, "shortTermInvestments": 30000, "netReceivables": 3922920000, "inventory": 3866970000, "otherCurrentAssets": 507600000, "totalCurrentAssets": 9709600000, "longTermInvestments": 1194930000, "propertyPlantEquipment": 6543370000, "goodWill": 1147950000, "intangibleAssets": 82720000, "otherAssets": 543650000, "deferredLongTermAssetCharges": 89980000, "totalAssets": 19222220000, "accountsPayable": 1650230000, "shortLongTermDebt": 59960000, "otherCurrentLiab": 655290000, "longTermDebt": 48860000, "otherLiab": 539470000, "minorityInterest": 656630000, "totalCurrentLiabilities": 4131450000, "totalLiab": 4737730000, "commonStock": 188660000, "retainedEarnings": 12338210000, "treasuryStock": 1106840000, "capitalSurplus": 194150000, "otherStockholderEquity": 1106840000, "totalStockholderEquity": 13827860000, "netTangibleAssets": 12597190000}], "maxAge": 86400}, "earningsTrend": {"trend": [{"maxAge": 1, "period": "0q", "endDate": "2018-12-31", "growth": {}, "earningsEstimate": {"avg": 0.0, "low": 0.0, "high": 0.0, "yearAgoEps": 2.87, "numberOfAnalysts": 0, "growth": {}}, "revenueEstimate": {"avg": 0, "low": 0, "high": 0, "numberOfAnalysts": 0, "yearAgoRevenue": {}, "growth": {}}, "epsTrend": {"current": 0.0, "7daysAgo": 0.0, "30daysAgo": 0.0, "60daysAgo": 0.0, "90daysAgo": 0.0}, "epsRevisions": {"upLast7days": 0, "upLast30days": 0, "downLast30days": 0, "downLast90days": {}}}, {"maxAge": 1, "period": "+1q", "endDate": "2019-03-31", "growth": {}, "earningsEstimate": {"avg": 0.0, "low": 0.0, "high": 0.0, "yearAgoEps": 3.48, "numberOfAnalysts": 0, "growth": {}}, "revenueEstimate": {"avg": 0, "low": 0, "high": 0, "numberOfAnalysts": 0, "yearAgoRevenue": {}, "growth": {}}, "epsTrend": {"current": 0.0, "7daysAgo": 0.0, "30daysAgo": 0.0, "60daysAgo": 0.0, "90daysAgo": 0.0}, "epsRevisions": {"upLast7days": 0, "upLast30days": 0, "downLast30days": 0, "downLast90days": {}}}, {"maxAge": 1, "period": "0y", "endDate": "2019-03-31", "growth": {}, "earningsEstimate": {"avg": 0.0, "low": 0.0, "high": 0.0, "yearAgoEps": {}, "numberOfAnalysts": 0, "growth": {}}, "revenueEstimate": {"avg": 27342700000, "low": 26572000000, "high": 28119000000, "numberOfAnalysts": 9, "yearAgoRevenue": 23677600000, "growth": 0.155}, "epsTrend": {"current": 0.0, "7daysAgo": 14.27, "30daysAgo": 14.27, "60daysAgo": 14.27, "90daysAgo": 14.27}, "epsRevisions": {"upLast7days": 0, "upLast30days": 0, "downLast30days": 0, "downLast90days": {}}}, {"maxAge": 1, "period": "+1y", "endDate": "2020-03-31", "growth": {}, "earningsEstimate": {"avg": 0.0, "low": 0.0, "high": 0.0, "yearAgoEps": {}, "numberOfAnalysts": 0, "growth": {}}, "revenueEstimate": {"avg": 31497400000, "low": 30313300000, "high": 32662000000, "numberOfAnalysts": 9, "yearAgoRevenue": 27342700000, "growth": 0.152}, "epsTrend": {"current": 0.0, "7daysAgo": 17.17, "30daysAgo": 17.17, "60daysAgo": 17.17, "90daysAgo": 17.17}, "epsRevisions": {"upLast7days": 0, "upLast30days": 0, "downLast30days": 0, "downLast90days": {}}}, {"maxAge": 1, "period": "+5y", "endDate": null, "growth": 0.25, "earningsEstimate": {"avg": {}, "low": {}, "high": {}, "yearAgoEps": {}, "numberOfAnalysts": {}, "growth": {}}, "revenueEstimate": {"avg": {}, "low": {}, "high": {}, "numberOfAnalysts": {}, "yearAgoRevenue": {}, "growth": {}}, "epsTrend": {"current": {}, "7daysAgo": {}, "30daysAgo": {}, "60daysAgo": {}, "90daysAgo": {}}, "epsRevisions": {"upLast7days": {}, "upLast30days": {}, "downLast30days": {}, "downLast90days": {}}}, {"maxAge": 1, "period": "-5y", "endDate": null, "growth": {}, "earningsEstimate": {"avg": {}, "low": {}, "high": {}, "yearAgoEps": {}, "numberOfAnalysts": {}, "growth": {}}, "revenueEstimate": {"avg": {}, "low": {}, "high": {}, "numberOfAnalysts": {}, "yearAgoRevenue": {}, "growth": {}}, "epsTrend": {"current": {}, "7daysAgo": {}, "30daysAgo": {}, "60daysAgo": {}, "90daysAgo": {}}, "epsRevisions": {"upLast7days": {}, "upLast30days": {}, "downLast30days": {}, "downLast90days": {}}}], "maxAge": 1}, "financialData": {"maxAge": 86400, "currentPrice": 546.7, "targetHighPrice": 464.0, "targetLowPrice": 315.0, "targetMeanPrice": 405.67, "targetMedianPrice": 414.5, "recommendationKey": "none", "numberOfAnalystOpinions": 6, "grossProfits": 16080170000, "financialCurrency": "INR"}}}