{"CAREERP.BO": {"cashflowStatementHistory": {"cashflowStatements": [{"maxAge": 1, "endDate": "2020-03-31", "netIncome": 271860000, "depreciation": 43978000, "changeToNetincome": 32231000, "changeToAccountReceivables": 17701000, "changeToLiabilities": 0, "changeToInventory": -25729000, "changeToOperatingActivities": -63443000, "totalCashFromOperatingActivities": 276717000, "capitalExpenditures": -73208000, "investments": 104957000, "otherCashflowsFromInvestingActivities": 21374000, "totalCashflowsFromInvestingActivities": -84696000, "dividendsPaid": -65690000, "netBorrowings": -31430000, "otherCashflowsFromFinancingActivities": -66470000, "totalCashFromFinancingActivities": -163590000, "changeInCash": 28431000}, {"maxAge": 1, "endDate": "2019-03-31", "netIncome": 241397000, "depreciation": 44325000, "changeToNetincome": -3973000, "changeToAccountReceivables": -60977000, "changeToLiabilities": 0, "changeToInventory": 10124000, "changeToOperatingActivities": -31701000, "totalCashFromOperatingActivities": 199460000, "capitalExpenditures": -138990000, "investments": 286123000, "otherCashflowsFromInvestingActivities": 18847000, "totalCashflowsFromInvestingActivities": -20955000, "dividendsPaid": -65690000, "netBorrowings": -142588000, "otherCashflowsFromFinancingActivities": -64233000, "totalCashFromFinancingActivities": -206821000, "changeInCash": -28316000}, {"maxAge": 1, "endDate": "2018-03-31", "netIncome": 221900000, "depreciation": 45958000, "changeToNetincome": -22889000, "changeToAccountReceivables": -51871000, "changeToLiabilities": 0, "changeToInventory": 729611000, "changeToOperatingActivities": 51771000, "totalCashFromOperatingActivities": 974563000, "capitalExpenditures": -62275000, "investments": 132369000, "otherCashflowsFromInvestingActivities": 62322000, "totalCashflowsFromInvestingActivities": -457555000, "dividendsPaid": -65690000, "netBorrowings": -427735000, "otherCashflowsFromFinancingActivities": -72074000, "totalCashFromFinancingActivities": -496184000, "changeInCash": 20824000, "issuanceOfStock": 3625000}, {"maxAge": 1, "endDate": "2017-03-31", "netIncome": 209594000, "depreciation": 51399000, "changeToNetincome": -52789000, "changeToAccountReceivables": 407975000, "changeToLiabilities": 0, "changeToInventory": -744240000, "changeToOperatingActivities": 84611000, "totalCashFromOperatingActivities": -42358000, "capitalExpenditures": -233152000, "investments": -130684000, "otherCashflowsFromInvestingActivities": 65487000, "totalCashflowsFromInvestingActivities": -644943000, "dividendsPaid": -65690000, "netBorrowings": 810484000, "otherCashflowsFromFinancingActivities": -64633000, "totalCashFromFinancingActivities": 745851000, "changeInCash": 58550000, "issuanceOfStock": 3625000}], "maxAge": 86400}, "institutionOwnership": {"maxAge": 1, "ownershipList": []}, "balanceSheetHistoryQuarterly": {"balanceSheetStatements": [{"maxAge": 1, "endDate": "2020-06-30", "totalStockholderEquity": 4489132000, "netTangibleAssets": 4488228000}, {"maxAge": 1, "endDate": "2020-03-31", "cash": 104141000, "netReceivables": 2157718000, "inventory": 40591000, "otherCurrentAssets": 182083000, "totalCurrentAssets": 2496029000, "longTermInvestments": 9564000, "propertyPlantEquipment": 1159061000, "intangibleAssets": 904000, "otherAssets": 1770848000, "totalAssets": 5436406000, "accountsPayable": 2142000, "shortLongTermDebt": 62511000, "otherCurrentLiab": 98013000, "longTermDebt": 260554000, "otherLiab": 92079000, "minorityInterest": 1409000, "totalCurrentLiabilities": 593232000, "totalLiab": 945865000, "commonStock": 181629000, "retainedEarnings": 2581933000, "treasuryStock": 5955000, "capitalSurplus": 1719615000, "otherStockholderEquity": 5955000, "totalStockholderEquity": 4489132000, "netTangibleAssets": 4488228000}, {"maxAge": 1, "endDate": "2019-12-31", "totalStockholderEquity": 4408956000, "netTangibleAssets": 4408843000}, {"maxAge": 1, "endDate": "2019-09-30", "cash": 96376000, "shortTermInvestments": 250591000, "netReceivables": 2183640000, "inventory": 67799000, "otherCurrentAssets": 2813000, "totalCurrentAssets": 2601219000, "longTermInvestments": 198091000, "propertyPlantEquipment": 1133903000, "intangibleAssets": 113000, "otherAssets": 1528561000, "totalAssets": 5461887000, "accountsPayable": 23302000, "otherCurrentLiab": 208750000, "longTermDebt": 284173000, "otherLiab": 85826000, "minorityInterest": 1272000, "totalCurrentLiabilities": 681660000, "totalLiab": 1051659000, "commonStock": 181629000, "treasuryStock": 4227327000, "otherStockholderEquity": 4227327000, "totalStockholderEquity": 4408956000, "netTangibleAssets": 4408843000}], "maxAge": 86400}, "indexTrend": {"maxAge": 1, "symbol": "SP5", "peRatio": 19.7411, "pegRatio": 1.34172, "estimates": [{"period": "0q", "growth": 0.549}, {"period": "+1q", "growth": 0.431}, {"period": "0y", "growth": 0.305}, {"period": "+1y", "growth": 0.109}, {"period": "+5y", "growth": 0.120865}, {"period": "-5y"}]}, "insiderTransactions": {"transactions": [{"maxAge": 1, "shares": 23115, "filerUrl": "", "transactionText": "", "filerName": "Maheshwari (Pramod)", "filerRelation": "Executive Chairman", "moneyText": "", "startDate": "2020-03-12", "ownership": "D"}, {"maxAge": 1, "shares": 16219, "filerUrl": "", "transactionText": "", "filerName": "Maheshwari (Pramod)", "filerRelation": "Executive Chairman", "moneyText": "", "startDate": "2019-12-31", "ownership": "D"}, {"maxAge": 1, "shares": 22000, "filerUrl": "", "transactionText": "", "filerName": "Maheshwari (Pramod)", "filerRelation": "Executive Chairman", "moneyText": "", "startDate": "2019-06-28", "ownership": "D"}, {"maxAge": 1, "shares": 33239, "filerUrl": "", "transactionText": "", "filerName": "Maheshwari (Pramod)", "filerRelation": "Executive Chairman", "moneyText": "", "startDate": "2019-06-27", "ownership": "D"}, {"maxAge": 1, "shares": 12624, "filerUrl": "", "transactionText": "", "filerName": "Maheshwari (Pramod)", "filerRelation": "Executive Chairman", "moneyText": "", "startDate": "2019-06-26", "ownership": "D"}, {"maxAge": 1, "shares": 25706, "filerUrl": "", "transactionText": "", "filerName": "Maheshwari (Pramod)", "filerRelation": "Executive Chairman", "moneyText": "", "startDate": "2019-06-25", "ownership": "D"}, {"maxAge": 1, "shares": 654, "filerUrl": "", "transactionText": "", "filerName": "Maheshwari (Pramod)", "filerRelation": "Executive Chairman", "moneyText": "", "startDate": "2019-06-25", "ownership": "D"}, {"maxAge": 1, "shares": 30530, "filerUrl": "", "transactionText": "", "filerName": "Maheshwari (Pramod)", "filerRelation": "Executive Chairman", "moneyText": "", "startDate": "2019-06-18", "ownership": "D"}, {"maxAge": 1, "shares": 1622, "filerUrl": "", "transactionText": "", "filerName": "Maheshwari (Pramod)", "filerRelation": "Executive Chairman", "moneyText": "", "startDate": "2019-06-18", "ownership": "D"}, {"maxAge": 1, "shares": 17629, "filerUrl": "", "transactionText": "", "filerName": "Maheshwari (Pramod)", "filerRelation": "Executive Chairman", "moneyText": "", "startDate": "2019-06-10", "ownership": "D"}, {"maxAge": 1, "shares": 5264, "filerUrl": "", "transactionText": "", "filerName": "Maheshwari (Pramod)", "filerRelation": "Executive Chairman", "moneyText": "", "startDate": "2019-06-10", "ownership": "D"}], "maxAge": 1}, "quoteType": {"exchange": "BSE", "quoteType": "EQUITY", "symbol": "CAREERP.BO", "underlyingSymbol": "CAREERP.BO", "shortName": "CAREER POINT LTD.", "longName": "Career Point Limited", "firstTradeDateEpochUtc": "2010-10-06 09:15:00", "timeZoneFullName": "Asia/Kolkata", "timeZoneShortName": "IST", "uuid": "8f5163f7-0571-3aac-8a11-fe2a701b1d21", "messageBoardId": null, "gmtOffSetMilliseconds": 19800000, "maxAge": 1}, "incomeStatementHistory": {"incomeStatementHistory": [{"maxAge": 1, "endDate": "2020-03-31", "totalRevenue": 1046129000, "costOfRevenue": 476721000, "grossProfit": 569408000, "researchDevelopment": {}, "sellingGeneralAdministrative": 20992000, "nonRecurring": {}, "otherOperatingExpenses": 113907000, "totalOperatingExpenses": 653630000, "operatingIncome": 392499000, "totalOtherIncomeExpenseNet": -13894000, "ebit": 392499000, "interestExpense": -66324000, "incomeBeforeTax": 378605000, "incomeTaxExpense": 106762000, "minorityInterest": 1409000, "netIncomeFromContinuingOps": 271843000, "discontinuedOperations": {}, "extraordinaryItems": {}, "effectOfAccountingCharges": {}, "otherItems": {}, "netIncome": 271860000, "netIncomeApplicableToCommonShares": 271860000}, {"maxAge": 1, "endDate": "2019-03-31", "totalRevenue": 1005333000, "costOfRevenue": 447654000, "grossProfit": 557679000, "researchDevelopment": {}, "sellingGeneralAdministrative": 51866000, "nonRecurring": {}, "otherOperatingExpenses": 146404000, "totalOperatingExpenses": 688427000, "operatingIncome": 316906000, "totalOtherIncomeExpenseNet": 412000, "ebit": 316906000, "interestExpense": -64370000, "incomeBeforeTax": 317318000, "incomeTaxExpense": 76033000, "minorityInterest": 1176000, "netIncomeFromContinuingOps": 241285000, "discontinuedOperations": {}, "extraordinaryItems": {}, "effectOfAccountingCharges": {}, "otherItems": {}, "netIncome": 241397000, "netIncomeApplicableToCommonShares": 241397000}, {"maxAge": 1, "endDate": "2018-03-31", "totalRevenue": 895922000, "costOfRevenue": 414360000, "grossProfit": 481562000, "researchDevelopment": {}, "sellingGeneralAdministrative": 50570000, "nonRecurring": {}, "otherOperatingExpenses": 126233000, "totalOperatingExpenses": 635117000, "operatingIncome": 260805000, "totalOtherIncomeExpenseNet": 39620000, "ebit": 260805000, "interestExpense": -63384000, "incomeBeforeTax": 300425000, "incomeTaxExpense": 78338000, "minorityInterest": 1288000, "netIncomeFromContinuingOps": 222087000, "discontinuedOperations": {}, "extraordinaryItems": {}, "effectOfAccountingCharges": {}, "otherItems": {}, "netIncome": 221900000, "netIncomeApplicableToCommonShares": 221900000}, {"maxAge": 1, "endDate": "2017-03-31", "totalRevenue": 829572000, "costOfRevenue": 396340000, "grossProfit": 433232000, "researchDevelopment": {}, "sellingGeneralAdministrative": 14514000, "nonRecurring": {}, "otherOperatingExpenses": 132078000, "totalOperatingExpenses": 593689000, "operatingIncome": 235883000, "totalOtherIncomeExpenseNet": 61696000, "ebit": 235883000, "interestExpense": -59199000, "incomeBeforeTax": 297579000, "incomeTaxExpense": 87906000, "minorityInterest": 1100000, "netIncomeFromContinuingOps": 209673000, "discontinuedOperations": {}, "extraordinaryItems": {}, "effectOfAccountingCharges": {}, "otherItems": {}, "netIncome": 209594000, "netIncomeApplicableToCommonShares": 209594000}], "maxAge": 86400}, "fundOwnership": {"maxAge": 1, "ownershipList": []}, "summaryDetail": {"maxAge": 1, "priceHint": 2, "previousClose": 119.15, "open": 119.55, "dayLow": 118.75, "dayHigh": 123.7, "regularMarketPreviousClose": 119.15, "regularMarketOpen": 119.55, "regularMarketDayLow": 118.75, "regularMarketDayHigh": 123.7, "trailingPE": 8.281358, "volume": 1555, "regularMarketVolume": 1555, "averageVolume": 6938, "averageVolume10days": 3838, "averageDailyVolume10Day": 3838, "bid": 118.8, "ask": 123.0, "bidSize": 0, "askSize": 0, "marketCap": 2170466560, "fiftyTwoWeekLow": 95.1, "fiftyTwoWeekHigh": 202.0, "fiftyDayAverage": 161.99142, "twoHundredDayAverage": 162.04088, "currency": "INR", "fromCurrency": null, "toCurrency": null, "lastMarket": null, "algorithm": null, "tradeable": false}, "incomeStatementHistoryQuarterly": {"incomeStatementHistory": [{"maxAge": 1, "endDate": "2020-06-30", "totalRevenue": 138126000, "costOfRevenue": 18477000, "grossProfit": 119649000, "researchDevelopment": {}, "sellingGeneralAdministrative": {}, "nonRecurring": {}, "otherOperatingExpenses": 10412000, "totalOperatingExpenses": 39473000, "operatingIncome": 98653000, "totalOtherIncomeExpenseNet": -608000, "ebit": 98653000, "interestExpense": -13682000, "incomeBeforeTax": 98045000, "incomeTaxExpense": 22884000, "minorityInterest": {}, "netIncomeFromContinuingOps": 75161000, "discontinuedOperations": {}, "extraordinaryItems": {}, "effectOfAccountingCharges": {}, "otherItems": {}, "netIncome": 75168000, "netIncomeApplicableToCommonShares": 75168000}, {"maxAge": 1, "endDate": "2020-03-31", "totalRevenue": 163585000, "costOfRevenue": 82995000, "grossProfit": 80590000, "researchDevelopment": {}, "sellingGeneralAdministrative": 20992000, "nonRecurring": {}, "otherOperatingExpenses": 7170000, "totalOperatingExpenses": 119601000, "operatingIncome": 43984000, "totalOtherIncomeExpenseNet": 1662000, "ebit": 43984000, "interestExpense": -14424000, "incomeBeforeTax": 45646000, "incomeTaxExpense": 10276000, "minorityInterest": 1409000, "netIncomeFromContinuingOps": 35370000, "discontinuedOperations": {}, "extraordinaryItems": {}, "effectOfAccountingCharges": {}, "otherItems": {}, "netIncome": 35361000, "netIncomeApplicableToCommonShares": 35361000}, {"maxAge": 1, "endDate": "2019-12-31", "totalRevenue": 342108000, "costOfRevenue": 181040000, "grossProfit": 161068000, "researchDevelopment": {}, "sellingGeneralAdministrative": 20992000, "nonRecurring": {}, "otherOperatingExpenses": 32455000, "totalOperatingExpenses": 224844000, "operatingIncome": 117264000, "totalOtherIncomeExpenseNet": -3918000, "ebit": 117264000, "interestExpense": -16302000, "incomeBeforeTax": 113346000, "incomeTaxExpense": 26243000, "minorityInterest": 1409000, "netIncomeFromContinuingOps": 87103000, "discontinuedOperations": {}, "extraordinaryItems": {}, "effectOfAccountingCharges": {}, "otherItems": {}, "netIncome": 87113000, "netIncomeApplicableToCommonShares": 87113000}, {"maxAge": 1, "endDate": "2019-09-30", "totalRevenue": 286780000, "costOfRevenue": 134877000, "grossProfit": 151903000, "researchDevelopment": {}, "sellingGeneralAdministrative": 20992000, "nonRecurring": {}, "otherOperatingExpenses": 38015000, "totalOperatingExpenses": 184100000, "operatingIncome": 102680000, "totalOtherIncomeExpenseNet": -2596000, "ebit": 102680000, "interestExpense": -18516000, "incomeBeforeTax": 100084000, "incomeTaxExpense": 35709000, "minorityInterest": 1272000, "netIncomeFromContinuingOps": 64375000, "discontinuedOperations": {}, "extraordinaryItems": {}, "effectOfAccountingCharges": {}, "otherItems": {}, "netIncome": 64380000, "netIncomeApplicableToCommonShares": 64380000}], "maxAge": 86400}, "cashflowStatementHistoryQuarterly": {"cashflowStatements": [{"maxAge": 1, "endDate": "2020-06-30", "netIncome": 75168000, "changeToLiabilities": 0}, {"maxAge": 1, "endDate": "2020-03-31", "netIncome": 35361000, "changeToLiabilities": 0}, {"maxAge": 1, "endDate": "2019-12-31", "netIncome": 87113000, "changeToLiabilities": 0}, {"maxAge": 1, "endDate": "2019-09-30", "netIncome": 64380000, "changeToLiabilities": 0}], "maxAge": 86400}, "insiderHolders": {"holders": [{"maxAge": 1, "name": "Maheshwari (Pramod)", "relation": "Executive Chairman", "url": "", "transactionDescription": "Acquisition", "latestTransDate": "2020-03-12", "positionDirect": 2116003, "positionDirectDate": "2020-03-12"}], "maxAge": 1}, "calendarEvents": {"maxAge": 1, "earnings": {"earningsDate": []}}, "price": {"maxAge": 1, "regularMarketChangePercent": 0.0029374612, "regularMarketChange": 0.34999847, "regularMarketTime": "2021-04-30 15:29:02", "priceHint": 2, "regularMarketPrice": 119.5, "regularMarketDayHigh": 123.7, "regularMarketDayLow": 118.75, "regularMarketVolume": 1555, "averageDailyVolume10Day": 3838, "averageDailyVolume3Month": 6938, "regularMarketPreviousClose": 119.15, "regularMarketSource": "FREE_REALTIME", "regularMarketOpen": 119.55, "exchange": "BSE", "exchangeName": "BSE", "exchangeDataDelayedBy": 0, "marketState": "CLOSED", "quoteType": "EQUITY", "symbol": "CAREERP.BO", "underlyingSymbol": null, "shortName": "CAREER POINT LTD.", "longName": "Career Point Limited", "currency": "INR", "quoteSourceName": "Delayed Quote", "currencySymbol": "\u20b9", "fromCurrency": null, "toCurrency": null, "lastMarket": null, "marketCap": 2170466560}, "balanceSheetHistory": {"balanceSheetStatements": [{"maxAge": 1, "endDate": "2020-03-31", "cash": 104141000, "netReceivables": 2157718000, "inventory": 40591000, "otherCurrentAssets": 182083000, "totalCurrentAssets": 2496029000, "longTermInvestments": 9564000, "propertyPlantEquipment": 1159061000, "intangibleAssets": 904000, "otherAssets": 1770848000, "totalAssets": 5436406000, "accountsPayable": 2142000, "shortLongTermDebt": 62511000, "otherCurrentLiab": 98013000, "longTermDebt": 260554000, "otherLiab": 92079000, "minorityInterest": 1409000, "totalCurrentLiabilities": 593232000, "totalLiab": 945865000, "commonStock": 181629000, "retainedEarnings": 2581933000, "treasuryStock": 5955000, "capitalSurplus": 1719615000, "otherStockholderEquity": 5955000, "totalStockholderEquity": 4489132000, "netTangibleAssets": 4488228000}, {"maxAge": 1, "endDate": "2019-03-31", "cash": 75710000, "shortTermInvestments": 102632000, "netReceivables": 2149800000, "inventory": 22534000, "otherCurrentAssets": 110860000, "totalCurrentAssets": 2362823000, "longTermInvestments": 66716000, "propertyPlantEquipment": 1159997000, "intangibleAssets": 28000, "otherAssets": 1700558000, "totalAssets": 5290122000, "accountsPayable": 3775000, "shortLongTermDebt": 50587000, "otherCurrentLiab": 157182000, "longTermDebt": 255551000, "otherLiab": 66041000, "minorityInterest": 1176000, "totalCurrentLiabilities": 685903000, "totalLiab": 1007495000, "commonStock": 181629000, "retainedEarnings": 2375763000, "treasuryStock": 4444000, "capitalSurplus": 1719615000, "otherStockholderEquity": 4444000, "totalStockholderEquity": 4281451000, "netTangibleAssets": 4281423000}, {"maxAge": 1, "endDate": "2018-03-31", "cash": 104026000, "netReceivables": 1758828000, "inventory": 34526000, "otherCurrentAssets": 1806000, "totalCurrentAssets": 2377555000, "longTermInvestments": 28356000, "propertyPlantEquipment": 1157828000, "intangibleAssets": 293000, "otherAssets": 1628777000, "deferredLongTermAssetCharges": 16551000, "totalAssets": 5192809000, "accountsPayable": 3403000, "shortLongTermDebt": 52999000, "otherCurrentLiab": 142645000, "longTermDebt": 296191000, "otherLiab": 79185000, "minorityInterest": 1288000, "totalCurrentLiabilities": 776890000, "totalLiab": 1152266000, "commonStock": 181629000, "retainedEarnings": 2134366000, "treasuryStock": 3645000, "capitalSurplus": 1719615000, "otherStockholderEquity": 3645000, "totalStockholderEquity": 4039255000, "netTangibleAssets": 4038962000}, {"maxAge": 1, "endDate": "2017-03-31", "cash": 83202000, "netReceivables": 1688694000, "inventory": 18640000, "otherCurrentAssets": 215751000, "totalCurrentAssets": 3088435000, "longTermInvestments": 170386000, "propertyPlantEquipment": 1143239000, "intangibleAssets": 376000, "otherAssets": 950798000, "totalAssets": 5353234000, "accountsPayable": 3042000, "shortLongTermDebt": 16219000, "otherCurrentLiab": 152555000, "longTermDebt": 99881000, "otherLiab": 63563000, "minorityInterest": 1100000, "totalCurrentLiabilities": 1377074000, "totalLiab": 1540518000, "commonStock": 181329000, "retainedEarnings": 1912466000, "treasuryStock": 2389000, "capitalSurplus": 1715432000, "otherStockholderEquity": 2389000, "totalStockholderEquity": 3811616000, "netTangibleAssets": 3811240000}], "maxAge": 86400}, "financialData": {"maxAge": 86400, "currentPrice": 119.5, "recommendationKey": "none", "grossProfits": 569408000, "financialCurrency": "INR"}}}