{"CARERATING.BO": {"recommendationTrend": {"trend": [{"period": "0m", "strongBuy": 0, "buy": 0, "hold": 0, "sell": 0, "strongSell": 0}, {"period": "-1m", "strongBuy": 0, "buy": 0, "hold": 0, "sell": 0, "strongSell": 0}, {"period": "-2m", "strongBuy": 0, "buy": 0, "hold": 0, "sell": 0, "strongSell": 0}, {"period": "-3m", "strongBuy": 0, "buy": 0, "hold": 0, "sell": 0, "strongSell": 0}], "maxAge": 86400}, "cashflowStatementHistory": {"cashflowStatements": [{"maxAge": 1, "endDate": "2020-03-31", "netIncome": 823701000, "depreciation": 69501000, "changeToNetincome": -264576000, "changeToAccountReceivables": -39472000, "changeToLiabilities": 0, "changeToOperatingActivities": -895368000, "totalCashFromOperatingActivities": -298036000, "capitalExpenditures": -45791000, "investments": 1155063000, "otherCashflowsFromInvestingActivities": 127851000, "totalCashflowsFromInvestingActivities": 1239343000, "dividendsPaid": -1033350000, "netBorrowings": -26953000, "otherCashflowsFromFinancingActivities": -9274000, "totalCashFromFinancingActivities": -1069577000, "changeInCash": -128270000}, {"maxAge": 1, "endDate": "2019-03-31", "netIncome": 1374723000, "depreciation": 27676000, "changeToNetincome": -178213000, "changeToAccountReceivables": -80190000, "changeToLiabilities": 0, "changeToOperatingActivities": -65040000, "totalCashFromOperatingActivities": 1085624000, "capitalExpenditures": -262203000, "investments": 943795000, "otherCashflowsFromInvestingActivities": 144310000, "totalCashflowsFromInvestingActivities": 826183000, "dividendsPaid": -1953449000, "netBorrowings": -26953000, "otherCashflowsFromFinancingActivities": -59000, "totalCashFromFinancingActivities": -1953508000, "changeInCash": -41701000}, {"maxAge": 1, "endDate": "2018-03-31", "netIncome": 1624107239, "depreciation": 28550993, "changeToNetincome": -111032656, "changeToAccountReceivables": -139855229, "changeToLiabilities": 0, "changeToOperatingActivities": -68158609, "totalCashFromOperatingActivities": 1337540562, "capitalExpenditures": -23931283, "investments": -392136216, "otherCashflowsFromInvestingActivities": 169821562, "totalCashflowsFromInvestingActivities": -245807495, "dividendsPaid": -824813862, "netBorrowings": -26953000, "otherCashflowsFromFinancingActivities": -167912696, "totalCashFromFinancingActivities": -986548537, "changeInCash": 105184530, "issuanceOfStock": 6178021}, {"maxAge": 1, "endDate": "2017-03-31", "netIncome": 1476423903, "depreciation": 31944172, "changeToNetincome": -321196219, "changeToAccountReceivables": -29151434, "changeToLiabilities": 0, "changeToOperatingActivities": 28753488, "totalCashFromOperatingActivities": 1189962200, "capitalExpenditures": -10191213, "investments": -538033545, "otherCashflowsFromInvestingActivities": 327153109, "totalCashflowsFromInvestingActivities": -219943292, "dividendsPaid": -824394994, "netBorrowings": -26953000, "otherCashflowsFromFinancingActivities": -167827426, "totalCashFromFinancingActivities": -958088204, "effectOfExchangeRate": -50857, "changeInCash": 11879847, "issuanceOfStock": 34134216}], "maxAge": 86400}, "institutionOwnership": {"maxAge": 1, "ownershipList": []}, "balanceSheetHistoryQuarterly": {"balanceSheetStatements": [{"maxAge": 1, "endDate": "2020-03-31", "cash": 69947000, "netReceivables": 540377000, "otherCurrentAssets": 1207904000, "totalCurrentAssets": 2962612000, "longTermInvestments": 2261032000, "propertyPlantEquipment": 843157000, "goodWill": 79503000, "intangibleAssets": 13612000, "otherAssets": 30325000, "deferredLongTermAssetCharges": 9812000, "totalAssets": 6190241000, "otherCurrentLiab": 377622000, "otherLiab": 143858000, "minorityInterest": 32463000, "totalCurrentLiabilities": 598201000, "totalLiab": 825139000, "commonStock": 294612000, "retainedEarnings": 4140658000, "treasuryStock": 245606000, "capitalSurplus": 651763000, "otherStockholderEquity": 245606000, "totalStockholderEquity": 5332639000, "netTangibleAssets": 5239524000}, {"maxAge": 1, "endDate": "2019-12-31", "totalStockholderEquity": 5926376000, "netTangibleAssets": 5720572000}, {"maxAge": 1, "endDate": "2019-09-30", "cash": 555332000, "shortTermInvestments": 1975962000, "netReceivables": 886837000, "otherCurrentAssets": 46644000, "totalCurrentAssets": 3464775000, "longTermInvestments": 2280275000, "propertyPlantEquipment": 732824000, "goodWill": 79503000, "intangibleAssets": 126301000, "otherAssets": 44591000, "deferredLongTermAssetCharges": 7768000, "totalAssets": 6728269000, "otherCurrentLiab": 506658000, "otherLiab": 207558000, "minorityInterest": 28863000, "totalCurrentLiabilities": 565472000, "totalLiab": 773030000, "commonStock": 294612000, "treasuryStock": 5631764000, "otherStockholderEquity": 5631764000, "totalStockholderEquity": 5926376000, "netTangibleAssets": 5720572000}, {"maxAge": 1, "endDate": "2019-06-30", "totalStockholderEquity": 5499742000, "netTangibleAssets": 5405525000}], "maxAge": 86400}, "earningsHistory": {"history": [{"maxAge": 1, "epsActual": {}, "epsEstimate": {}, "epsDifference": {}, "surprisePercent": {}, "quarter": {}, "period": "-4q"}, {"maxAge": 1, "epsActual": {}, "epsEstimate": {}, "epsDifference": {}, "surprisePercent": {}, "quarter": {}, "period": "-3q"}, {"maxAge": 1, "epsActual": {}, "epsEstimate": {}, "epsDifference": {}, "surprisePercent": {}, "quarter": {}, "period": "-2q"}, {"maxAge": 1, "epsActual": {}, "epsEstimate": {}, "epsDifference": {}, "surprisePercent": {}, "quarter": {}, "period": "-1q"}], "maxAge": 86400}, "indexTrend": {"maxAge": 1, "symbol": "SP5", "peRatio": 19.7411, "pegRatio": 1.34172, "estimates": [{"period": "0q", "growth": 0.549}, {"period": "+1q", "growth": 0.431}, {"period": "0y", "growth": 0.305}, {"period": "+1y", "growth": 0.109}, {"period": "+5y", "growth": 0.120865}, {"period": "-5y"}]}, "industryTrend": {"maxAge": 1, "symbol": null, "estimates": []}, "insiderTransactions": {"transactions": [{"maxAge": 1, "shares": 588571, "filerUrl": "", "transactionText": "", "filerName": "L&T Mutual Fund Trustee Ltd", "filerRelation": "Institution- Corporation", "moneyText": "", "startDate": "2020-10-15", "ownership": "D"}], "maxAge": 1}, "quoteType": {"exchange": "BSE", "quoteType": "EQUITY", "symbol": "CARERATING.BO", "underlyingSymbol": "CARERATING.BO", "shortName": "CARE Ratings Limited", "longName": "CARE Ratings Limited", "firstTradeDateEpochUtc": "2012-12-26 09:15:00", "timeZoneFullName": "Asia/Kolkata", "timeZoneShortName": "IST", "uuid": "886da6a2-751f-32b6-b665-df98c51c29de", "messageBoardId": null, "gmtOffSetMilliseconds": 19800000, "maxAge": 1}, "incomeStatementHistory": {"incomeStatementHistory": [{"maxAge": 1, "endDate": "2020-03-31", "totalRevenue": 2436403000, "costOfRevenue": 1124350000, "grossProfit": 1312053000, "researchDevelopment": {}, "sellingGeneralAdministrative": 60914000, "nonRecurring": {}, "otherOperatingExpenses": 411734000, "totalOperatingExpenses": 1700878000, "operatingIncome": 735525000, "totalOtherIncomeExpenseNet": 305401000, "ebit": 735525000, "interestExpense": -9275000, "incomeBeforeTax": 1040926000, "incomeTaxExpense": 206130000, "minorityInterest": 32463000, "netIncomeFromContinuingOps": 834796000, "discontinuedOperations": {}, "extraordinaryItems": {}, "effectOfAccountingCharges": {}, "otherItems": {}, "netIncome": 823701000, "netIncomeApplicableToCommonShares": 823701000}, {"maxAge": 1, "endDate": "2019-03-31", "totalRevenue": 3189691000, "costOfRevenue": 1054677000, "grossProfit": 2135014000, "researchDevelopment": {}, "sellingGeneralAdministrative": 114076000, "nonRecurring": {}, "otherOperatingExpenses": 267856000, "totalOperatingExpenses": 1476334000, "operatingIncome": 1713357000, "totalOtherIncomeExpenseNet": 303921000, "ebit": 1713357000, "interestExpense": -9275000, "incomeBeforeTax": 2017278000, "incomeTaxExpense": 636600000, "minorityInterest": 23755000, "netIncomeFromContinuingOps": 1380678000, "discontinuedOperations": {}, "extraordinaryItems": {}, "effectOfAccountingCharges": {}, "otherItems": {}, "netIncome": 1374723000, "netIncomeApplicableToCommonShares": 1374723000}, {"maxAge": 1, "endDate": "2018-03-31", "totalRevenue": 3326840596, "costOfRevenue": 911629378, "grossProfit": 2415211218, "researchDevelopment": {}, "sellingGeneralAdministrative": 99547286, "nonRecurring": {}, "otherOperatingExpenses": 207036107, "totalOperatingExpenses": 1249703418, "operatingIncome": 2077137178, "totalOtherIncomeExpenseNet": 253655866, "ebit": 2077137178, "interestExpense": -9275000, "incomeBeforeTax": 2330793044, "incomeTaxExpense": 707399562, "minorityInterest": 21157318, "netIncomeFromContinuingOps": 1623393482, "discontinuedOperations": {}, "extraordinaryItems": {}, "effectOfAccountingCharges": {}, "otherItems": {}, "netIncome": 1624107239, "netIncomeApplicableToCommonShares": 1624107239}, {"maxAge": 1, "endDate": "2017-03-31", "totalRevenue": 2874319315, "costOfRevenue": 753804478, "grossProfit": 2120514837, "researchDevelopment": {}, "sellingGeneralAdministrative": 72527866, "nonRecurring": {}, "otherOperatingExpenses": 201712776, "totalOperatingExpenses": 1084768487, "operatingIncome": 1789550828, "totalOtherIncomeExpenseNet": 335311589, "ebit": 1789550828, "interestExpense": -9275000, "incomeBeforeTax": 2124862417, "incomeTaxExpense": 648697277, "minorityInterest": 4886413, "netIncomeFromContinuingOps": 1476165140, "discontinuedOperations": {}, "extraordinaryItems": {}, "effectOfAccountingCharges": {}, "otherItems": {}, "netIncome": 1476423903, "netIncomeApplicableToCommonShares": 1476423903}], "maxAge": 86400}, "fundOwnership": {"maxAge": 1, "ownershipList": [{"maxAge": 1, "reportDate": "2020-06-30", "organization": "FPA International Value Fd", "pctHeld": 0.033099998, "position": 974102, "value": 408343558}, {"maxAge": 1, "reportDate": "2020-07-31", "organization": "Vanguard International Stock Index-Total Intl Stock Indx", "pctHeld": 0.0117999995, "position": 348853, "value": 147896229}, {"maxAge": 1, "reportDate": "2020-07-31", "organization": "Vanguard International Stock Index-Emerging Markets Stk", "pctHeld": 0.0101, "position": 297789, "value": 126247646}, {"maxAge": 1, "reportDate": "2020-08-31", "organization": "WisdomTree Tr-WisdomTree Emerging Markets Small Cap Dividend Fund", "pctHeld": 0.0041, "position": 121110, "value": 48098836}, {"maxAge": 1, "reportDate": "2020-07-31", "organization": "DFA Emerging Markets Core Equity Portfolio", "pctHeld": 0.0032, "position": 95253, "value": 40382509}, {"maxAge": 1, "reportDate": "2020-07-31", "organization": "Vanguard Intl Equity Index Fds-FTSE All World ex U.S.Small Cap Index", "pctHeld": 0.0021, "position": 61272, "value": 25976264}, {"maxAge": 1, "reportDate": "2020-07-31", "organization": "DFA Emerging Markets Small Cap Series", "pctHeld": 0.002, "position": 58021, "value": 24598002}, {"maxAge": 1, "reportDate": "2020-08-31", "organization": "WisdomTree Tr-WisdomTree India Earnings Fd", "pctHeld": 0.0013, "position": 37118, "value": 14741413}, {"maxAge": 1, "reportDate": "2020-08-31", "organization": "SPDR (R) Idx Shares-SPDR (R) Emerging Markets Small Cap ETF", "pctHeld": 0.0007, "position": 21297, "value": 8458103}, {"maxAge": 1, "reportDate": "2020-08-31", "organization": "SPDR Portfolio Emerging Markets ETF", "pctHeld": 0.0007, "position": 19158, "value": 7608599}]}, "summaryDetail": {"maxAge": 1, "priceHint": 2, "previousClose": 492.55, "open": 509.0, "dayLow": 490.8, "dayHigh": 509.0, "regularMarketPreviousClose": 492.55, "regularMarketOpen": 509.0, "regularMarketDayLow": 490.8, "regularMarketDayHigh": 509.0, "trailingPE": 17.865446, "forwardPE": 9.176925, "volume": 18623, "regularMarketVolume": 18623, "averageVolume": 35076, "averageVolume10days": 9082, "averageDailyVolume10Day": 9082, "bid": 495.5, "ask": 504.0, "bidSize": 0, "askSize": 0, "marketCap": 14711224320, "fiftyTwoWeekLow": 236.45, "fiftyTwoWeekHigh": 588.0, "fiftyDayAverage": 502.16714, "twoHundredDayAverage": 438.2865, "trailingAnnualDividendRate": 19.5, "trailingAnnualDividendYield": 0.03958989, "currency": "INR", "fromCurrency": null, "toCurrency": null, "lastMarket": null, "algorithm": null, "tradeable": false}, "sectorTrend": {"maxAge": 1, "symbol": null, "estimates": []}, "incomeStatementHistoryQuarterly": {"incomeStatementHistory": [{"maxAge": 1, "endDate": "2020-03-31", "totalRevenue": 659741000, "costOfRevenue": 308463000, "grossProfit": 351278000, "researchDevelopment": {}, "sellingGeneralAdministrative": 60914000, "nonRecurring": {}, "otherOperatingExpenses": 112568000, "totalOperatingExpenses": 528261000, "operatingIncome": 131480000, "totalOtherIncomeExpenseNet": 72167000, "ebit": 131480000, "interestExpense": -2173000, "incomeBeforeTax": 203647000, "incomeTaxExpense": 46822000, "minorityInterest": 32463000, "netIncomeFromContinuingOps": 156825000, "discontinuedOperations": {}, "extraordinaryItems": {}, "effectOfAccountingCharges": {}, "otherItems": {}, "netIncome": 152843000, "netIncomeApplicableToCommonShares": 152843000}, {"maxAge": 1, "endDate": "2019-12-31", "totalRevenue": 561146000, "costOfRevenue": 264304000, "grossProfit": 296842000, "researchDevelopment": {}, "sellingGeneralAdministrative": 264304000, "nonRecurring": {}, "otherOperatingExpenses": 120958000, "totalOperatingExpenses": 405411000, "operatingIncome": 155735000, "totalOtherIncomeExpenseNet": 68894000, "ebit": 155735000, "interestExpense": -2464000, "incomeBeforeTax": 224629000, "incomeTaxExpense": 48831000, "minorityInterest": 32463000, "netIncomeFromContinuingOps": 175798000, "discontinuedOperations": {}, "extraordinaryItems": {}, "effectOfAccountingCharges": {}, "otherItems": {}, "netIncome": 174169000, "netIncomeApplicableToCommonShares": 174169000}, {"maxAge": 1, "endDate": "2019-09-30", "totalRevenue": 716288000, "costOfRevenue": 264082000, "grossProfit": 452206000, "researchDevelopment": {}, "sellingGeneralAdministrative": 264304000, "nonRecurring": {}, "otherOperatingExpenses": 87603000, "totalOperatingExpenses": 370651000, "operatingIncome": 345637000, "totalOtherIncomeExpenseNet": 88603000, "ebit": 345637000, "interestExpense": -2262000, "incomeBeforeTax": 434240000, "incomeTaxExpense": 66968000, "minorityInterest": 28863000, "netIncomeFromContinuingOps": 367272000, "discontinuedOperations": {}, "extraordinaryItems": {}, "effectOfAccountingCharges": {}, "otherItems": {}, "netIncome": 364928000, "netIncomeApplicableToCommonShares": 364928000}, {"maxAge": 1, "endDate": "2019-06-30", "totalRevenue": 499227000, "costOfRevenue": 287501000, "grossProfit": 211726000, "researchDevelopment": {}, "sellingGeneralAdministrative": 264304000, "nonRecurring": {}, "otherOperatingExpenses": 90606000, "totalOperatingExpenses": 396556000, "operatingIncome": 102671000, "totalOtherIncomeExpenseNet": 75738000, "ebit": 102671000, "interestExpense": -2376000, "incomeBeforeTax": 178409000, "incomeTaxExpense": 43508000, "minorityInterest": 28863000, "netIncomeFromContinuingOps": 134901000, "discontinuedOperations": {}, "extraordinaryItems": {}, "effectOfAccountingCharges": {}, "otherItems": {}, "netIncome": 131761000, "netIncomeApplicableToCommonShares": 131761000}], "maxAge": 86400}, "cashflowStatementHistoryQuarterly": {"cashflowStatements": [{"maxAge": 1, "endDate": "2020-03-31", "netIncome": 152843000, "changeToLiabilities": 0}, {"maxAge": 1, "endDate": "2019-12-31", "netIncome": 174169000, "changeToLiabilities": 0}, {"maxAge": 1, "endDate": "2019-09-30", "netIncome": 364928000, "changeToLiabilities": 0}, {"maxAge": 1, "endDate": "2019-06-30", "netIncome": 131761000, "changeToLiabilities": 0}], "maxAge": 86400}, "insiderHolders": {"holders": [{"maxAge": 1, "name": "L&T Mutual Fund Trustee Ltd", "relation": "Institution- Corporation", "url": "", "transactionDescription": "Sale", "latestTransDate": "2020-10-15", "positionDirect": 936219, "positionDirectDate": "2020-10-15"}], "maxAge": 1}, "earnings": {"maxAge": 86400, "earningsChart": {"quarterly": [], "earningsDate": []}, "financialsChart": {"yearly": [{"date": 2017, "revenue": 2874319315, "earnings": 1476423903}, {"date": 2018, "revenue": 3326840596, "earnings": 1624107239}, {"date": 2019, "revenue": 3189691000, "earnings": 1374723000}, {"date": 2020, "revenue": 2436403000, "earnings": 823701000}], "quarterly": [{"date": "2Q2019", "revenue": 499227000, "earnings": 131761000}, {"date": "3Q2019", "revenue": 716288000, "earnings": 364928000}, {"date": "4Q2019", "revenue": 561146000, "earnings": 174169000}, {"date": "1Q2020", "revenue": 659741000, "earnings": 152843000}]}, "financialCurrency": "INR"}, "calendarEvents": {"maxAge": 1, "earnings": {"earningsDate": []}}, "price": {"maxAge": 1, "regularMarketChangePercent": 0.014110268, "regularMarketChange": 6.950012, "regularMarketTime": "2021-04-30 15:48:09", "priceHint": 2, "regularMarketPrice": 499.5, "regularMarketDayHigh": 509.0, "regularMarketDayLow": 490.8, "regularMarketVolume": 18623, "averageDailyVolume10Day": 9082, "averageDailyVolume3Month": 35076, "regularMarketPreviousClose": 492.55, "regularMarketSource": "FREE_REALTIME", "regularMarketOpen": 509.0, "exchange": "BSE", "exchangeName": "BSE", "exchangeDataDelayedBy": 0, "marketState": "CLOSED", "quoteType": "EQUITY", "symbol": "CARERATING.BO", "underlyingSymbol": null, "shortName": "CARE Ratings Limited", "longName": "CARE Ratings Limited", "currency": "INR", "quoteSourceName": "Delayed Quote", "currencySymbol": "\u20b9", "fromCurrency": null, "toCurrency": null, "lastMarket": null, "marketCap": 14711224320}, "balanceSheetHistory": {"balanceSheetStatements": [{"maxAge": 1, "endDate": "2020-03-31", "cash": 69947000, "netReceivables": 540377000, "otherCurrentAssets": 1207904000, "totalCurrentAssets": 2962612000, "longTermInvestments": 2261032000, "propertyPlantEquipment": 843157000, "goodWill": 79503000, "intangibleAssets": 13612000, "otherAssets": 30325000, "deferredLongTermAssetCharges": 9812000, "totalAssets": 6190241000, "otherCurrentLiab": 377622000, "otherLiab": 143858000, "minorityInterest": 32463000, "totalCurrentLiabilities": 598201000, "totalLiab": 825139000, "commonStock": 294612000, "retainedEarnings": 4140658000, "treasuryStock": 245606000, "capitalSurplus": 651763000, "otherStockholderEquity": 245606000, "totalStockholderEquity": 5332639000, "netTangibleAssets": 5239524000}, {"maxAge": 1, "endDate": "2019-03-31", "cash": 198216000, "shortTermInvestments": 1910303000, "netReceivables": 561755000, "otherCurrentAssets": 125408000, "totalCurrentAssets": 2793707000, "longTermInvestments": 2494720000, "propertyPlantEquipment": 736747000, "goodWill": 79503000, "intangibleAssets": 14714000, "otherAssets": 31922000, "deferredLongTermAssetCharges": 7053000, "totalAssets": 6151313000, "otherCurrentLiab": 336065000, "otherLiab": 138323000, "minorityInterest": 23755000, "totalCurrentLiabilities": 489493000, "totalLiab": 627816000, "commonStock": 294612000, "retainedEarnings": 4329226000, "treasuryStock": 224141000, "capitalSurplus": 651763000, "otherStockholderEquity": 224141000, "totalStockholderEquity": 5499742000, "netTangibleAssets": 5405525000}, {"maxAge": 1, "endDate": "2018-03-31", "cash": 291681680, "shortTermInvestments": 265176, "netReceivables": 461849016, "otherCurrentAssets": 17371352, "totalCurrentAssets": 3409200960, "longTermInvestments": 2554845364, "propertyPlantEquipment": 510938000, "goodWill": 79503151, "intangibleAssets": 11624058, "otherAssets": 20036157, "deferredLongTermAssetCharges": 9321074, "totalAssets": 6586147690, "otherCurrentLiab": 235177864, "otherLiab": 100512193, "minorityInterest": 21157318, "totalCurrentLiabilities": 496143146, "totalLiab": 596655339, "commonStock": 294612140, "retainedEarnings": 4913860301, "treasuryStock": 108099630, "capitalSurplus": 651762962, "otherStockholderEquity": 108099630, "totalStockholderEquity": 5968335033, "netTangibleAssets": 5877207824}, {"maxAge": 1, "endDate": "2017-03-31", "cash": 134732080, "shortTermInvestments": 30267800, "netReceivables": 291368183, "otherCurrentAssets": 116658501, "totalCurrentAssets": 4403594759, "longTermInvestments": 809258434, "propertyPlantEquipment": 527198716, "goodWill": 79503151, "intangibleAssets": 3492800, "otherAssets": 27095741, "deferredLongTermAssetCharges": 8524132, "totalAssets": 5850143601, "otherCurrentLiab": 337985567, "otherLiab": 154350467, "minorityInterest": 4886413, "totalCurrentLiabilities": 490590570, "totalLiab": 644941037, "commonStock": 294512010, "retainedEarnings": 4258429578, "treasuryStock": 3977677, "capitalSurplus": 643396886, "otherStockholderEquity": 3977677, "totalStockholderEquity": 5200316151, "netTangibleAssets": 5117320200}], "maxAge": 86400}, "earningsTrend": {"trend": [{"maxAge": 1, "period": "0q", "endDate": null, "growth": {}, "earningsEstimate": {"avg": 0.0, "low": 0.0, "high": 0.0, "yearAgoEps": {}, "numberOfAnalysts": 0, "growth": {}}, "revenueEstimate": {"avg": 0, "low": 0, "high": 0, "numberOfAnalysts": 0, "yearAgoRevenue": {}, "growth": {}}, "epsTrend": {"current": 0.0, "7daysAgo": 0.0, "30daysAgo": 0.0, "60daysAgo": 0.0, "90daysAgo": 0.0}, "epsRevisions": {"upLast7days": 0, "upLast30days": 0, "downLast30days": 0, "downLast90days": {}}}, {"maxAge": 1, "period": "+1q", "endDate": null, "growth": {}, "earningsEstimate": {"avg": 0.0, "low": 0.0, "high": 0.0, "yearAgoEps": {}, "numberOfAnalysts": 0, "growth": {}}, "revenueEstimate": {"avg": 0, "low": 0, "high": 0, "numberOfAnalysts": 0, "yearAgoRevenue": {}, "growth": {}}, "epsTrend": {"current": 0.0, "7daysAgo": 0.0, "30daysAgo": 0.0, "60daysAgo": 0.0, "90daysAgo": 0.0}, "epsRevisions": {"upLast7days": 0, "upLast30days": 0, "downLast30days": 0, "downLast90days": {}}}, {"maxAge": 1, "period": "0y", "endDate": null, "growth": {}, "earningsEstimate": {"avg": 0.0, "low": 0.0, "high": 0.0, "yearAgoEps": {}, "numberOfAnalysts": 0, "growth": {}}, "revenueEstimate": {"avg": 0, "low": 0, "high": 0, "numberOfAnalysts": 0, "yearAgoRevenue": {}, "growth": {}}, "epsTrend": {"current": 0.0, "7daysAgo": 0.0, "30daysAgo": 0.0, "60daysAgo": 0.0, "90daysAgo": 0.0}, "epsRevisions": {"upLast7days": 0, "upLast30days": 0, "downLast30days": 0, "downLast90days": {}}}, {"maxAge": 1, "period": "+1y", "endDate": null, "growth": {}, "earningsEstimate": {"avg": 0.0, "low": 0.0, "high": 0.0, "yearAgoEps": {}, "numberOfAnalysts": 0, "growth": {}}, "revenueEstimate": {"avg": 0, "low": 0, "high": 0, "numberOfAnalysts": 0, "yearAgoRevenue": {}, "growth": {}}, "epsTrend": {"current": 0.0, "7daysAgo": 0.0, "30daysAgo": 0.0, "60daysAgo": 0.0, "90daysAgo": 0.0}, "epsRevisions": {"upLast7days": 0, "upLast30days": 0, "downLast30days": 0, "downLast90days": {}}}, {"maxAge": 1, "period": "+5y", "endDate": null, "growth": 0.573, "earningsEstimate": {"avg": {}, "low": {}, "high": {}, "yearAgoEps": {}, "numberOfAnalysts": {}, "growth": {}}, "revenueEstimate": {"avg": {}, "low": {}, "high": {}, "numberOfAnalysts": {}, "yearAgoRevenue": {}, "growth": {}}, "epsTrend": {"current": {}, "7daysAgo": {}, "30daysAgo": {}, "60daysAgo": {}, "90daysAgo": {}}, "epsRevisions": {"upLast7days": {}, "upLast30days": {}, "downLast30days": {}, "downLast90days": {}}}, {"maxAge": 1, "period": "-5y", "endDate": null, "growth": 0.03707, "earningsEstimate": {"avg": {}, "low": {}, "high": {}, "yearAgoEps": {}, "numberOfAnalysts": {}, "growth": {}}, "revenueEstimate": {"avg": {}, "low": {}, "high": {}, "numberOfAnalysts": {}, "yearAgoRevenue": {}, "growth": {}}, "epsTrend": {"current": {}, "7daysAgo": {}, "30daysAgo": {}, "60daysAgo": {}, "90daysAgo": {}}, "epsRevisions": {"upLast7days": {}, "upLast30days": {}, "downLast30days": {}, "downLast90days": {}}}], "maxAge": 1}, "financialData": {"maxAge": 86400, "currentPrice": 499.5, "targetHighPrice": 1750.0, "targetLowPrice": 1400.0, "targetMeanPrice": 1623.5, "targetMedianPrice": 1635.0, "recommendationMean": 1.9, "recommendationKey": "buy", "numberOfAnalystOpinions": 8, "grossProfits": 1312053000, "financialCurrency": "INR"}}}