{"CARNATIN.BO": {"cashflowStatementHistory": {"cashflowStatements": [{"maxAge": 1, "endDate": "2020-03-31", "netIncome": 3418000, "depreciation": 5776000, "changeToNetincome": -153676000, "changeToAccountReceivables": 182820000, "changeToLiabilities": -21638000, "changeToInventory": 3866000, "changeToOperatingActivities": 25390000, "totalCashFromOperatingActivities": 46019000, "capitalExpenditures": -301000, "otherCashflowsFromInvestingActivities": 2089000, "totalCashflowsFromInvestingActivities": 236399000, "dividendsPaid": -80000, "netBorrowings": -260720000, "otherCashflowsFromFinancingActivities": -21290000, "totalCashFromFinancingActivities": -282090000, "changeInCash": 328000}, {"maxAge": 1, "endDate": "2019-03-31", "netIncome": -46848000, "depreciation": 9961000, "changeToNetincome": 10673000, "changeToAccountReceivables": 56268000, "changeToLiabilities": -28826000, "changeToInventory": 29103000, "changeToOperatingActivities": 18704000, "totalCashFromOperatingActivities": 49145000, "capitalExpenditures": -18000, "otherCashflowsFromInvestingActivities": 3345000, "totalCashflowsFromInvestingActivities": 8334000, "dividendsPaid": -27000, "netBorrowings": -47391000, "otherCashflowsFromFinancingActivities": -10348000, "totalCashFromFinancingActivities": -57766000, "changeInCash": -287000}, {"maxAge": 1, "endDate": "2018-03-31", "netIncome": -65345000, "depreciation": 12121000, "changeToNetincome": 39077000, "changeToAccountReceivables": 104853000, "changeToLiabilities": -97543000, "changeToInventory": 42138000, "changeToOperatingActivities": 18233000, "totalCashFromOperatingActivities": 53534000, "capitalExpenditures": -6892000, "investments": 8951000, "otherCashflowsFromInvestingActivities": 944000, "totalCashflowsFromInvestingActivities": 3003000, "dividendsPaid": -1697000, "netBorrowings": -15033000, "otherCashflowsFromFinancingActivities": -38632000, "totalCashFromFinancingActivities": -55362000, "changeInCash": 1175000}, {"maxAge": 1, "endDate": "2017-03-31", "netIncome": 2708000, "depreciation": 11898000, "changeToNetincome": 42543000, "changeToAccountReceivables": 12743000, "changeToLiabilities": 20729000, "changeToInventory": -4323000, "changeToOperatingActivities": -975000, "totalCashFromOperatingActivities": 85380000, "capitalExpenditures": -9612000, "investments": -1262000, "otherCashflowsFromInvestingActivities": 1275000, "totalCashflowsFromInvestingActivities": -9541000, "dividendsPaid": -2855000, "netBorrowings": -25756000, "otherCashflowsFromFinancingActivities": -54028000, "totalCashFromFinancingActivities": -82639000, "changeInCash": -6800000}], "maxAge": 86400}, "institutionOwnership": {"maxAge": 1, "ownershipList": []}, "balanceSheetHistoryQuarterly": {"balanceSheetStatements": [{"maxAge": 1, "endDate": "2020-06-30", "totalStockholderEquity": 73905000, "netTangibleAssets": 73901000}, {"maxAge": 1, "endDate": "2020-03-31", "cash": 739000, "netReceivables": 235183000, "inventory": 7687000, "otherCurrentAssets": 6767000, "totalCurrentAssets": 250380000, "longTermInvestments": 113000, "propertyPlantEquipment": 30386000, "intangibleAssets": 4000, "otherAssets": 2774000, "totalAssets": 283657000, "accountsPayable": 161064000, "shortLongTermDebt": 1028000, "otherCurrentLiab": 22556000, "longTermDebt": 13190000, "otherLiab": 8705000, "totalCurrentLiabilities": 187857000, "totalLiab": 209752000, "commonStock": 34572000, "retainedEarnings": 1130000, "treasuryStock": 7573000, "capitalSurplus": 30630000, "otherStockholderEquity": 7573000, "totalStockholderEquity": 73905000, "netTangibleAssets": 73901000}, {"maxAge": 1, "endDate": "2019-12-31", "totalStockholderEquity": -56189000, "netTangibleAssets": -56295000}, {"maxAge": 1, "endDate": "2019-09-30", "cash": 1337000, "netReceivables": 178833000, "inventory": 8582000, "otherCurrentAssets": 128543000, "totalCurrentAssets": 317295000, "longTermInvestments": 217000, "propertyPlantEquipment": 101802000, "intangibleAssets": 106000, "otherAssets": 2822000, "totalAssets": 422242000, "accountsPayable": 182464000, "otherCurrentLiab": 14921000, "longTermDebt": 13538000, "otherLiab": 12346000, "totalCurrentLiabilities": 452547000, "totalLiab": 478431000, "commonStock": 34572000, "treasuryStock": -90761000, "otherStockholderEquity": -90761000, "totalStockholderEquity": -56189000, "netTangibleAssets": -56295000}], "maxAge": 86400}, "indexTrend": {"maxAge": 1, "symbol": "SP5", "peRatio": 19.7411, "pegRatio": 1.34172, "estimates": [{"period": "0q", "growth": 0.549}, {"period": "+1q", "growth": 0.431}, {"period": "0y", "growth": 0.305}, {"period": "+1y", "growth": 0.109}, {"period": "+5y", "growth": 0.120859005}, {"period": "-5y"}]}, "insiderTransactions": {"transactions": [{"maxAge": 1, "shares": 394, "filerUrl": "", "transactionText": "", "filerName": "Verma (Geeta)", "filerRelation": "Promoter", "moneyText": "", "startDate": "2014-07-11", "ownership": "D"}], "maxAge": 1}, "quoteType": {"exchange": "BSE", "quoteType": "EQUITY", "symbol": "CARNATIN.BO", "underlyingSymbol": "CARNATIN.BO", "shortName": "CARNATION INDUSTRIES LTD.", "longName": "Carnation Industries Limited", "firstTradeDateEpochUtc": "2000-05-04 09:15:00", "timeZoneFullName": "Asia/Kolkata", "timeZoneShortName": "IST", "uuid": "c3f72a83-6ab2-3a6a-96af-267451014ee4", "messageBoardId": null, "gmtOffSetMilliseconds": 19800000, "maxAge": 1}, "incomeStatementHistory": {"incomeStatementHistory": [{"maxAge": 1, "endDate": "2020-03-31", "totalRevenue": 78235000, "costOfRevenue": 67399000, "grossProfit": 10836000, "researchDevelopment": {}, "sellingGeneralAdministrative": 19837000, "nonRecurring": {}, "otherOperatingExpenses": 144971000, "totalOperatingExpenses": 238046000, "operatingIncome": -159811000, "totalOtherIncomeExpenseNet": 158809000, "ebit": -159811000, "interestExpense": -19345000, "incomeBeforeTax": -1002000, "incomeTaxExpense": -4420000, "minorityInterest": {}, "netIncomeFromContinuingOps": 3418000, "discontinuedOperations": {}, "extraordinaryItems": {}, "effectOfAccountingCharges": {}, "otherItems": {}, "netIncome": 3418000, "netIncomeApplicableToCommonShares": 3418000}, {"maxAge": 1, "endDate": "2019-03-31", "totalRevenue": 74104000, "costOfRevenue": 73445000, "grossProfit": 659000, "researchDevelopment": {}, "sellingGeneralAdministrative": 31161000, "nonRecurring": {}, "otherOperatingExpenses": 19762000, "totalOperatingExpenses": 134439000, "operatingIncome": -60335000, "totalOtherIncomeExpenseNet": 14193000, "ebit": -60335000, "interestExpense": -9704000, "incomeBeforeTax": -46142000, "incomeTaxExpense": 706000, "minorityInterest": {}, "netIncomeFromContinuingOps": -46848000, "discontinuedOperations": {}, "extraordinaryItems": {}, "effectOfAccountingCharges": {}, "otherItems": {}, "netIncome": -46848000, "netIncomeApplicableToCommonShares": -46848000}, {"maxAge": 1, "endDate": "2018-03-31", "totalRevenue": 501063000, "costOfRevenue": 390975000, "grossProfit": 110088000, "researchDevelopment": {}, "sellingGeneralAdministrative": 100522000, "nonRecurring": {}, "otherOperatingExpenses": 56740000, "totalOperatingExpenses": 560358000, "operatingIncome": -59295000, "totalOtherIncomeExpenseNet": -6684000, "ebit": -59295000, "interestExpense": -24212000, "incomeBeforeTax": -65979000, "incomeTaxExpense": -634000, "minorityInterest": {}, "netIncomeFromContinuingOps": -65345000, "discontinuedOperations": {}, "extraordinaryItems": {}, "effectOfAccountingCharges": {}, "otherItems": {}, "netIncome": -65345000, "netIncomeApplicableToCommonShares": -65345000}, {"maxAge": 1, "endDate": "2017-03-31", "totalRevenue": 817277000, "costOfRevenue": 563499000, "grossProfit": 253778000, "researchDevelopment": {}, "sellingGeneralAdministrative": 128946000, "nonRecurring": {}, "otherOperatingExpenses": 89922000, "totalOperatingExpenses": 794322000, "operatingIncome": 22955000, "totalOtherIncomeExpenseNet": -20671000, "ebit": 22955000, "interestExpense": -31499000, "incomeBeforeTax": 2284000, "incomeTaxExpense": -424000, "minorityInterest": {}, "netIncomeFromContinuingOps": 2708000, "discontinuedOperations": {}, "extraordinaryItems": {}, "effectOfAccountingCharges": {}, "otherItems": {}, "netIncome": 2708000, "netIncomeApplicableToCommonShares": 2708000}], "maxAge": 86400}, "fundOwnership": {"maxAge": 1, "ownershipList": []}, "summaryDetail": {"maxAge": 1, "priceHint": 4, "previousClose": 3.79, "open": 3.9, "dayLow": 3.9, "dayHigh": 3.9, "regularMarketPreviousClose": 3.79, "regularMarketOpen": 3.9, "regularMarketDayLow": 3.9, "regularMarketDayHigh": 3.9, "trailingPE": 1.7082787, "volume": 8, "regularMarketVolume": 8, "averageVolume": 1297, "averageVolume10days": 2142, "averageDailyVolume10Day": 2142, "bid": 3.9, "ask": 3.99, "bidSize": 0, "askSize": 0, "marketCap": 13482924, "fiftyTwoWeekLow": 3.81, "fiftyTwoWeekHigh": 7.65, "fiftyDayAverage": 6.3605714, "twoHundredDayAverage": 5.298978, "trailingAnnualDividendRate": 0.7, "trailingAnnualDividendYield": 0.18469657, "currency": "INR", "fromCurrency": null, "toCurrency": null, "lastMarket": null, "algorithm": null, "tradeable": false}, "incomeStatementHistoryQuarterly": {"incomeStatementHistory": [{"maxAge": 1, "endDate": "2020-06-30", "totalRevenue": 4136000, "costOfRevenue": 3073000, "grossProfit": 1063000, "researchDevelopment": {}, "sellingGeneralAdministrative": 3618000, "nonRecurring": {}, "otherOperatingExpenses": 1385000, "totalOperatingExpenses": 8417000, "operatingIncome": -4281000, "totalOtherIncomeExpenseNet": 2663000, "ebit": -4281000, "interestExpense": -470000, "incomeBeforeTax": -1618000, "incomeTaxExpense": 63000, "minorityInterest": {}, "netIncomeFromContinuingOps": -1681000, "discontinuedOperations": {}, "extraordinaryItems": {}, "effectOfAccountingCharges": {}, "otherItems": {}, "netIncome": -1681000, "netIncomeApplicableToCommonShares": -1681000}, {"maxAge": 1, "endDate": "2020-03-31", "totalRevenue": 6349000, "costOfRevenue": 27995000, "grossProfit": -21646000, "researchDevelopment": {}, "sellingGeneralAdministrative": -5924000, "nonRecurring": {}, "otherOperatingExpenses": -3553000, "totalOperatingExpenses": 18810000, "operatingIncome": -12461000, "totalOtherIncomeExpenseNet": 17275000, "ebit": -12461000, "interestExpense": -470000, "incomeBeforeTax": 4814000, "incomeTaxExpense": 8202000, "minorityInterest": {}, "netIncomeFromContinuingOps": -3388000, "discontinuedOperations": {}, "extraordinaryItems": {}, "effectOfAccountingCharges": {}, "otherItems": {}, "netIncome": -3388000, "netIncomeApplicableToCommonShares": -3388000}, {"maxAge": 1, "endDate": "2019-12-31", "totalRevenue": 16701000, "costOfRevenue": 8311000, "grossProfit": 8390000, "researchDevelopment": {}, "sellingGeneralAdministrative": 7919000, "nonRecurring": {}, "otherOperatingExpenses": 4887000, "totalOperatingExpenses": 22341000, "operatingIncome": -5640000, "totalOtherIncomeExpenseNet": 132984000, "ebit": -5640000, "interestExpense": -19180000, "incomeBeforeTax": 127344000, "incomeTaxExpense": -9005000, "minorityInterest": {}, "netIncomeFromContinuingOps": 136349000, "discontinuedOperations": {}, "extraordinaryItems": {}, "effectOfAccountingCharges": {}, "otherItems": {}, "netIncome": 136349000, "netIncomeApplicableToCommonShares": 136349000}, {"maxAge": 1, "endDate": "2019-09-30", "totalRevenue": 33487000, "costOfRevenue": 19169000, "grossProfit": 14318000, "researchDevelopment": {}, "sellingGeneralAdministrative": 9736000, "nonRecurring": {}, "otherOperatingExpenses": 135399000, "totalOperatingExpenses": 166358000, "operatingIncome": -132871000, "totalOtherIncomeExpenseNet": 5757000, "ebit": -132871000, "interestExpense": -19180000, "incomeBeforeTax": -127114000, "incomeTaxExpense": -3707000, "minorityInterest": {}, "netIncomeFromContinuingOps": -123407000, "discontinuedOperations": {}, "extraordinaryItems": {}, "effectOfAccountingCharges": {}, "otherItems": {}, "netIncome": -123407000, "netIncomeApplicableToCommonShares": -123407000}], "maxAge": 86400}, "cashflowStatementHistoryQuarterly": {"cashflowStatements": [{"maxAge": 1, "endDate": "2020-06-30", "netIncome": -1681000, "changeToLiabilities": 0}, {"maxAge": 1, "endDate": "2020-03-31", "netIncome": -3388000, "changeToLiabilities": 0}, {"maxAge": 1, "endDate": "2019-12-31", "netIncome": 136349000, "changeToLiabilities": 0}, {"maxAge": 1, "endDate": "2019-09-30", "netIncome": -123407000, "changeToLiabilities": 0}], "maxAge": 86400}, "insiderHolders": {"holders": [{"maxAge": 1, "name": "Verma (Geeta)", "relation": "Promoter", "url": "", "transactionDescription": "Acquisition", "latestTransDate": "2014-07-11", "positionDirect": 58000, "positionDirectDate": "2014-07-11"}], "maxAge": 1}, "calendarEvents": {"maxAge": 1, "earnings": {"earningsDate": []}}, "price": {"maxAge": 1, "regularMarketChangePercent": 0.029023781, "regularMarketChange": 0.11000013, "regularMarketTime": "2021-04-30 14:50:00", "priceHint": 4, "regularMarketPrice": 3.9, "regularMarketDayHigh": 3.9, "regularMarketDayLow": 3.9, "regularMarketVolume": 8, "averageDailyVolume10Day": 2142, "averageDailyVolume3Month": 1297, "regularMarketPreviousClose": 3.79, "regularMarketSource": "FREE_REALTIME", "regularMarketOpen": 3.9, "exchange": "BSE", "exchangeName": "BSE", "exchangeDataDelayedBy": 0, "marketState": "CLOSED", "quoteType": "EQUITY", "symbol": "CARNATIN.BO", "underlyingSymbol": null, "shortName": "CARNATION INDUSTRIES LTD.", "longName": "Carnation Industries Limited", "currency": "INR", "quoteSourceName": "Delayed Quote", "currencySymbol": "\u20b9", "fromCurrency": null, "toCurrency": null, "lastMarket": null, "marketCap": 13482924}, "balanceSheetHistory": {"balanceSheetStatements": [{"maxAge": 1, "endDate": "2020-03-31", "cash": 739000, "netReceivables": 235183000, "inventory": 7687000, "otherCurrentAssets": 6767000, "totalCurrentAssets": 250380000, "longTermInvestments": 113000, "propertyPlantEquipment": 30386000, "intangibleAssets": 4000, "otherAssets": 2774000, "totalAssets": 283657000, "accountsPayable": 161064000, "shortLongTermDebt": 1028000, "otherCurrentLiab": 22556000, "longTermDebt": 13190000, "otherLiab": 8705000, "totalCurrentLiabilities": 187857000, "totalLiab": 209752000, "commonStock": 34572000, "retainedEarnings": 1130000, "treasuryStock": 7573000, "capitalSurplus": 30630000, "otherStockholderEquity": 7573000, "totalStockholderEquity": 73905000, "netTangibleAssets": 73901000}, {"maxAge": 1, "endDate": "2019-03-31", "cash": 411000, "netReceivables": 431106000, "inventory": 11553000, "otherCurrentAssets": 11549000, "totalCurrentAssets": 454704000, "longTermInvestments": 334000, "propertyPlantEquipment": 106430000, "intangibleAssets": 160000, "otherAssets": 2724000, "totalAssets": 564352000, "accountsPayable": 182701000, "shortLongTermDebt": 1052000, "otherCurrentLiab": 12660000, "longTermDebt": 14146000, "otherLiab": 17628000, "totalCurrentLiabilities": 459224000, "totalLiab": 490998000, "commonStock": 34572000, "retainedEarnings": 579000, "treasuryStock": 7573000, "capitalSurplus": 30630000, "otherStockholderEquity": 7573000, "totalStockholderEquity": 73354000, "netTangibleAssets": 73194000}, {"maxAge": 1, "endDate": "2018-03-31", "cash": 698000, "netReceivables": 515090000, "inventory": 40656000, "otherCurrentAssets": 12927000, "totalCurrentAssets": 569396000, "longTermInvestments": 406000, "propertyPlantEquipment": 115994000, "intangibleAssets": 270000, "otherAssets": 8380000, "totalAssets": 694446000, "accountsPayable": 211527000, "shortLongTermDebt": 1086000, "otherCurrentLiab": 12820000, "longTermDebt": 15140000, "otherLiab": 23312000, "totalCurrentLiabilities": 537145000, "totalLiab": 575597000, "commonStock": 34572000, "retainedEarnings": 46074000, "treasuryStock": 7573000, "capitalSurplus": 30630000, "otherStockholderEquity": 7573000, "totalStockholderEquity": 118849000, "netTangibleAssets": 118579000}, {"maxAge": 1, "endDate": "2017-03-31", "cash": -477000, "netReceivables": 621910000, "inventory": 82794000, "otherCurrentAssets": 17199000, "totalCurrentAssets": 722335000, "longTermInvestments": 2321000, "propertyPlantEquipment": 120350000, "intangibleAssets": 317000, "otherAssets": 13171000, "totalAssets": 858494000, "accountsPayable": 227895000, "otherCurrentLiab": 938000, "otherLiab": 22640000, "totalCurrentLiabilities": 650164000, "totalLiab": 672804000, "commonStock": 34572000, "retainedEarnings": 112915000, "treasuryStock": 7573000, "capitalSurplus": 30630000, "otherStockholderEquity": 7573000, "totalStockholderEquity": 185690000, "netTangibleAssets": 185373000}], "maxAge": 86400}, "financialData": {"maxAge": 86400, "currentPrice": 3.9, "recommendationKey": "none", "grossProfits": 10836000, "financialCurrency": "INR"}}}