{"CASTROLIND.BO": {"recommendationTrend": {"trend": [{"period": "0m", "strongBuy": 0, "buy": 0, "hold": 0, "sell": 0, "strongSell": 0}, {"period": "-1m", "strongBuy": 0, "buy": 0, "hold": 0, "sell": 0, "strongSell": 0}, {"period": "-2m", "strongBuy": 0, "buy": 0, "hold": 0, "sell": 0, "strongSell": 0}, {"period": "-3m", "strongBuy": 0, "buy": 0, "hold": 0, "sell": 0, "strongSell": 0}], "maxAge": 86400}, "cashflowStatementHistory": {"cashflowStatements": [{"maxAge": 1, "endDate": "2019-12-31", "netIncome": 8273700000, "depreciation": 688400000, "changeToNetincome": -302100000, "changeToAccountReceivables": -593500000, "changeToLiabilities": -801300000, "changeToInventory": 1520700000, "totalCashFromOperatingActivities": 8794900000, "capitalExpenditures": -1007000000, "investments": -3980300000, "otherCashflowsFromInvestingActivities": 490700000, "totalCashflowsFromInvestingActivities": -4482600000, "dividendsPaid": -5199000000, "otherCashflowsFromFinancingActivities": -1078200000, "totalCashFromFinancingActivities": -6277200000, "changeInCash": -1964900000}, {"maxAge": 1, "endDate": "2018-12-31", "netIncome": 7083600000, "depreciation": 533500000, "changeToNetincome": -657700000, "changeToAccountReceivables": -174000000, "changeToLiabilities": 59400000, "changeToInventory": -1372200000, "totalCashFromOperatingActivities": 5494800000, "capitalExpenditures": -783100000, "investments": 920000000, "otherCashflowsFromInvestingActivities": 520700000, "totalCashflowsFromInvestingActivities": 661200000, "dividendsPaid": -4698300000, "otherCashflowsFromFinancingActivities": -975900000, "totalCashFromFinancingActivities": -5674200000, "changeInCash": 481800000}, {"maxAge": 1, "endDate": "2017-12-31", "netIncome": 6918100000, "depreciation": 425800000, "changeToNetincome": -635700000, "changeToAccountReceivables": -1426300000, "changeToLiabilities": 528800000, "changeToInventory": 243100000, "totalCashFromOperatingActivities": 6083000000, "capitalExpenditures": -563200000, "investments": 1425000000, "otherCashflowsFromInvestingActivities": 443700000, "totalCashflowsFromInvestingActivities": 1513700000, "dividendsPaid": -4451000000, "otherCashflowsFromFinancingActivities": -1117700000, "totalCashFromFinancingActivities": -6557800000, "changeInCash": 1038900000}, {"maxAge": 1, "endDate": "2016-12-31", "netIncome": 6703800000, "depreciation": 421600000, "changeToNetincome": -764100000, "changeToAccountReceivables": -433400000, "changeToLiabilities": 1078200000, "changeToInventory": -393000000, "totalCashFromOperatingActivities": 6641100000, "capitalExpenditures": -358000000, "investments": -622700000, "otherCashflowsFromInvestingActivities": 520200000, "totalCashflowsFromInvestingActivities": -329700000, "dividendsPaid": -4698300000, "otherCashflowsFromFinancingActivities": -982000000, "totalCashFromFinancingActivities": -5680300000, "changeInCash": 631100000}], "maxAge": 86400}, "institutionOwnership": {"maxAge": 1, "ownershipList": []}, "balanceSheetHistoryQuarterly": {"balanceSheetStatements": [{"maxAge": 1, "endDate": "2020-06-30", "cash": 11072000000, "netReceivables": 2391000000, "inventory": 3370000000, "otherCurrentAssets": 642000000, "totalCurrentAssets": 17475000000, "propertyPlantEquipment": 2467000000, "intangibleAssets": 20000000, "otherAssets": 1526000000, "deferredLongTermAssetCharges": 606000000, "totalAssets": 21488000000, "accountsPayable": 3122000000, "otherCurrentLiab": 5293000000, "otherLiab": 425000000, "totalCurrentLiabilities": 8415000000, "totalLiab": 8840000000, "commonStock": 4946000000, "treasuryStock": 7702000000, "otherStockholderEquity": 7702000000, "totalStockholderEquity": 12648000000, "netTangibleAssets": 12628000000}, {"maxAge": 1, "endDate": "2020-03-31", "totalStockholderEquity": 13670000000, "netTangibleAssets": 13647000000}, {"maxAge": 1, "endDate": "2019-12-31", "cash": 671600000, "shortTermInvestments": 8599900000, "netReceivables": 5106600000, "inventory": 3047200000, "otherCurrentAssets": 908500000, "totalCurrentAssets": 18354600000, "propertyPlantEquipment": 2247000000, "intangibleAssets": 23300000, "otherAssets": 1662900000, "deferredLongTermAssetCharges": 585000000, "totalAssets": 22287800000, "accountsPayable": 4717900000, "otherCurrentLiab": 836900000, "otherLiab": 213900000, "totalCurrentLiabilities": 8404400000, "totalLiab": 8618300000, "commonStock": 4945600000, "retainedEarnings": 8397000000, "treasuryStock": 326900000, "otherStockholderEquity": 326900000, "totalStockholderEquity": 13669500000, "netTangibleAssets": 13646200000}, {"maxAge": 1, "endDate": "2019-09-30", "totalStockholderEquity": 12078000000, "netTangibleAssets": 12057000000}], "maxAge": 86400}, "earningsHistory": {"history": [{"maxAge": 1, "epsActual": 1.8, "epsEstimate": 1.48, "epsDifference": 0.32, "surprisePercent": 0.216, "quarter": "2017-09-30", "period": "-4q"}, {"maxAge": 1, "epsActual": 1.99, "epsEstimate": 1.63, "epsDifference": 0.36, "surprisePercent": 0.221, "quarter": "2017-12-31", "period": "-3q"}, {"maxAge": 1, "epsActual": 1.84, "epsEstimate": 1.85, "epsDifference": -0.01, "surprisePercent": -0.005, "quarter": "2018-03-31", "period": "-2q"}, {"maxAge": 1, "epsActual": 1.66, "epsEstimate": 1.9, "epsDifference": -0.24, "surprisePercent": -0.126, "quarter": "2018-06-30", "period": "-1q"}], "maxAge": 86400}, "indexTrend": {"maxAge": 1, "symbol": "SP5", "peRatio": 19.7411, "pegRatio": 1.34172, "estimates": [{"period": "0q", "growth": 0.549}, {"period": "+1q", "growth": 0.431}, {"period": "0y", "growth": 0.305}, {"period": "+1y", "growth": 0.109}, {"period": "+5y", "growth": 0.120865}, {"period": "-5y"}]}, "industryTrend": {"maxAge": 1, "symbol": null, "estimates": []}, "insiderTransactions": {"transactions": [{"maxAge": 1, "shares": 541896, "filerUrl": "", "transactionText": "", "filerName": "BP Mauritius, Ltd.", "filerRelation": "Promoter", "moneyText": "", "startDate": "2017-06-19", "ownership": "D"}, {"maxAge": 1, "shares": 541896, "filerUrl": "", "transactionText": "", "filerName": "Castrol Ltd", "filerRelation": "Promoter", "moneyText": "", "startDate": "2017-06-19", "ownership": "D"}, {"maxAge": 1, "shares": 42190970, "filerUrl": "", "transactionText": "", "filerName": "Castrol Ltd", "filerRelation": "Promoter", "moneyText": "", "startDate": "2016-09-20", "ownership": "D"}, {"maxAge": 1, "shares": 56874538, "filerUrl": "", "transactionText": "", "filerName": "Castrol Ltd", "filerRelation": "Promoter", "moneyText": "", "startDate": "2016-05-19", "ownership": "D"}, {"maxAge": 1, "shares": 2617363, "filerUrl": "", "transactionText": "", "filerName": "Life Insurance Corporation of India", "filerRelation": "Institution- Corporation", "moneyText": "", "startDate": "2009-11-10", "ownership": "D"}], "maxAge": 1}, "quoteType": {"exchange": "BSE", "quoteType": "EQUITY", "symbol": "CASTROLIND.BO", "underlyingSymbol": "CASTROLIND.BO", "shortName": "CASTROL INDIA LTD.", "longName": "Castrol India Limited", "firstTradeDateEpochUtc": "1991-01-03 09:15:00", "timeZoneFullName": "Asia/Kolkata", "timeZoneShortName": "IST", "uuid": "7e2da68e-5adc-3976-9d7b-a85e36e6ba9d", "messageBoardId": null, "gmtOffSetMilliseconds": 19800000, "maxAge": 1}, "incomeStatementHistory": {"incomeStatementHistory": [{"maxAge": 1, "endDate": "2019-12-31", "totalRevenue": 38831500000, "costOfRevenue": 17793600000, "grossProfit": 21037900000, "researchDevelopment": {}, "sellingGeneralAdministrative": 5062600000, "nonRecurring": {}, "otherOperatingExpenses": 4345000000, "totalOperatingExpenses": 27898600000, "operatingIncome": 10932900000, "totalOtherIncomeExpenseNet": 536200000, "ebit": 10932900000, "interestExpense": -11900000, "incomeBeforeTax": 11469100000, "incomeTaxExpense": 3195400000, "minorityInterest": {}, "netIncomeFromContinuingOps": 8273700000, "discontinuedOperations": {}, "extraordinaryItems": {}, "effectOfAccountingCharges": {}, "otherItems": {}, "netIncome": 8273700000, "netIncomeApplicableToCommonShares": 8273700000}, {"maxAge": 1, "endDate": "2018-12-31", "totalRevenue": 39152600000, "costOfRevenue": 19366600000, "grossProfit": 19786000000, "researchDevelopment": {}, "sellingGeneralAdministrative": 4724300000, "nonRecurring": {}, "otherOperatingExpenses": 4139800000, "totalOperatingExpenses": 28786400000, "operatingIncome": 10366200000, "totalOtherIncomeExpenseNet": 618000000, "ebit": 10366200000, "interestExpense": -10900000, "incomeBeforeTax": 10984200000, "incomeTaxExpense": 3900600000, "minorityInterest": {}, "netIncomeFromContinuingOps": 7083600000, "discontinuedOperations": {}, "extraordinaryItems": {}, "effectOfAccountingCharges": {}, "otherItems": {}, "netIncome": 7083600000, "netIncomeApplicableToCommonShares": 7083600000}, {"maxAge": 1, "endDate": "2017-12-31", "totalRevenue": 36044700000, "costOfRevenue": 16856500000, "grossProfit": 19188200000, "researchDevelopment": {}, "sellingGeneralAdministrative": 4589900000, "nonRecurring": {}, "otherOperatingExpenses": 4029700000, "totalOperatingExpenses": 25930900000, "operatingIncome": 10113800000, "totalOtherIncomeExpenseNet": 586900000, "ebit": 10113800000, "interestExpense": -12000000, "incomeBeforeTax": 10700700000, "incomeTaxExpense": 3782600000, "minorityInterest": {}, "netIncomeFromContinuingOps": 6918100000, "discontinuedOperations": {}, "extraordinaryItems": {}, "effectOfAccountingCharges": {}, "otherItems": {}, "netIncome": 6918100000, "netIncomeApplicableToCommonShares": 6918100000}, {"maxAge": 1, "endDate": "2016-12-31", "totalRevenue": 33819000000, "costOfRevenue": 15591100000, "grossProfit": 18227900000, "researchDevelopment": {}, "sellingGeneralAdministrative": 4381900000, "nonRecurring": {}, "otherOperatingExpenses": 3599500000, "totalOperatingExpenses": 24021900000, "operatingIncome": 9797100000, "totalOtherIncomeExpenseNet": 605900000, "ebit": 9797100000, "interestExpense": -14800000, "incomeBeforeTax": 10403000000, "incomeTaxExpense": 3699200000, "minorityInterest": {}, "netIncomeFromContinuingOps": 6703800000, "discontinuedOperations": {}, "extraordinaryItems": {}, "effectOfAccountingCharges": {}, "otherItems": {}, "netIncome": 6703800000, "netIncomeApplicableToCommonShares": 6703800000}], "maxAge": 86400}, "fundOwnership": {"maxAge": 1, "ownershipList": []}, "summaryDetail": {"maxAge": 1, "priceHint": 2, "previousClose": 126.55, "open": 126.6, "dayLow": 125.0, "dayHigh": 126.6, "regularMarketPreviousClose": 126.55, "regularMarketOpen": 126.6, "regularMarketDayLow": 125.0, "regularMarketDayHigh": 126.6, "trailingPE": 19.142466, "forwardPE": 16.990555, "volume": 107282, "regularMarketVolume": 107282, "averageVolume": 142919, "averageVolume10days": 136094, "averageDailyVolume10Day": 136094, "bid": 125.3, "ask": 125.5, "bidSize": 0, "askSize": 0, "marketCap": 124530458624, "fiftyTwoWeekLow": 89.65, "fiftyTwoWeekHigh": 157.45, "fiftyDayAverage": 128.02142, "twoHundredDayAverage": 121.08321, "trailingAnnualDividendRate": 3.0, "trailingAnnualDividendYield": 0.023706045, "currency": "INR", "fromCurrency": null, "toCurrency": null, "lastMarket": null, "algorithm": null, "tradeable": false}, "sectorTrend": {"maxAge": 1, "symbol": null, "estimates": []}, "incomeStatementHistoryQuarterly": {"incomeStatementHistory": [{"maxAge": 1, "endDate": "2020-06-30", "totalRevenue": 4906000000, "costOfRevenue": 2389000000, "grossProfit": 2517000000, "researchDevelopment": {}, "sellingGeneralAdministrative": 432000000, "nonRecurring": {}, "otherOperatingExpenses": 1132000000, "totalOperatingExpenses": 4159000000, "operatingIncome": 747000000, "totalOtherIncomeExpenseNet": 138000000, "ebit": 747000000, "interestExpense": -14000000, "incomeBeforeTax": 885000000, "incomeTaxExpense": 231000000, "minorityInterest": {}, "netIncomeFromContinuingOps": 654000000, "discontinuedOperations": {}, "extraordinaryItems": {}, "effectOfAccountingCharges": {}, "otherItems": {}, "netIncome": 654000000, "netIncomeApplicableToCommonShares": 654000000}, {"maxAge": 1, "endDate": "2020-03-31", "totalRevenue": 6880000000, "costOfRevenue": 2955000000, "grossProfit": 3925000000, "researchDevelopment": {}, "sellingGeneralAdministrative": 537000000, "nonRecurring": {}, "otherOperatingExpenses": 1658000000, "totalOperatingExpenses": 5372000000, "operatingIncome": 1508000000, "totalOtherIncomeExpenseNet": 187000000, "ebit": 1508000000, "interestExpense": -11000000, "incomeBeforeTax": 1695000000, "incomeTaxExpense": 443000000, "minorityInterest": {}, "netIncomeFromContinuingOps": 1252000000, "discontinuedOperations": {}, "extraordinaryItems": {}, "effectOfAccountingCharges": {}, "otherItems": {}, "netIncome": 1252000000, "netIncomeApplicableToCommonShares": 1252000000}, {"maxAge": 1, "endDate": "2019-12-31", "totalRevenue": 10181500000, "costOfRevenue": 4599600000, "grossProfit": 5581900000, "researchDevelopment": {}, "sellingGeneralAdministrative": 3491600000, "nonRecurring": {}, "otherOperatingExpenses": -1422000000, "totalOperatingExpenses": 6852600000, "operatingIncome": 3328900000, "totalOtherIncomeExpenseNet": 59200000, "ebit": 3328900000, "interestExpense": -2900000, "incomeBeforeTax": 3388100000, "incomeTaxExpense": 675400000, "minorityInterest": {}, "netIncomeFromContinuingOps": 2712700000, "discontinuedOperations": {}, "extraordinaryItems": {}, "effectOfAccountingCharges": {}, "otherItems": {}, "netIncome": 2712700000, "netIncomeApplicableToCommonShares": 2712700000}, {"maxAge": 1, "endDate": "2019-09-30", "totalRevenue": 8492000000, "costOfRevenue": 3835000000, "grossProfit": 4657000000, "researchDevelopment": {}, "sellingGeneralAdministrative": 533000000, "nonRecurring": {}, "otherOperatingExpenses": 1679000000, "totalOperatingExpenses": 6233000000, "operatingIncome": 2259000000, "totalOtherIncomeExpenseNet": 113000000, "ebit": 2259000000, "interestExpense": -3000000, "incomeBeforeTax": 2372000000, "incomeTaxExpense": 488000000, "minorityInterest": {}, "netIncomeFromContinuingOps": 1884000000, "discontinuedOperations": {}, "extraordinaryItems": {}, "effectOfAccountingCharges": {}, "otherItems": {}, "netIncome": 1884000000, "netIncomeApplicableToCommonShares": 1884000000}], "maxAge": 86400}, "cashflowStatementHistoryQuarterly": {"cashflowStatements": [{"maxAge": 1, "endDate": "2020-06-30", "netIncome": 654000000, "changeToLiabilities": 0}, {"maxAge": 1, "endDate": "2020-03-31", "netIncome": 1252000000, "changeToLiabilities": 0}, {"maxAge": 1, "endDate": "2019-12-31", "netIncome": 2712700000, "changeToLiabilities": 0}, {"maxAge": 1, "endDate": "2019-09-30", "netIncome": 1884000000, "changeToLiabilities": 0}], "maxAge": 86400}, "insiderHolders": {"holders": [{"maxAge": 1, "name": "BP Mauritius, Ltd.", "relation": "Promoter", "url": "", "transactionDescription": "Other", "latestTransDate": "2017-06-19", "positionDirect": 0, "positionDirectDate": "2017-06-19"}, {"maxAge": 1, "name": "Castrol Ltd", "relation": "Promoter", "url": "", "transactionDescription": "Other", "latestTransDate": "2017-06-19", "positionDirect": 252226208, "positionDirectDate": "2017-06-19"}, {"maxAge": 1, "name": "Life Insurance Corporation of India", "relation": "Institution- Corporation", "url": "", "transactionDescription": "Sale", "latestTransDate": "2009-11-10", "positionDirect": 4458318, "positionDirectDate": "2009-11-10"}], "maxAge": 1}, "earnings": {"maxAge": 86400, "earningsChart": {"quarterly": [{"date": "3Q2017", "actual": 1.8, "estimate": 1.48}, {"date": "4Q2017", "actual": 1.99, "estimate": 1.63}, {"date": "1Q2018", "actual": 1.84, "estimate": 1.85}, {"date": "2Q2018", "actual": 1.66, "estimate": 1.9}], "currentQuarterEstimateDate": "3Q", "currentQuarterEstimateYear": 2018, "earningsDate": []}, "financialsChart": {"yearly": [{"date": 2016, "revenue": 33819000000, "earnings": 6703800000}, {"date": 2017, "revenue": 36044700000, "earnings": 6918100000}, {"date": 2018, "revenue": 39152600000, "earnings": 7083600000}, {"date": 2019, "revenue": 38831500000, "earnings": 8273700000}], "quarterly": [{"date": "3Q2019", "revenue": 8492000000, "earnings": 1884000000}, {"date": "4Q2019", "revenue": 10181500000, "earnings": 2712700000}, {"date": "1Q2020", "revenue": 6880000000, "earnings": 1252000000}, {"date": "2Q2020", "revenue": 4906000000, "earnings": 654000000}]}, "financialCurrency": "INR"}, "calendarEvents": {"maxAge": 1, "earnings": {"earningsDate": [], "revenueLow": 3559000000, "revenueHigh": 9683000000}}, "price": {"maxAge": 1, "regularMarketChangePercent": -0.0051363218, "regularMarketChange": -0.6500015, "regularMarketTime": "2021-04-30 15:55:25", "priceHint": 2, "regularMarketPrice": 125.9, "regularMarketDayHigh": 126.6, "regularMarketDayLow": 125.0, "regularMarketVolume": 107282, "averageDailyVolume10Day": 136094, "averageDailyVolume3Month": 142919, "regularMarketPreviousClose": 126.55, "regularMarketSource": "FREE_REALTIME", "regularMarketOpen": 126.6, "exchange": "BSE", "exchangeName": "BSE", "exchangeDataDelayedBy": 0, "marketState": "CLOSED", "quoteType": "EQUITY", "symbol": "CASTROLIND.BO", "underlyingSymbol": null, "shortName": "CASTROL INDIA LTD.", "longName": "Castrol India Limited", "currency": "INR", "quoteSourceName": "Delayed Quote", "currencySymbol": "\u20b9", "fromCurrency": null, "toCurrency": null, "lastMarket": null, "marketCap": 124530458624}, "balanceSheetHistory": {"balanceSheetStatements": [{"maxAge": 1, "endDate": "2019-12-31", "cash": 671600000, "shortTermInvestments": 8599900000, "netReceivables": 5106600000, "inventory": 3047200000, "otherCurrentAssets": 908500000, "totalCurrentAssets": 18354600000, "propertyPlantEquipment": 2247000000, "intangibleAssets": 23300000, "otherAssets": 1662900000, "deferredLongTermAssetCharges": 585000000, "totalAssets": 22287800000, "accountsPayable": 4717900000, "otherCurrentLiab": 836900000, "otherLiab": 213900000, "totalCurrentLiabilities": 8404400000, "totalLiab": 8618300000, "commonStock": 4945600000, "retainedEarnings": 8397000000, "treasuryStock": 326900000, "otherStockholderEquity": 326900000, "totalStockholderEquity": 13669500000, "netTangibleAssets": 13646200000}, {"maxAge": 1, "endDate": "2018-12-31", "cash": 2636500000, "shortTermInvestments": 4650000000, "netReceivables": 4203300000, "inventory": 4567900000, "otherCurrentAssets": 1172700000, "totalCurrentAssets": 17266300000, "propertyPlantEquipment": 2194400000, "intangibleAssets": 16400000, "otherAssets": 1590600000, "deferredLongTermAssetCharges": 532700000, "totalAssets": 21067700000, "accountsPayable": 5840500000, "otherCurrentLiab": 817800000, "otherLiab": 158700000, "totalCurrentLiabilities": 9252400000, "totalLiab": 9411100000, "commonStock": 4945600000, "retainedEarnings": 6426500000, "treasuryStock": 284500000, "otherStockholderEquity": 284500000, "totalStockholderEquity": 11656600000, "netTangibleAssets": 11640200000}, {"maxAge": 1, "endDate": "2017-12-31", "cash": 2154700000, "shortTermInvestments": 5570000000, "netReceivables": 3165200000, "inventory": 3195700000, "otherCurrentAssets": 1598000000, "totalCurrentAssets": 15717400000, "propertyPlantEquipment": 1936200000, "intangibleAssets": 26200000, "otherAssets": 2089700000, "deferredLongTermAssetCharges": 551500000, "totalAssets": 19769500000, "accountsPayable": 6066400000, "otherCurrentLiab": 924600000, "otherLiab": 159400000, "totalCurrentLiabilities": 9408600000, "totalLiab": 9568000000, "commonStock": 4945600000, "retainedEarnings": 5018300000, "treasuryStock": 237600000, "otherStockholderEquity": 237600000, "totalStockholderEquity": 10201500000, "netTangibleAssets": 10175300000}, {"maxAge": 1, "endDate": "2016-12-31", "cash": 1115800000, "shortTermInvestments": 6995000000, "netReceivables": 2898000000, "inventory": 3438800000, "otherCurrentAssets": 955300000, "totalCurrentAssets": 15437200000, "propertyPlantEquipment": 1791900000, "intangibleAssets": 50400000, "otherAssets": 1603800000, "deferredLongTermAssetCharges": 671700000, "totalAssets": 18883300000, "accountsPayable": 4966400000, "otherCurrentLiab": 949200000, "otherLiab": 140900000, "totalCurrentLiabilities": 8927000000, "totalLiab": 9067900000, "commonStock": 2472800000, "retainedEarnings": 7127700000, "treasuryStock": 214900000, "otherStockholderEquity": 214900000, "totalStockholderEquity": 9815400000, "netTangibleAssets": 9765000000}], "maxAge": 86400}, "earningsTrend": {"trend": [{"maxAge": 1, "period": "0q", "endDate": "2018-09-30", "growth": {}, "earningsEstimate": {"avg": 0.0, "low": 0.0, "high": 0.0, "yearAgoEps": 1.8, "numberOfAnalysts": 0, "growth": {}}, "revenueEstimate": {"avg": 0, "low": 3559000000, "high": 9683000000, "numberOfAnalysts": 6, "yearAgoRevenue": 8614000000, "growth": {}}, "epsTrend": {"current": 0.0, "7daysAgo": 1.6, "30daysAgo": 1.6, "60daysAgo": 1.6, "90daysAgo": 1.6}, "epsRevisions": {"upLast7days": 0, "upLast30days": 0, "downLast30days": 0, "downLast90days": {}}}, {"maxAge": 1, "period": "+1q", "endDate": "2018-12-31", "growth": {}, "earningsEstimate": {"avg": 0.0, "low": 0.0, "high": 0.0, "yearAgoEps": 1.99, "numberOfAnalysts": 0, "growth": {}}, "revenueEstimate": {"avg": 6708000000, "low": 3733000000, "high": 9683000000, "numberOfAnalysts": 2, "yearAgoRevenue": 9703000000, "growth": -0.309}, "epsTrend": {"current": 0.0, "7daysAgo": 0.0, "30daysAgo": 0.0, "60daysAgo": 0.0, "90daysAgo": 0.0}, "epsRevisions": {"upLast7days": 0, "upLast30days": 0, "downLast30days": 0, "downLast90days": {}}}, {"maxAge": 1, "period": "0y", "endDate": "2018-12-31", "growth": {}, "earningsEstimate": {"avg": 0.0, "low": 0.0, "high": 0.0, "yearAgoEps": {}, "numberOfAnalysts": 0, "growth": {}}, "revenueEstimate": {"avg": 39010000000, "low": 38026000000, "high": 40385000000, "numberOfAnalysts": 11, "yearAgoRevenue": 35843000000, "growth": 0.088}, "epsTrend": {"current": 0.0, "7daysAgo": 6.92, "30daysAgo": 6.92, "60daysAgo": 6.92, "90daysAgo": 6.92}, "epsRevisions": {"upLast7days": 0, "upLast30days": 0, "downLast30days": 0, "downLast90days": {}}}, {"maxAge": 1, "period": "+1y", "endDate": "2019-12-31", "growth": {}, "earningsEstimate": {"avg": 0.0, "low": 0.0, "high": 0.0, "yearAgoEps": {}, "numberOfAnalysts": 0, "growth": {}}, "revenueEstimate": {"avg": 41692700000, "low": 39942000000, "high": 43339000000, "numberOfAnalysts": 11, "yearAgoRevenue": 39010000000, "growth": 0.069}, "epsTrend": {"current": 0.0, "7daysAgo": 7.41, "30daysAgo": 7.41, "60daysAgo": 7.41, "90daysAgo": 7.41}, "epsRevisions": {"upLast7days": 0, "upLast30days": 0, "downLast30days": 0, "downLast90days": {}}}, {"maxAge": 1, "period": "+5y", "endDate": null, "growth": 0.0926, "earningsEstimate": {"avg": {}, "low": {}, "high": {}, "yearAgoEps": {}, "numberOfAnalysts": {}, "growth": {}}, "revenueEstimate": {"avg": {}, "low": {}, "high": {}, "numberOfAnalysts": {}, "yearAgoRevenue": {}, "growth": {}}, "epsTrend": {"current": {}, "7daysAgo": {}, "30daysAgo": {}, "60daysAgo": {}, "90daysAgo": {}}, "epsRevisions": {"upLast7days": {}, "upLast30days": {}, "downLast30days": {}, "downLast90days": {}}}, {"maxAge": 1, "period": "-5y", "endDate": null, "growth": {}, "earningsEstimate": {"avg": {}, "low": {}, "high": {}, "yearAgoEps": {}, "numberOfAnalysts": {}, "growth": {}}, "revenueEstimate": {"avg": {}, "low": {}, "high": {}, "numberOfAnalysts": {}, "yearAgoRevenue": {}, "growth": {}}, "epsTrend": {"current": {}, "7daysAgo": {}, "30daysAgo": {}, "60daysAgo": {}, "90daysAgo": {}}, "epsRevisions": {"upLast7days": {}, "upLast30days": {}, "downLast30days": {}, "downLast90days": {}}}], "maxAge": 1}, "financialData": {"maxAge": 86400, "currentPrice": 125.9, "targetHighPrice": 230.0, "targetLowPrice": 140.0, "targetMeanPrice": 182.27, "targetMedianPrice": 171.0, "recommendationKey": "none", "numberOfAnalystOpinions": 11, "grossProfits": 21037900000, "financialCurrency": "INR"}}}