{"CATVISION.BO": {"cashflowStatementHistory": {"cashflowStatements": [{"maxAge": 1, "endDate": "2020-03-31", "netIncome": -4684323, "depreciation": 7560772, "changeToNetincome": 2352717, "changeToAccountReceivables": 27875969, "changeToLiabilities": -36519364, "changeToInventory": 31431488, "changeToOperatingActivities": -6038342, "totalCashFromOperatingActivities": 22228638, "capitalExpenditures": -4433325, "otherCashflowsFromInvestingActivities": 224620, "totalCashflowsFromInvestingActivities": -4208705, "netBorrowings": -11183012, "otherCashflowsFromFinancingActivities": -8097673, "totalCashFromFinancingActivities": -19280685, "changeInCash": -1260752}, {"maxAge": 1, "endDate": "2019-03-31", "netIncome": -6652896, "depreciation": 6821639, "changeToNetincome": 3799527, "changeToAccountReceivables": -3463109, "changeToLiabilities": -16514089, "changeToInventory": -22715716, "changeToOperatingActivities": 15416747, "totalCashFromOperatingActivities": -23307897, "capitalExpenditures": -9569577, "otherCashflowsFromInvestingActivities": -1205032, "totalCashflowsFromInvestingActivities": -10774609, "netBorrowings": 2874348, "otherCashflowsFromFinancingActivities": -8629639, "totalCashFromFinancingActivities": -5755291, "changeInCash": -39837797}, {"maxAge": 1, "endDate": "2018-03-31", "netIncome": 28228790, "depreciation": 5453119, "changeToNetincome": 15508341, "changeToAccountReceivables": -16423852, "changeToLiabilities": 5356607, "changeToInventory": 26846543, "changeToOperatingActivities": -740662, "totalCashFromOperatingActivities": 64502457, "capitalExpenditures": -24584252, "investments": -2466359, "otherCashflowsFromInvestingActivities": 2126824, "totalCashflowsFromInvestingActivities": -24923787, "dividendsPaid": -5453600, "netBorrowings": -21051536, "otherCashflowsFromFinancingActivities": -9996784, "totalCashFromFinancingActivities": -36501920, "changeInCash": 3076750}, {"maxAge": 1, "endDate": "2017-03-31", "netIncome": 11354563, "depreciation": 10693232, "changeToNetincome": 217443, "changeToAccountReceivables": -18728518, "changeToLiabilities": 40941496, "changeToInventory": -16547219, "changeToOperatingActivities": 28138939, "totalCashFromOperatingActivities": 56069936, "capitalExpenditures": -15045883, "investments": -5864930, "otherCashflowsFromInvestingActivities": 1651779, "totalCashflowsFromInvestingActivities": -19259034, "dividendsPaid": -5453600, "netBorrowings": -10152765, "otherCashflowsFromFinancingActivities": -1494198, "totalCashFromFinancingActivities": -11646963, "changeInCash": 25163939}], "maxAge": 86400}, "institutionOwnership": {"maxAge": 1, "ownershipList": []}, "balanceSheetHistoryQuarterly": {"balanceSheetStatements": [{"maxAge": 1, "endDate": "2020-06-30", "totalStockholderEquity": 177684000, "netTangibleAssets": 165092000}, {"maxAge": 1, "endDate": "2020-03-31", "cash": 4660722, "netReceivables": 78753465, "inventory": 98543405, "otherCurrentAssets": 14653964, "totalCurrentAssets": 199207058, "longTermInvestments": 46548994, "propertyPlantEquipment": 44088944, "intangibleAssets": 12591574, "otherAssets": 15634023, "totalAssets": 318070593, "accountsPayable": 27471828, "shortLongTermDebt": 1320710, "otherCurrentLiab": 30434803, "longTermDebt": 2780280, "otherLiab": 8510114, "totalCurrentLiabilities": 129096617, "totalLiab": 140387011, "commonStock": 54536000, "retainedEarnings": 103676662, "treasuryStock": 1057920, "capitalSurplus": 18413000, "otherStockholderEquity": 1057920, "totalStockholderEquity": 177683582, "netTangibleAssets": 165092008}, {"maxAge": 1, "endDate": "2019-12-31", "totalStockholderEquity": 179235000, "netTangibleAssets": 165554000}, {"maxAge": 1, "endDate": "2019-09-30", "cash": 5470000, "shortTermInvestments": 13000, "netReceivables": 92235000, "inventory": 122465000, "otherCurrentAssets": 23329000, "totalCurrentAssets": 243512000, "longTermInvestments": 43009000, "propertyPlantEquipment": 38676000, "intangibleAssets": 13681000, "otherAssets": 10537000, "totalAssets": 349415000, "accountsPayable": 43749000, "shortLongTermDebt": 9690000, "otherCurrentLiab": 40240000, "longTermDebt": 1667000, "otherLiab": 9192000, "totalCurrentLiabilities": 159321000, "totalLiab": 170180000, "commonStock": 54536000, "treasuryStock": 124699000, "otherStockholderEquity": 124699000, "totalStockholderEquity": 179235000, "netTangibleAssets": 165554000}], "maxAge": 86400}, "indexTrend": {"maxAge": 1, "symbol": "SP5", "peRatio": 19.7411, "pegRatio": 1.34172, "estimates": [{"period": "0q", "growth": 0.549}, {"period": "+1q", "growth": 0.431}, {"period": "0y", "growth": 0.305}, {"period": "+1y", "growth": 0.109}, {"period": "+5y", "growth": 0.120859005}, {"period": "-5y"}]}, "insiderTransactions": {"transactions": [{"maxAge": 1, "shares": 800000, "filerUrl": "", "transactionText": "", "filerName": "Global Implex, Ltd.", "filerRelation": "Institution- Corporation", "moneyText": "", "startDate": "2013-05-31", "ownership": "D"}], "maxAge": 1}, "quoteType": {"exchange": "BSE", "quoteType": "EQUITY", "symbol": "CATVISION.BO", "underlyingSymbol": "CATVISION.BO", "shortName": "CATVISION  LIMITED", "longName": "Catvision Limited", "firstTradeDateEpochUtc": "2000-08-23 09:15:00", "timeZoneFullName": "Asia/Kolkata", "timeZoneShortName": "IST", "uuid": "ebf023f9-d761-3daa-8040-e05cbe7f8733", "messageBoardId": null, "gmtOffSetMilliseconds": 19800000, "maxAge": 1}, "incomeStatementHistory": {"incomeStatementHistory": [{"maxAge": 1, "endDate": "2020-03-31", "totalRevenue": 299401246, "costOfRevenue": 203962631, "grossProfit": 95438615, "researchDevelopment": {}, "sellingGeneralAdministrative": 56354025, "nonRecurring": {}, "otherOperatingExpenses": 29045835, "totalOperatingExpenses": 297172984, "operatingIncome": 2228262, "totalOtherIncomeExpenseNet": -7699862, "ebit": 2228262, "interestExpense": -7295839, "incomeBeforeTax": -5471600, "incomeTaxExpense": -787277, "minorityInterest": {}, "netIncomeFromContinuingOps": -4684323, "discontinuedOperations": {}, "extraordinaryItems": {}, "effectOfAccountingCharges": {}, "otherItems": {}, "netIncome": -4684323, "netIncomeApplicableToCommonShares": -4684323}, {"maxAge": 1, "endDate": "2019-03-31", "totalRevenue": 439586219, "costOfRevenue": 326915049, "grossProfit": 112671170, "researchDevelopment": {}, "sellingGeneralAdministrative": 62628452, "nonRecurring": {}, "otherOperatingExpenses": 36652443, "totalOperatingExpenses": 433239538, "operatingIncome": 6346681, "totalOtherIncomeExpenseNet": -12601857, "ebit": 6346681, "interestExpense": -7631016, "incomeBeforeTax": -6255176, "incomeTaxExpense": 397720, "minorityInterest": {}, "netIncomeFromContinuingOps": -6652896, "discontinuedOperations": {}, "extraordinaryItems": {}, "effectOfAccountingCharges": {}, "otherItems": {}, "netIncome": -6652896, "netIncomeApplicableToCommonShares": -6652896}, {"maxAge": 1, "endDate": "2018-03-31", "totalRevenue": 776943343, "costOfRevenue": 586123642, "grossProfit": 190819701, "researchDevelopment": {}, "sellingGeneralAdministrative": 73088422, "nonRecurring": {}, "otherOperatingExpenses": 54715216, "totalOperatingExpenses": 725354010, "operatingIncome": 51589333, "totalOtherIncomeExpenseNet": -8195182, "ebit": 51589333, "interestExpense": -5904059, "incomeBeforeTax": 43394151, "incomeTaxExpense": 15165361, "minorityInterest": {}, "netIncomeFromContinuingOps": 28228790, "discontinuedOperations": {}, "extraordinaryItems": {}, "effectOfAccountingCharges": {}, "otherItems": {}, "netIncome": 28228790, "netIncomeApplicableToCommonShares": 28228790}, {"maxAge": 1, "endDate": "2017-03-31", "totalRevenue": 568100303, "costOfRevenue": 422372637, "grossProfit": 145727666, "researchDevelopment": {}, "sellingGeneralAdministrative": 63828170, "nonRecurring": {}, "otherOperatingExpenses": 47578294, "totalOperatingExpenses": 542916388, "operatingIncome": 25183915, "totalOtherIncomeExpenseNet": -6267985, "ebit": 25183915, "interestExpense": -8547882, "incomeBeforeTax": 18915930, "incomeTaxExpense": 7561367, "minorityInterest": {}, "netIncomeFromContinuingOps": 11354563, "discontinuedOperations": {}, "extraordinaryItems": {}, "effectOfAccountingCharges": {}, "otherItems": {}, "netIncome": 11354563, "netIncomeApplicableToCommonShares": 11354563}], "maxAge": 86400}, "fundOwnership": {"maxAge": 1, "ownershipList": []}, "summaryDetail": {"maxAge": 1, "priceHint": 2, "previousClose": 6.39, "open": 6.68, "dayLow": 6.1, "dayHigh": 6.7, "regularMarketPreviousClose": 6.39, "regularMarketOpen": 6.68, "regularMarketDayLow": 6.1, "regularMarketDayHigh": 6.7, "volume": 6018, "regularMarketVolume": 6018, "averageVolume": 5230, "averageVolume10days": 5730, "averageDailyVolume10Day": 5730, "bid": 6.11, "ask": 6.68, "bidSize": 0, "askSize": 0, "marketCap": 36430048, "fiftyTwoWeekLow": 4.82, "fiftyTwoWeekHigh": 7.85, "fiftyDayAverage": 6.3725715, "twoHundredDayAverage": 5.90708, "trailingAnnualDividendRate": 1.0, "trailingAnnualDividendYield": 0.15649453, "currency": "INR", "fromCurrency": null, "toCurrency": null, "lastMarket": null, "algorithm": null, "tradeable": false}, "incomeStatementHistoryQuarterly": {"incomeStatementHistory": [{"maxAge": 1, "endDate": "2020-06-30", "totalRevenue": 40788000, "costOfRevenue": 26571000, "grossProfit": 14217000, "researchDevelopment": {}, "sellingGeneralAdministrative": 6387000, "nonRecurring": {}, "otherOperatingExpenses": 3153000, "totalOperatingExpenses": 38170000, "operatingIncome": 2618000, "totalOtherIncomeExpenseNet": -3030000, "ebit": 2618000, "interestExpense": -1842000, "incomeBeforeTax": -412000, "incomeTaxExpense": 202000, "minorityInterest": {}, "netIncomeFromContinuingOps": -614000, "discontinuedOperations": {}, "extraordinaryItems": {}, "effectOfAccountingCharges": {}, "otherItems": {}, "netIncome": -614000, "netIncomeApplicableToCommonShares": -614000}, {"maxAge": 1, "endDate": "2020-03-31", "totalRevenue": 45494246, "costOfRevenue": 27873631, "grossProfit": 17620615, "researchDevelopment": {}, "sellingGeneralAdministrative": 16530025, "nonRecurring": {}, "otherOperatingExpenses": 5442835, "totalOperatingExpenses": 50872984, "operatingIncome": -5378738, "totalOtherIncomeExpenseNet": -1113862, "ebit": -5378738, "interestExpense": -903839, "incomeBeforeTax": -6492600, "incomeTaxExpense": -1091277, "minorityInterest": {}, "netIncomeFromContinuingOps": -5401323, "discontinuedOperations": {}, "extraordinaryItems": {}, "effectOfAccountingCharges": {}, "otherItems": {}, "netIncome": -5401323, "netIncomeApplicableToCommonShares": -5401323}, {"maxAge": 1, "endDate": "2019-12-31", "totalRevenue": 71060000, "costOfRevenue": 44229000, "grossProfit": 26831000, "researchDevelopment": {}, "sellingGeneralAdministrative": 11664000, "nonRecurring": {}, "otherOperatingExpenses": 7363000, "totalOperatingExpenses": 66040000, "operatingIncome": 5020000, "totalOtherIncomeExpenseNet": -2227000, "ebit": 5020000, "interestExpense": -2159000, "incomeBeforeTax": 2793000, "incomeTaxExpense": 304000, "minorityInterest": {}, "netIncomeFromContinuingOps": 2489000, "discontinuedOperations": {}, "extraordinaryItems": {}, "effectOfAccountingCharges": {}, "otherItems": {}, "netIncome": 2489000, "netIncomeApplicableToCommonShares": 2489000}, {"maxAge": 1, "endDate": "2019-09-30", "totalRevenue": 72922000, "costOfRevenue": 53235000, "grossProfit": 19687000, "researchDevelopment": {}, "sellingGeneralAdministrative": 13423000, "nonRecurring": {}, "otherOperatingExpenses": 7117000, "totalOperatingExpenses": 75775000, "operatingIncome": -2853000, "totalOtherIncomeExpenseNet": -2172000, "ebit": -2853000, "interestExpense": -2147000, "incomeBeforeTax": -5025000, "incomeTaxExpense": 0, "minorityInterest": {}, "netIncomeFromContinuingOps": -5025000, "discontinuedOperations": {}, "extraordinaryItems": {}, "effectOfAccountingCharges": {}, "otherItems": {}, "netIncome": -5025000, "netIncomeApplicableToCommonShares": -5025000}], "maxAge": 86400}, "cashflowStatementHistoryQuarterly": {"cashflowStatements": [{"maxAge": 1, "endDate": "2020-06-30", "netIncome": -614000, "changeToLiabilities": 0}, {"maxAge": 1, "endDate": "2020-03-31", "netIncome": -5401323, "changeToLiabilities": 0}, {"maxAge": 1, "endDate": "2019-12-31", "netIncome": 2489000, "changeToLiabilities": 0}, {"maxAge": 1, "endDate": "2019-09-30", "netIncome": -5025000, "changeToLiabilities": 0}], "maxAge": 86400}, "insiderHolders": {"holders": [{"maxAge": 1, "name": "Global Implex, Ltd.", "relation": "Institution- Corporation", "url": "", "transactionDescription": "Exercise", "latestTransDate": "2013-05-31", "positionDirect": 800000, "positionDirectDate": "2013-05-31"}], "maxAge": 1}, "calendarEvents": {"maxAge": 1, "earnings": {"earningsDate": []}}, "price": {"maxAge": 1, "regularMarketChangePercent": 0.045383405, "regularMarketChange": 0.28999996, "regularMarketTime": "2021-04-30 15:40:03", "priceHint": 2, "regularMarketPrice": 6.68, "regularMarketDayHigh": 6.7, "regularMarketDayLow": 6.1, "regularMarketVolume": 6018, "averageDailyVolume10Day": 5730, "averageDailyVolume3Month": 5230, "regularMarketPreviousClose": 6.39, "regularMarketSource": "FREE_REALTIME", "regularMarketOpen": 6.68, "exchange": "BSE", "exchangeName": "BSE", "exchangeDataDelayedBy": 0, "marketState": "CLOSED", "quoteType": "EQUITY", "symbol": "CATVISION.BO", "underlyingSymbol": null, "shortName": "CATVISION  LIMITED", "longName": "Catvision Limited", "currency": "INR", "quoteSourceName": "Delayed Quote", "currencySymbol": "\u20b9", "fromCurrency": null, "toCurrency": null, "lastMarket": null, "marketCap": 36430048}, "balanceSheetHistory": {"balanceSheetStatements": [{"maxAge": 1, "endDate": "2020-03-31", "cash": 4660722, "netReceivables": 78753465, "inventory": 98543405, "otherCurrentAssets": 14653964, "totalCurrentAssets": 199207058, "longTermInvestments": 46548994, "propertyPlantEquipment": 44088944, "intangibleAssets": 12591574, "otherAssets": 15634023, "totalAssets": 318070593, "accountsPayable": 27471828, "shortLongTermDebt": 1320710, "otherCurrentLiab": 30434803, "longTermDebt": 2780280, "otherLiab": 8510114, "totalCurrentLiabilities": 129096617, "totalLiab": 140387011, "commonStock": 54536000, "retainedEarnings": 103676662, "treasuryStock": 1057920, "capitalSurplus": 18413000, "otherStockholderEquity": 1057920, "totalStockholderEquity": 177683582, "netTangibleAssets": 165092008}, {"maxAge": 1, "endDate": "2019-03-31", "cash": 5921474, "netReceivables": 109857870, "inventory": 129974893, "otherCurrentAssets": 20325956, "totalCurrentAssets": 271361476, "longTermInvestments": 46080472, "propertyPlantEquipment": 40442824, "intangibleAssets": 15277413, "otherAssets": 10083865, "totalAssets": 383246050, "accountsPayable": 63991192, "shortLongTermDebt": 9175663, "otherCurrentLiab": 43380049, "longTermDebt": 4800593, "otherLiab": 9483513, "totalCurrentLiabilities": 186312840, "totalLiab": 200596946, "commonStock": 54536000, "retainedEarnings": 108642184, "treasuryStock": 1057920, "capitalSurplus": 18413000, "otherStockholderEquity": 1057920, "totalStockholderEquity": 182649104, "netTangibleAssets": 167371691}, {"maxAge": 1, "endDate": "2018-03-31", "cash": 45759271, "netReceivables": 109208417, "inventory": 107259177, "otherCurrentAssets": 33192818, "totalCurrentAssets": 298518233, "longTermInvestments": 44332461, "propertyPlantEquipment": 52163310, "intangibleAssets": 522503, "otherAssets": 11612574, "totalAssets": 407149081, "accountsPayable": 82802438, "shortLongTermDebt": 9589367, "otherCurrentLiab": 46786896, "longTermDebt": 5197362, "otherLiab": 10412701, "deferredLongTermLiab": 368744, "totalCurrentLiabilities": 204535946, "totalLiab": 220146009, "commonStock": 54536000, "retainedEarnings": 112996152, "treasuryStock": 1057920, "capitalSurplus": 18413000, "otherStockholderEquity": 1057920, "totalStockholderEquity": 187003072, "netTangibleAssets": 186480569}, {"maxAge": 1, "endDate": "2017-03-31", "cash": 43112105, "netReceivables": 96524318, "inventory": 134105720, "otherCurrentAssets": 17152838, "totalCurrentAssets": 296496544, "longTermInvestments": 34980, "propertyPlantEquipment": 68227376, "intangibleAssets": 5945930, "otherAssets": 19829155, "totalAssets": 390533985, "accountsPayable": 79258277, "shortLongTermDebt": 7264981, "otherCurrentLiab": 40698733, "longTermDebt": 4621983, "otherLiab": 9839826, "deferredLongTermLiab": 722837, "totalCurrentLiabilities": 217942814, "totalLiab": 232404623, "commonStock": 54536000, "retainedEarnings": 83326777, "treasuryStock": 1853585, "capitalSurplus": 18413000, "otherStockholderEquity": 1853585, "totalStockholderEquity": 158129362, "netTangibleAssets": 152183432}], "maxAge": 86400}, "financialData": {"maxAge": 86400, "currentPrice": 6.68, "recommendationKey": "none", "grossProfits": 95438615, "financialCurrency": "INR"}}}