{"CCHHL.BO": {"recommendationTrend": {"trend": [{"period": "0m", "strongBuy": 0, "buy": 0, "hold": 0, "sell": 0, "strongSell": 0}, {"period": "-1m", "strongBuy": 0, "buy": 0, "hold": 0, "sell": 0, "strongSell": 0}, {"period": "-2m", "strongBuy": 0, "buy": 0, "hold": 0, "sell": 0, "strongSell": 0}, {"period": "-3m", "strongBuy": 0, "buy": 0, "hold": 0, "sell": 0, "strongSell": 0}], "maxAge": 86400}, "cashflowStatementHistory": {"cashflowStatements": [{"maxAge": 1, "endDate": "2020-03-31", "netIncome": -921441000, "depreciation": 487571000, "changeToNetincome": -3786133000, "changeToAccountReceivables": 126430000, "changeToLiabilities": -13793000, "changeToInventory": 3092000, "changeToOperatingActivities": 852050000, "totalCashFromOperatingActivities": -3252224000, "otherCashflowsFromInvestingActivities": 73994000, "totalCashflowsFromInvestingActivities": 5360553000, "netBorrowings": -1621583000, "otherCashflowsFromFinancingActivities": -483794000, "totalCashFromFinancingActivities": -2105377000, "changeInCash": 2952000}, {"maxAge": 1, "endDate": "2019-03-31", "netIncome": -536666725, "depreciation": 445569929, "changeToNetincome": 660827937, "changeToAccountReceivables": -54906135, "changeToLiabilities": -15988419, "changeToInventory": -8178159, "changeToOperatingActivities": 403431497, "totalCashFromOperatingActivities": 894603477, "capitalExpenditures": -90109658, "otherCashflowsFromInvestingActivities": 513605, "totalCashflowsFromInvestingActivities": -137475208, "netBorrowings": -450983580, "otherCashflowsFromFinancingActivities": -347230134, "totalCashFromFinancingActivities": -798213714, "changeInCash": -41085445}, {"maxAge": 1, "endDate": "2018-03-31", "netIncome": -482515346, "depreciation": 479344985, "changeToNetincome": 536701737, "changeToAccountReceivables": 92019, "changeToLiabilities": -3654977, "changeToInventory": -11443858, "changeToOperatingActivities": -5578169, "totalCashFromOperatingActivities": 513460890, "capitalExpenditures": -43232841, "otherCashflowsFromInvestingActivities": 6262273, "totalCashflowsFromInvestingActivities": 36973831, "netBorrowings": -123791615, "otherCashflowsFromFinancingActivities": -444469479, "totalCashFromFinancingActivities": -568261094, "changeInCash": -17826373}, {"maxAge": 1, "endDate": "2017-03-31", "netIncome": 48827845, "depreciation": 449217220, "changeToNetincome": 549624192, "changeToAccountReceivables": 17519130, "changeToLiabilities": -7615766, "changeToInventory": -7525962, "changeToOperatingActivities": -221637226, "totalCashFromOperatingActivities": 833260699, "capitalExpenditures": -390667427, "otherCashflowsFromInvestingActivities": 873192, "totalCashflowsFromInvestingActivities": -922392461, "netBorrowings": 449823087, "otherCashflowsFromFinancingActivities": -436627565, "totalCashFromFinancingActivities": 13195522, "changeInCash": -75936240}], "maxAge": 86400}, "institutionOwnership": {"maxAge": 1, "ownershipList": []}, "balanceSheetHistoryQuarterly": {"balanceSheetStatements": [{"maxAge": 1, "endDate": "2020-06-30", "totalStockholderEquity": 4224248000, "netTangibleAssets": 3407749000}, {"maxAge": 1, "endDate": "2020-03-31", "cash": 61259000, "shortTermInvestments": 1148000, "netReceivables": 423071000, "inventory": 57290000, "otherCurrentAssets": 26384000, "totalCurrentAssets": 569152000, "propertyPlantEquipment": 7662492000, "intangibleAssets": 816499000, "otherAssets": 330156000, "totalAssets": 9378299000, "accountsPayable": 163136000, "otherCurrentLiab": 1505849000, "longTermDebt": 1878416000, "otherLiab": 1182225000, "deferredLongTermLiab": 37000, "totalCurrentLiabilities": 2093410000, "totalLiab": 5154051000, "commonStock": 326929000, "treasuryStock": 3897319000, "otherStockholderEquity": 3897319000, "totalStockholderEquity": 4224248000, "netTangibleAssets": 3407749000}, {"maxAge": 1, "endDate": "2019-12-31", "totalStockholderEquity": 9268762000, "netTangibleAssets": 8452645000}, {"maxAge": 1, "endDate": "2019-09-30", "cash": 42818000, "shortTermInvestments": 1148000, "netReceivables": 944948000, "inventory": 60018000, "otherCurrentAssets": 270530000, "totalCurrentAssets": 1319462000, "propertyPlantEquipment": 12473900000, "intangibleAssets": 816117000, "otherAssets": 1292856000, "totalAssets": 15902335000, "accountsPayable": 156626000, "otherCurrentLiab": 1390929000, "longTermDebt": 3525537000, "otherLiab": 1152916000, "totalCurrentLiabilities": 1955120000, "totalLiab": 6633573000, "commonStock": 326929000, "treasuryStock": 8941833000, "otherStockholderEquity": 8941833000, "totalStockholderEquity": 9268762000, "netTangibleAssets": 8452645000}], "maxAge": 86400}, "earningsHistory": {"history": [{"maxAge": 1, "epsActual": {}, "epsEstimate": {}, "epsDifference": {}, "surprisePercent": {}, "quarter": {}, "period": "-4q"}, {"maxAge": 1, "epsActual": {}, "epsEstimate": {}, "epsDifference": {}, "surprisePercent": {}, "quarter": {}, "period": "-3q"}, {"maxAge": 1, "epsActual": {}, "epsEstimate": {}, "epsDifference": {}, "surprisePercent": {}, "quarter": {}, "period": "-2q"}, {"maxAge": 1, "epsActual": {}, "epsEstimate": {}, "epsDifference": {}, "surprisePercent": {}, "quarter": {}, "period": "-1q"}], "maxAge": 86400}, "indexTrend": {"maxAge": 1, "symbol": "SP5", "peRatio": 19.7411, "pegRatio": 1.34172, "estimates": [{"period": "0q", "growth": 0.549}, {"period": "+1q", "growth": 0.431}, {"period": "0y", "growth": 0.305}, {"period": "+1y", "growth": 0.109}, {"period": "+5y", "growth": 0.120865}, {"period": "-5y"}]}, "industryTrend": {"maxAge": 1, "symbol": null, "estimates": []}, "insiderTransactions": {"transactions": [{"maxAge": 1, "shares": 251000, "filerUrl": "", "transactionText": "", "filerName": "Yeragudi (Rajeev Reddy)", "filerRelation": "Chairman of the Board", "moneyText": "", "startDate": "2011-09-26", "ownership": "D"}], "maxAge": 1}, "quoteType": {"exchange": "BSE", "quoteType": "EQUITY", "symbol": "CCHHL.BO", "underlyingSymbol": "CCHHL.BO", "shortName": "COUNTRY CLUB HOSPITALITY AND H", "longName": "Country Club Hospitality & Holidays Limited", "firstTradeDateEpochUtc": "2005-01-18 09:15:00", "timeZoneFullName": "Asia/Kolkata", "timeZoneShortName": "IST", "uuid": "dccb0f83-6c86-3495-b62e-66428d460e3e", "messageBoardId": null, "gmtOffSetMilliseconds": 19800000, "maxAge": 1}, "incomeStatementHistory": {"incomeStatementHistory": [{"maxAge": 1, "endDate": "2020-03-31", "totalRevenue": 1535550000, "costOfRevenue": 140046000, "grossProfit": 1395504000, "researchDevelopment": {}, "sellingGeneralAdministrative": 624185000, "nonRecurring": {}, "otherOperatingExpenses": 667125000, "totalOperatingExpenses": 1918927000, "operatingIncome": -383377000, "totalOtherIncomeExpenseNet": -488046000, "ebit": -383377000, "interestExpense": -488046000, "incomeBeforeTax": -871423000, "incomeTaxExpense": 50018000, "minorityInterest": {}, "netIncomeFromContinuingOps": -921441000, "discontinuedOperations": {}, "extraordinaryItems": {}, "effectOfAccountingCharges": {}, "otherItems": {}, "netIncome": -921441000, "netIncomeApplicableToCommonShares": -921441000}, {"maxAge": 1, "endDate": "2019-03-31", "totalRevenue": 2665229253, "costOfRevenue": 154465447, "grossProfit": 2510763806, "researchDevelopment": {}, "sellingGeneralAdministrative": 1510161499, "nonRecurring": {}, "otherOperatingExpenses": 567856428, "totalOperatingExpenses": 2678566855, "operatingIncome": -13337602, "totalOtherIncomeExpenseNet": -455171866, "ebit": -13337602, "interestExpense": -455685471, "incomeBeforeTax": -468509468, "incomeTaxExpense": 68157257, "minorityInterest": {}, "netIncomeFromContinuingOps": -536666725, "discontinuedOperations": {}, "extraordinaryItems": {}, "effectOfAccountingCharges": {}, "otherItems": {}, "netIncome": -536666725, "netIncomeApplicableToCommonShares": -536666725}, {"maxAge": 1, "endDate": "2018-03-31", "totalRevenue": 3322373962, "costOfRevenue": 166943385, "grossProfit": 3155430577, "researchDevelopment": {}, "sellingGeneralAdministrative": 1941092608, "nonRecurring": {}, "otherOperatingExpenses": 701339044, "totalOperatingExpenses": 3289234521, "operatingIncome": 33139441, "totalOtherIncomeExpenseNet": -439616187, "ebit": 33139441, "interestExpense": -441399818, "incomeBeforeTax": -406476746, "incomeTaxExpense": 76038600, "minorityInterest": {}, "netIncomeFromContinuingOps": -482515346, "discontinuedOperations": {}, "extraordinaryItems": {}, "effectOfAccountingCharges": {}, "otherItems": {}, "netIncome": -482515346, "netIncomeApplicableToCommonShares": -482515346}, {"maxAge": 1, "endDate": "2017-03-31", "totalRevenue": 4568778317, "costOfRevenue": 212656506, "grossProfit": 4356121811, "researchDevelopment": {}, "sellingGeneralAdministrative": 2360373136, "nonRecurring": {}, "otherOperatingExpenses": 978495391, "totalOperatingExpenses": 4005593519, "operatingIncome": 563184798, "totalOtherIncomeExpenseNet": -430244669, "ebit": 563184798, "interestExpense": -431117860, "incomeBeforeTax": 132940129, "incomeTaxExpense": 84112284, "minorityInterest": {}, "netIncomeFromContinuingOps": 48827845, "discontinuedOperations": {}, "extraordinaryItems": {}, "effectOfAccountingCharges": {}, "otherItems": {}, "netIncome": 48827845, "netIncomeApplicableToCommonShares": 48827845}], "maxAge": 86400}, "fundOwnership": {"maxAge": 1, "ownershipList": []}, "summaryDetail": {"maxAge": 1, "priceHint": 4, "previousClose": 4.8, "open": 4.9, "dayLow": 4.42, "dayHigh": 5.0, "regularMarketPreviousClose": 4.8, "regularMarketOpen": 4.9, "regularMarketDayLow": 4.42, "regularMarketDayHigh": 5.0, "volume": 38988, "regularMarketVolume": 38988, "averageVolume": 34150, "averageVolume10days": 16970, "averageDailyVolume10Day": 16970, "bid": 4.55, "ask": 4.92, "bidSize": 0, "askSize": 0, "marketCap": 751938944, "fiftyTwoWeekLow": 1.69, "fiftyTwoWeekHigh": 7.29, "fiftyDayAverage": 5.066, "twoHundredDayAverage": 3.9754014, "currency": "INR", "fromCurrency": null, "toCurrency": null, "lastMarket": null, "algorithm": null, "tradeable": false}, "sectorTrend": {"maxAge": 1, "symbol": null, "estimates": []}, "incomeStatementHistoryQuarterly": {"incomeStatementHistory": [{"maxAge": 1, "endDate": "2020-06-30", "totalRevenue": 38360000, "costOfRevenue": 318000, "grossProfit": 38042000, "researchDevelopment": {}, "sellingGeneralAdministrative": 21818000, "nonRecurring": {}, "otherOperatingExpenses": 22798000, "totalOperatingExpenses": 88428000, "operatingIncome": -50068000, "totalOtherIncomeExpenseNet": -70076000, "ebit": -50068000, "interestExpense": -70076000, "incomeBeforeTax": -120144000, "incomeTaxExpense": 14493000, "minorityInterest": {}, "netIncomeFromContinuingOps": -134637000, "discontinuedOperations": {}, "extraordinaryItems": {}, "effectOfAccountingCharges": {}, "otherItems": {}, "netIncome": -134637000, "netIncomeApplicableToCommonShares": -134637000}, {"maxAge": 1, "endDate": "2020-03-31", "totalRevenue": 302563000, "costOfRevenue": 28536000, "grossProfit": 274027000, "researchDevelopment": {}, "sellingGeneralAdministrative": 160533000, "nonRecurring": {}, "otherOperatingExpenses": 194562000, "totalOperatingExpenses": 535235000, "operatingIncome": -232672000, "totalOtherIncomeExpenseNet": -137037000, "ebit": -232672000, "interestExpense": -137037000, "incomeBeforeTax": -369709000, "incomeTaxExpense": 17320000, "minorityInterest": {}, "netIncomeFromContinuingOps": -387029000, "discontinuedOperations": {}, "extraordinaryItems": {}, "effectOfAccountingCharges": {}, "otherItems": {}, "netIncome": -387029000, "netIncomeApplicableToCommonShares": -387029000}, {"maxAge": 1, "endDate": "2019-12-31", "totalRevenue": 350633000, "costOfRevenue": 57868000, "grossProfit": 292765000, "researchDevelopment": {}, "sellingGeneralAdministrative": 135010000, "nonRecurring": {}, "otherOperatingExpenses": 138870000, "totalOperatingExpenses": 447826000, "operatingIncome": -97193000, "totalOtherIncomeExpenseNet": -132831000, "ebit": -97193000, "interestExpense": -132831000, "incomeBeforeTax": -230024000, "incomeTaxExpense": 7983000, "minorityInterest": {}, "netIncomeFromContinuingOps": -238007000, "discontinuedOperations": {}, "extraordinaryItems": {}, "effectOfAccountingCharges": {}, "otherItems": {}, "netIncome": -238007000, "netIncomeApplicableToCommonShares": -238007000}, {"maxAge": 1, "endDate": "2019-09-30", "totalRevenue": 377924000, "costOfRevenue": 26345000, "grossProfit": 351579000, "researchDevelopment": {}, "sellingGeneralAdministrative": 136205000, "nonRecurring": {}, "otherOperatingExpenses": 150645000, "totalOperatingExpenses": 420763000, "operatingIncome": -42839000, "totalOtherIncomeExpenseNet": -119337000, "ebit": -42839000, "interestExpense": -119337000, "incomeBeforeTax": -162176000, "incomeTaxExpense": 10540000, "minorityInterest": {}, "netIncomeFromContinuingOps": -172716000, "discontinuedOperations": {}, "extraordinaryItems": {}, "effectOfAccountingCharges": {}, "otherItems": {}, "netIncome": -172716000, "netIncomeApplicableToCommonShares": -172716000}], "maxAge": 86400}, "cashflowStatementHistoryQuarterly": {"cashflowStatements": [{"maxAge": 1, "endDate": "2020-06-30", "netIncome": -134637000, "changeToLiabilities": 0}, {"maxAge": 1, "endDate": "2020-03-31", "netIncome": -387029000, "changeToLiabilities": 0}, {"maxAge": 1, "endDate": "2019-12-31", "netIncome": -238007000, "changeToLiabilities": 0}, {"maxAge": 1, "endDate": "2019-09-30", "netIncome": -172716000, "changeToLiabilities": 0}], "maxAge": 86400}, "insiderHolders": {"holders": [{"maxAge": 1, "name": "Yeragudi (Rajeev Reddy)", "relation": "Chairman of the Board", "url": "", "transactionDescription": "Acquisition", "latestTransDate": "2011-09-26", "positionDirect": 33788386, "positionDirectDate": "2011-09-26"}], "maxAge": 1}, "earnings": {"maxAge": 86400, "earningsChart": {"quarterly": [], "earningsDate": ["2020-09-15 05:30:S"]}, "financialsChart": {"yearly": [{"date": 2017, "revenue": 4568778317, "earnings": 48827845}, {"date": 2018, "revenue": 3322373962, "earnings": -482515346}, {"date": 2019, "revenue": 2665229253, "earnings": -536666725}, {"date": 2020, "revenue": 1535550000, "earnings": -921441000}], "quarterly": [{"date": "3Q2019", "revenue": 377924000, "earnings": -172716000}, {"date": "4Q2019", "revenue": 350633000, "earnings": -238007000}, {"date": "1Q2020", "revenue": 302563000, "earnings": -387029000}, {"date": "2Q2020", "revenue": 38360000, "earnings": -134637000}]}, "financialCurrency": "INR"}, "calendarEvents": {"maxAge": 1, "earnings": {"earningsDate": ["2020-09-15 05:30:S"]}}, "price": {"maxAge": 1, "regularMarketChangePercent": -0.041666724, "regularMarketChange": -0.20000029, "regularMarketTime": "2021-04-30 15:27:28", "priceHint": 4, "regularMarketPrice": 4.6, "regularMarketDayHigh": 5.0, "regularMarketDayLow": 4.42, "regularMarketVolume": 38988, "averageDailyVolume10Day": 16970, "averageDailyVolume3Month": 34150, "regularMarketPreviousClose": 4.8, "regularMarketSource": "FREE_REALTIME", "regularMarketOpen": 4.9, "exchange": "BSE", "exchangeName": "BSE", "exchangeDataDelayedBy": 0, "marketState": "CLOSED", "quoteType": "EQUITY", "symbol": "CCHHL.BO", "underlyingSymbol": null, "shortName": "COUNTRY CLUB HOSPITALITY AND H", "longName": "Country Club Hospitality & Holidays Limited", "currency": "INR", "quoteSourceName": "Delayed Quote", "currencySymbol": "\u20b9", "fromCurrency": null, "toCurrency": null, "lastMarket": null, "marketCap": 751938944}, "balanceSheetHistory": {"balanceSheetStatements": [{"maxAge": 1, "endDate": "2020-03-31", "cash": 61259000, "shortTermInvestments": 1148000, "netReceivables": 423071000, "inventory": 57290000, "otherCurrentAssets": 26384000, "totalCurrentAssets": 569152000, "propertyPlantEquipment": 7662492000, "intangibleAssets": 816499000, "otherAssets": 330156000, "totalAssets": 9378299000, "accountsPayable": 163136000, "otherCurrentLiab": 1505849000, "longTermDebt": 1878416000, "otherLiab": 1182225000, "deferredLongTermLiab": 37000, "totalCurrentLiabilities": 2093410000, "totalLiab": 5154051000, "commonStock": 326929000, "treasuryStock": 3897319000, "otherStockholderEquity": 3897319000, "totalStockholderEquity": 4224248000, "netTangibleAssets": 3407749000}, {"maxAge": 1, "endDate": "2019-03-31", "cash": 58306867, "shortTermInvestments": 1148000, "netReceivables": 296287485, "inventory": 60381256, "otherCurrentAssets": 663848167, "totalCurrentAssets": 1332664952, "propertyPlantEquipment": 12592495260, "goodWill": 805108986, "intangibleAssets": 11509345, "otherAssets": 1247903702, "totalAssets": 15989682245, "accountsPayable": 176928904, "shortLongTermDebt": 958119718, "otherCurrentLiab": 116582239, "longTermDebt": 3499999023, "otherLiab": 1127955381, "deferredLongTermLiab": 37399, "totalCurrentLiabilities": 1892096378, "totalLiab": 6520050782, "commonStock": 326929470, "retainedEarnings": 2848121413, "treasuryStock": 1328028611, "capitalSurplus": 4966551969, "otherStockholderEquity": 1328028611, "totalStockholderEquity": 9469631463, "netTangibleAssets": 8653013132}, {"maxAge": 1, "endDate": "2018-03-31", "cash": 99392312, "shortTermInvestments": 1148000, "netReceivables": 218363308, "inventory": 52203095, "otherCurrentAssets": 628764453, "totalCurrentAssets": 1232368131, "propertyPlantEquipment": 12948325003, "goodWill": 805108986, "intangibleAssets": 11653426, "otherAssets": 1200024547, "totalAssets": 16197480093, "accountsPayable": 192917323, "shortLongTermDebt": 499652497, "otherCurrentLiab": 140256955, "longTermDebt": 3950982603, "otherLiab": 951342786, "deferredLongTermLiab": 37399, "totalCurrentLiabilities": 1426355330, "totalLiab": 6328680719, "commonStock": 326929470, "retainedEarnings": 3400133421, "treasuryStock": 1175184514, "capitalSurplus": 4966551969, "otherStockholderEquity": 1175184514, "totalStockholderEquity": 9868799374, "netTangibleAssets": 9052036962}, {"maxAge": 1, "endDate": "2017-03-31", "cash": 117218685, "shortTermInvestments": 273000, "netReceivables": 225793963, "inventory": 40759236, "otherCurrentAssets": 642459397, "totalCurrentAssets": 1240545908, "propertyPlantEquipment": 13388915789, "goodWill": 805108986, "intangibleAssets": 12167925, "otherAssets": 1273968946, "totalAssets": 16720707554, "accountsPayable": 196572300, "shortLongTermDebt": 442390423, "otherCurrentLiab": 193130557, "longTermDebt": 4074774218, "otherLiab": 878373846, "deferredLongTermLiab": 37399, "totalCurrentLiabilities": 1437291720, "totalLiab": 6390439784, "commonStock": 326929470, "retainedEarnings": 3907273926, "treasuryStock": 1129512405, "capitalSurplus": 4966551969, "otherStockholderEquity": 1129512405, "totalStockholderEquity": 10330267770, "netTangibleAssets": 9512990859}], "maxAge": 86400}, "earningsTrend": {"trend": [{"maxAge": 1, "period": "0q", "endDate": null, "growth": {}, "earningsEstimate": {"avg": 0.0, "low": 0.0, "high": 0.0, "yearAgoEps": {}, "numberOfAnalysts": 0, "growth": {}}, "revenueEstimate": {"avg": 0, "low": 0, "high": 0, "numberOfAnalysts": 0, "yearAgoRevenue": {}, "growth": {}}, "epsTrend": {"current": 0.0, "7daysAgo": 0.0, "30daysAgo": 0.0, "60daysAgo": 0.0, "90daysAgo": 0.0}, "epsRevisions": {"upLast7days": 0, "upLast30days": 0, "downLast30days": 0, "downLast90days": {}}}, {"maxAge": 1, "period": "+1q", "endDate": null, "growth": {}, "earningsEstimate": {"avg": 0.0, "low": 0.0, "high": 0.0, "yearAgoEps": {}, "numberOfAnalysts": 0, "growth": {}}, "revenueEstimate": {"avg": 0, "low": 0, "high": 0, "numberOfAnalysts": 0, "yearAgoRevenue": {}, "growth": {}}, "epsTrend": {"current": 0.0, "7daysAgo": 0.0, "30daysAgo": 0.0, "60daysAgo": 0.0, "90daysAgo": 0.0}, "epsRevisions": {"upLast7days": 0, "upLast30days": 0, "downLast30days": 0, "downLast90days": {}}}, {"maxAge": 1, "period": "0y", "endDate": null, "growth": {}, "earningsEstimate": {"avg": 0.0, "low": 0.0, "high": 0.0, "yearAgoEps": {}, "numberOfAnalysts": 0, "growth": {}}, "revenueEstimate": {"avg": 0, "low": 0, "high": 0, "numberOfAnalysts": 0, "yearAgoRevenue": {}, "growth": {}}, "epsTrend": {"current": 0.0, "7daysAgo": 0.0, "30daysAgo": 0.0, "60daysAgo": 0.0, "90daysAgo": 0.0}, "epsRevisions": {"upLast7days": 0, "upLast30days": 0, "downLast30days": 0, "downLast90days": {}}}, {"maxAge": 1, "period": "+1y", "endDate": null, "growth": {}, "earningsEstimate": {"avg": 0.0, "low": 0.0, "high": 0.0, "yearAgoEps": {}, "numberOfAnalysts": 0, "growth": {}}, "revenueEstimate": {"avg": 0, "low": 0, "high": 0, "numberOfAnalysts": 0, "yearAgoRevenue": {}, "growth": {}}, "epsTrend": {"current": 0.0, "7daysAgo": 0.0, "30daysAgo": 0.0, "60daysAgo": 0.0, "90daysAgo": 0.0}, "epsRevisions": {"upLast7days": 0, "upLast30days": 0, "downLast30days": 0, "downLast90days": {}}}, {"maxAge": 1, "period": "+5y", "endDate": null, "growth": {}, "earningsEstimate": {"avg": {}, "low": {}, "high": {}, "yearAgoEps": {}, "numberOfAnalysts": {}, "growth": {}}, "revenueEstimate": {"avg": {}, "low": {}, "high": {}, "numberOfAnalysts": {}, "yearAgoRevenue": {}, "growth": {}}, "epsTrend": {"current": {}, "7daysAgo": {}, "30daysAgo": {}, "60daysAgo": {}, "90daysAgo": {}}, "epsRevisions": {"upLast7days": {}, "upLast30days": {}, "downLast30days": {}, "downLast90days": {}}}, {"maxAge": 1, "period": "-5y", "endDate": null, "growth": {}, "earningsEstimate": {"avg": {}, "low": {}, "high": {}, "yearAgoEps": {}, "numberOfAnalysts": {}, "growth": {}}, "revenueEstimate": {"avg": {}, "low": {}, "high": {}, "numberOfAnalysts": {}, "yearAgoRevenue": {}, "growth": {}}, "epsTrend": {"current": {}, "7daysAgo": {}, "30daysAgo": {}, "60daysAgo": {}, "90daysAgo": {}}, "epsRevisions": {"upLast7days": {}, "upLast30days": {}, "downLast30days": {}, "downLast90days": {}}}], "maxAge": 1}, "financialData": {"maxAge": 86400, "currentPrice": 4.6, "recommendationKey": "none", "grossProfits": 1395504000, "financialCurrency": "INR"}}}