{"CCHHL.NS": {"assetProfile": {"address1": "6-3-1219/A, Country Club Kool", "address2": "4th & 5th Floors Begumpet", "city": "Hyderabad", "zip": "500016", "country": "India", "phone": "91 40 6684 8888", "fax": "91 40 6684 3444", "website": "http://www.countryclubindia.net", "industry": "Lodging", "sector": "Consumer Cyclical", "longBusinessSummary": "Country Club Hospitality & Holidays Limited provides leisure hospitality membership services in India. The company sells vacation ownership and other related services. It also provides clubbing hub, holiday destination, fitness center, and entertainment event services. The company has approximately 50 clubs, resorts, and hotels in India, the Middle East, Bangkok, and Sri Lanka. The company was formerly known as Country Club (India) Limited and changed its name to Country Club Hospitality & Holidays Limited in December 2014. Country Club Hospitality & Holidays Limited was founded in 1989 and is headquartered in Hyderabad, India.", "fullTimeEmployees": 1512, "companyOfficers": [{"maxAge": 1, "name": "Mr. Rajeev  Reddy Yedaguri", "age": 64, "title": "Founder, Chairman & MD", "yearBorn": 1956, "fiscalYear": 2020, "totalPay": 0, "exercisedValue": 0, "unexercisedValue": 0}, {"maxAge": 1, "name": "Mr. Siddharth  Reddy Yedaguri", "age": 37, "title": "Vice Chairman, Joint MD & CEO", "yearBorn": 1983, "fiscalYear": 2020, "totalPay": 0, "exercisedValue": 0, "unexercisedValue": 0}, {"maxAge": 1, "name": "Mr. Varun  Reddy Yedaguri", "age": 35, "title": "Vice Chairman, Joint MD & COO", "yearBorn": 1985, "fiscalYear": 2020, "totalPay": 0, "exercisedValue": 0, "unexercisedValue": 0}, {"maxAge": 1, "name": "Mr. Ramaraju Durga Prasad", "title": "Chief Financial Officer", "exercisedValue": 0, "unexercisedValue": 0}, {"maxAge": 1, "name": "Ms. Khushboo Agarwal J.", "title": "Company Sec. & Compliance Officer", "exercisedValue": 0, "unexercisedValue": 0}, {"maxAge": 1, "name": "Ms. Kauser  Jabeen", "title": "Head of Communications", "exercisedValue": 0, "unexercisedValue": 0}, {"maxAge": 1, "name": "Mr. Shaji  Mathew", "title": "Chief Operating Officer of Country Vacations", "exercisedValue": 0, "unexercisedValue": 0}], "compensationAsOfEpochDate": "2020-12-31 05:30:00", "maxAge": 86400}, "recommendationTrend": {"trend": [{"period": "0m", "strongBuy": 0, "buy": 0, "hold": 0, "sell": 0, "strongSell": 0}, {"period": "-1m", "strongBuy": 0, "buy": 0, "hold": 0, "sell": 0, "strongSell": 0}, {"period": "-2m", "strongBuy": 0, "buy": 0, "hold": 0, "sell": 0, "strongSell": 0}, {"period": "-3m", "strongBuy": 0, "buy": 0, "hold": 0, "sell": 0, "strongSell": 0}], "maxAge": 86400}, "cashflowStatementHistory": {"cashflowStatements": [{"maxAge": 1, "endDate": "2020-03-31", "netIncome": -921441622, "depreciation": 487478251, "changeToNetincome": -3786132151, "changeToAccountReceivables": 126430036, "changeToLiabilities": -13793260, "changeToInventory": 3091664, "changeToOperatingActivities": 852050728, "totalCashFromOperatingActivities": -3252223529, "otherCashflowsFromInvestingActivities": -5286559233, "netBorrowings": -1621583426, "otherCashflowsFromFinancingActivities": -483794021, "totalCashFromFinancingActivities": -2105377447, "changeInCash": 2951895}, {"maxAge": 1, "endDate": "2019-03-31", "netIncome": -536666725, "depreciation": 445569929, "changeToNetincome": 660827937, "changeToAccountReceivables": -54906135, "changeToLiabilities": -15988419, "changeToInventory": -8178159, "changeToOperatingActivities": 403431497, "totalCashFromOperatingActivities": 894603477, "capitalExpenditures": -90109658, "otherCashflowsFromInvestingActivities": 513605, "totalCashflowsFromInvestingActivities": -137475208, "netBorrowings": -450983580, "otherCashflowsFromFinancingActivities": -347230134, "totalCashFromFinancingActivities": -798213714, "changeInCash": -41085445}, {"maxAge": 1, "endDate": "2018-03-31", "netIncome": -482515346, "depreciation": 479344985, "changeToNetincome": 536701737, "changeToAccountReceivables": 92019, "changeToLiabilities": -3654977, "changeToInventory": -11443858, "changeToOperatingActivities": -5578169, "totalCashFromOperatingActivities": 513460890, "capitalExpenditures": -43232841, "otherCashflowsFromInvestingActivities": 6262273, "totalCashflowsFromInvestingActivities": 36973831, "netBorrowings": -123791615, "otherCashflowsFromFinancingActivities": -444469479, "totalCashFromFinancingActivities": -568261094, "changeInCash": -17826373}, {"maxAge": 1, "endDate": "2017-03-31", "netIncome": 48827845, "depreciation": 449217220, "changeToNetincome": 549624192, "changeToAccountReceivables": 17519130, "changeToLiabilities": -7615766, "changeToInventory": -7525962, "changeToOperatingActivities": -221637226, "totalCashFromOperatingActivities": 833260699, "capitalExpenditures": -390667427, "otherCashflowsFromInvestingActivities": 873192, "totalCashflowsFromInvestingActivities": -922392461, "netBorrowings": 449823087, "otherCashflowsFromFinancingActivities": -436627565, "totalCashFromFinancingActivities": 13195522, "changeInCash": -75936240}], "maxAge": 86400}, "indexTrend": {"maxAge": 1, "symbol": "SP5", "peRatio": 19.7411, "pegRatio": 1.34172, "estimates": [{"period": "0q", "growth": 0.549}, {"period": "+1q", "growth": 0.431}, {"period": "0y", "growth": 0.305}, {"period": "+1y", "growth": 0.109}, {"period": "+5y", "growth": 0.120865}, {"period": "-5y"}]}, "defaultKeyStatistics": {"maxAge": 1, "priceHint": 4, "enterpriseValue": 4127594240, "profitMargins": -1.2717, "floatShares": 38861614, "sharesOutstanding": 163464992, "heldPercentInsiders": 0.73800004, "heldPercentInstitutions": 0.0, "beta": 1.380539, "category": null, "bookValue": 24.065, "priceToBook": 0.18907127, "fundFamily": null, "legalType": null, "lastFiscalYearEnd": "2020-03-31 05:30:00", "nextFiscalYearEnd": "2022-03-31 05:30:00", "mostRecentQuarter": "2020-12-31 05:30:00", "netIncomeToCommon": -791763648, "trailingEps": -4.852, "lastSplitFactor": null, "enterpriseToRevenue": 6.63, "enterpriseToEbitda": 27.164, "52WeekChange": 0.82000005, "SandP52WeekChange": 0.48148263}, "industryTrend": {"maxAge": 1, "symbol": null, "estimates": []}, "quoteType": {"exchange": "NSI", "quoteType": "EQUITY", "symbol": "CCHHL.NS", "underlyingSymbol": "CCHHL.NS", "shortName": "COUNTRY CLUB HOSPI", "longName": "Country Club Hospitality & Holidays Limited", "firstTradeDateEpochUtc": "2015-02-03 09:15:00", "timeZoneFullName": "Asia/Kolkata", "timeZoneShortName": "IST", "uuid": "d224d48c-c90c-3819-b43e-a98131511af3", "messageBoardId": "finmb_20476386", "gmtOffSetMilliseconds": 19800000, "maxAge": 1}, "incomeStatementHistory": {"incomeStatementHistory": [{"maxAge": 1, "endDate": "2020-03-31", "totalRevenue": 1535294986, "costOfRevenue": 140045878, "grossProfit": 1395249108, "researchDevelopment": {}, "sellingGeneralAdministrative": 844720434, "nonRecurring": {}, "otherOperatingExpenses": 446590159, "totalOperatingExpenses": 1918927547, "operatingIncome": -383632561, "totalOtherIncomeExpenseNet": -487790917, "ebit": -383632561, "interestExpense": -488045549, "incomeBeforeTax": -871423478, "incomeTaxExpense": 50018144, "minorityInterest": {}, "netIncomeFromContinuingOps": -921441622, "discontinuedOperations": {}, "extraordinaryItems": {}, "effectOfAccountingCharges": {}, "otherItems": {}, "netIncome": -921441622, "netIncomeApplicableToCommonShares": -921441622}, {"maxAge": 1, "endDate": "2019-03-31", "totalRevenue": 2665229253, "costOfRevenue": 154465447, "grossProfit": 2510763806, "researchDevelopment": {}, "sellingGeneralAdministrative": 1510161499, "nonRecurring": {}, "otherOperatingExpenses": 567856428, "totalOperatingExpenses": 2678566855, "operatingIncome": -13337602, "totalOtherIncomeExpenseNet": -455171866, "ebit": -13337602, "interestExpense": -455685471, "incomeBeforeTax": -468509468, "incomeTaxExpense": 68157257, "minorityInterest": {}, "netIncomeFromContinuingOps": -536666725, "discontinuedOperations": {}, "extraordinaryItems": {}, "effectOfAccountingCharges": {}, "otherItems": {}, "netIncome": -536666725, "netIncomeApplicableToCommonShares": -536666725}, {"maxAge": 1, "endDate": "2018-03-31", "totalRevenue": 3322373962, "costOfRevenue": 166943385, "grossProfit": 3155430577, "researchDevelopment": {}, "sellingGeneralAdministrative": 1941092608, "nonRecurring": {}, "otherOperatingExpenses": 701339044, "totalOperatingExpenses": 3289234521, "operatingIncome": 33139441, "totalOtherIncomeExpenseNet": -439616187, "ebit": 33139441, "interestExpense": -441399818, "incomeBeforeTax": -406476746, "incomeTaxExpense": 76038600, "minorityInterest": {}, "netIncomeFromContinuingOps": -482515346, "discontinuedOperations": {}, "extraordinaryItems": {}, "effectOfAccountingCharges": {}, "otherItems": {}, "netIncome": -482515346, "netIncomeApplicableToCommonShares": -482515346}, {"maxAge": 1, "endDate": "2017-03-31", "totalRevenue": 4568778317, "costOfRevenue": 212656506, "grossProfit": 4356121811, "researchDevelopment": {}, "sellingGeneralAdministrative": 2360373136, "nonRecurring": {}, "otherOperatingExpenses": 978495391, "totalOperatingExpenses": 4005593519, "operatingIncome": 563184798, "totalOtherIncomeExpenseNet": -430244669, "ebit": 563184798, "interestExpense": -431117860, "incomeBeforeTax": 132940129, "incomeTaxExpense": 84112284, "minorityInterest": {}, "netIncomeFromContinuingOps": 48827845, "discontinuedOperations": {}, "extraordinaryItems": {}, "effectOfAccountingCharges": {}, "otherItems": {}, "netIncome": 48827845, "netIncomeApplicableToCommonShares": 48827845}], "maxAge": 86400}, "fundOwnership": {"maxAge": 1, "ownershipList": []}, "summaryDetail": {"maxAge": 1, "priceHint": 4, "previousClose": 4.8, "open": 4.7, "dayLow": 4.1, "dayHigh": 4.95, "regularMarketPreviousClose": 4.8, "regularMarketOpen": 4.7, "regularMarketDayLow": 4.1, "regularMarketDayHigh": 4.95, "payoutRatio": 0.0, "beta": 1.380539, "volume": 162826, "regularMarketVolume": 162826, "averageVolume": 77876, "averageVolume10days": 195276, "averageDailyVolume10Day": 195276, "bid": 0.0, "ask": 0.0, "bidSize": 0, "askSize": 0, "marketCap": 743765760, "fiftyTwoWeekLow": 2.0, "fiftyTwoWeekHigh": 7.2, "priceToSalesTrailing12Months": 1.1946068, "fiftyDayAverage": 4.2454543, "twoHundredDayAverage": 4.41844, "currency": "INR", "fromCurrency": null, "toCurrency": null, "lastMarket": null, "algorithm": null, "tradeable": false}, "insiderHolders": {"holders": [{"maxAge": 1, "name": "Yeragudi (Rajeev Reddy)", "relation": "Chairman of the Board", "url": "", "transactionDescription": "Acquisition", "latestTransDate": "2011-09-26", "positionDirect": 33788386, "positionDirectDate": "2011-09-26"}], "maxAge": 1}, "calendarEvents": {"maxAge": 1, "earnings": {"earningsDate": []}}, "price": {"maxAge": 1, "regularMarketChangePercent": -0.05208333, "regularMarketChange": -0.25, "regularMarketTime": "2021-04-30 15:29:26", "priceHint": 4, "regularMarketPrice": 4.55, "regularMarketDayHigh": 4.95, "regularMarketDayLow": 4.1, "regularMarketVolume": 162826, "averageDailyVolume10Day": 195276, "averageDailyVolume3Month": 77876, "regularMarketPreviousClose": 4.8, "regularMarketSource": "FREE_REALTIME", "regularMarketOpen": 4.7, "exchange": "NSI", "exchangeName": "NSE", "exchangeDataDelayedBy": 15, "marketState": "CLOSED", "quoteType": "EQUITY", "symbol": "CCHHL.NS", "underlyingSymbol": null, "shortName": "COUNTRY CLUB HOSPI", "longName": "Country Club Hospitality & Holidays Limited", "currency": "INR", "quoteSourceName": "Delayed Quote", "currencySymbol": "\u20b9", "fromCurrency": null, "toCurrency": null, "lastMarket": null, "marketCap": 743765760}, "balanceSheetHistory": {"balanceSheetStatements": [{"maxAge": 1, "endDate": "2020-03-31", "cash": 61258762, "shortTermInvestments": 1148000, "netReceivables": 134305744, "inventory": 57289592, "otherCurrentAssets": 308781543, "totalCurrentAssets": 569150883, "propertyPlantEquipment": 7662492352, "goodWill": 805108986, "intangibleAssets": 11389761, "otherAssets": 330156878, "totalAssets": 9378298860, "accountsPayable": 163135643, "shortLongTermDebt": 1165422151, "otherCurrentLiab": 145501712, "longTermDebt": 1878415597, "otherLiab": 1182225053, "deferredLongTermLiab": 37399, "totalCurrentLiabilities": 2093409580, "totalLiab": 5154050230, "commonStock": 326929470, "retainedEarnings": -4231280825, "treasuryStock": 3162048016, "capitalSurplus": 4966551969, "otherStockholderEquity": 3162048016, "totalStockholderEquity": 4224248630, "netTangibleAssets": 3407749883}, {"maxAge": 1, "endDate": "2019-03-31", "cash": 58306867, "shortTermInvestments": 1148000, "netReceivables": 296287485, "inventory": 60381256, "otherCurrentAssets": 663848167, "totalCurrentAssets": 1332664952, "propertyPlantEquipment": 12592495260, "goodWill": 805108986, "intangibleAssets": 11509345, "otherAssets": 1247903702, "totalAssets": 15989682245, "accountsPayable": 176928904, "shortLongTermDebt": 958119718, "otherCurrentLiab": 116582239, "longTermDebt": 3499999023, "otherLiab": 1127955381, "deferredLongTermLiab": 37399, "totalCurrentLiabilities": 1892096378, "totalLiab": 6520050782, "commonStock": 326929470, "retainedEarnings": 2848121413, "treasuryStock": 1328028611, "capitalSurplus": 4966551969, "otherStockholderEquity": 1328028611, "totalStockholderEquity": 9469631463, "netTangibleAssets": 8653013132}, {"maxAge": 1, "endDate": "2018-03-31", "cash": 99392312, "shortTermInvestments": 1148000, "netReceivables": 218363308, "inventory": 52203095, "otherCurrentAssets": 628764453, "totalCurrentAssets": 1232368131, "propertyPlantEquipment": 12948325003, "goodWill": 805108986, "intangibleAssets": 11653426, "otherAssets": 1200024547, "totalAssets": 16197480093, "accountsPayable": 192917323, "shortLongTermDebt": 499652497, "otherCurrentLiab": 140256955, "longTermDebt": 3950982603, "otherLiab": 951342786, "deferredLongTermLiab": 37399, "totalCurrentLiabilities": 1426355330, "totalLiab": 6328680719, "commonStock": 326929470, "retainedEarnings": 3400133421, "treasuryStock": 1175184514, "capitalSurplus": 4966551969, "otherStockholderEquity": 1175184514, "totalStockholderEquity": 9868799374, "netTangibleAssets": 9052036962}, {"maxAge": 1, "endDate": "2017-03-31", "cash": 117218685, "shortTermInvestments": 273000, "netReceivables": 225793963, "inventory": 40759236, "otherCurrentAssets": 642459397, "totalCurrentAssets": 1240545908, "propertyPlantEquipment": 13388915789, "goodWill": 805108986, "intangibleAssets": 12167925, "otherAssets": 1273968946, "totalAssets": 16720707554, "accountsPayable": 196572300, "shortLongTermDebt": 442390423, "otherCurrentLiab": 193130557, "longTermDebt": 4074774218, "otherLiab": 878373846, "deferredLongTermLiab": 37399, "totalCurrentLiabilities": 1437291720, "totalLiab": 6390439784, "commonStock": 326929470, "retainedEarnings": 3907273926, "treasuryStock": 1129512405, "capitalSurplus": 4966551969, "otherStockholderEquity": 1129512405, "totalStockholderEquity": 10330267770, "netTangibleAssets": 9512990859}], "maxAge": 86400}, "earningsTrend": {"trend": [{"maxAge": 1, "period": "0q", "endDate": null, "growth": {}, "earningsEstimate": {"avg": 0.0, "low": 0.0, "high": 0.0, "yearAgoEps": {}, "numberOfAnalysts": 0, "growth": {}}, "revenueEstimate": {"avg": 0, "low": 0, "high": 0, "numberOfAnalysts": 0, "yearAgoRevenue": {}, "growth": {}}, "epsTrend": {"current": 0.0, "7daysAgo": 0.0, "30daysAgo": 0.0, "60daysAgo": 0.0, "90daysAgo": 0.0}, "epsRevisions": {"upLast7days": 0, "upLast30days": 0, "downLast30days": 0, "downLast90days": {}}}, {"maxAge": 1, "period": "+1q", "endDate": null, "growth": {}, "earningsEstimate": {"avg": 0.0, "low": 0.0, "high": 0.0, "yearAgoEps": {}, "numberOfAnalysts": 0, "growth": {}}, "revenueEstimate": {"avg": 0, "low": 0, "high": 0, "numberOfAnalysts": 0, "yearAgoRevenue": {}, "growth": {}}, "epsTrend": {"current": 0.0, "7daysAgo": 0.0, "30daysAgo": 0.0, "60daysAgo": 0.0, "90daysAgo": 0.0}, "epsRevisions": {"upLast7days": 0, "upLast30days": 0, "downLast30days": 0, "downLast90days": {}}}, {"maxAge": 1, "period": "0y", "endDate": null, "growth": {}, "earningsEstimate": {"avg": 0.0, "low": 0.0, "high": 0.0, "yearAgoEps": {}, "numberOfAnalysts": 0, "growth": {}}, "revenueEstimate": {"avg": 0, "low": 0, "high": 0, "numberOfAnalysts": 0, "yearAgoRevenue": {}, "growth": {}}, "epsTrend": {"current": 0.0, "7daysAgo": 0.0, "30daysAgo": 0.0, "60daysAgo": 0.0, "90daysAgo": 0.0}, "epsRevisions": {"upLast7days": 0, "upLast30days": 0, "downLast30days": 0, "downLast90days": {}}}, {"maxAge": 1, "period": "+1y", "endDate": null, "growth": {}, "earningsEstimate": {"avg": 0.0, "low": 0.0, "high": 0.0, "yearAgoEps": {}, "numberOfAnalysts": 0, "growth": {}}, "revenueEstimate": {"avg": 0, "low": 0, "high": 0, "numberOfAnalysts": 0, "yearAgoRevenue": {}, "growth": {}}, "epsTrend": {"current": 0.0, "7daysAgo": 0.0, "30daysAgo": 0.0, "60daysAgo": 0.0, "90daysAgo": 0.0}, "epsRevisions": {"upLast7days": 0, "upLast30days": 0, "downLast30days": 0, "downLast90days": {}}}, {"maxAge": 1, "period": "+5y", "endDate": null, "growth": {}, "earningsEstimate": {"avg": {}, "low": {}, "high": {}, "yearAgoEps": {}, "numberOfAnalysts": {}, "growth": {}}, "revenueEstimate": {"avg": {}, "low": {}, "high": {}, "numberOfAnalysts": {}, "yearAgoRevenue": {}, "growth": {}}, "epsTrend": {"current": {}, "7daysAgo": {}, "30daysAgo": {}, "60daysAgo": {}, "90daysAgo": {}}, "epsRevisions": {"upLast7days": {}, "upLast30days": {}, "downLast30days": {}, "downLast90days": {}}}, {"maxAge": 1, "period": "-5y", "endDate": null, "growth": 2.7023902, "earningsEstimate": {"avg": {}, "low": {}, "high": {}, "yearAgoEps": {}, "numberOfAnalysts": {}, "growth": {}}, "revenueEstimate": {"avg": {}, "low": {}, "high": {}, "numberOfAnalysts": {}, "yearAgoRevenue": {}, "growth": {}}, "epsTrend": {"current": {}, "7daysAgo": {}, "30daysAgo": {}, "60daysAgo": {}, "90daysAgo": {}}, "epsRevisions": {"upLast7days": {}, "upLast30days": {}, "downLast30days": {}, "downLast90days": {}}}], "maxAge": 1}, "institutionOwnership": {"maxAge": 1, "ownershipList": []}, "majorHoldersBreakdown": {"maxAge": 1, "insidersPercentHeld": 0.73800004, "institutionsPercentHeld": 0.0, "institutionsFloatPercentHeld": 0.0, "institutionsCount": 0}, "balanceSheetHistoryQuarterly": {"balanceSheetStatements": [{"maxAge": 1, "endDate": "2020-12-31", "totalStockholderEquity": 3935310000, "netTangibleAssets": 3118811000}, {"maxAge": 1, "endDate": "2020-09-30", "cash": 63258000, "shortTermInvestments": 1148000, "netReceivables": 396518000, "inventory": 55152000, "otherCurrentAssets": 23650000, "totalCurrentAssets": 539726000, "propertyPlantEquipment": 7578320000, "intangibleAssets": 816499000, "otherAssets": 327717000, "totalAssets": 9262262000, "accountsPayable": 160163000, "shortLongTermDebt": 1633190000, "longTermDebt": 1771972000, "otherLiab": 1356701000, "deferredLongTermLiab": 37000, "totalCurrentLiabilities": 2198279000, "totalLiab": 5326952000, "commonStock": 326929000, "treasuryStock": 3608381000, "otherStockholderEquity": 3608381000, "totalStockholderEquity": 3935310000, "netTangibleAssets": 3118811000}, {"maxAge": 1, "endDate": "2020-06-30", "totalStockholderEquity": 4224248000, "netTangibleAssets": 3407749000}, {"maxAge": 1, "endDate": "2020-03-31", "cash": 61258762, "shortTermInvestments": 1148000, "netReceivables": 134305744, "inventory": 57289592, "otherCurrentAssets": 308781543, "totalCurrentAssets": 569150883, "propertyPlantEquipment": 7662492352, "goodWill": 805108986, "intangibleAssets": 11389761, "otherAssets": 330156878, "totalAssets": 9378298860, "accountsPayable": 163135643, "shortLongTermDebt": 1165422151, "otherCurrentLiab": 145501712, "longTermDebt": 1878415597, "otherLiab": 1182225053, "deferredLongTermLiab": 37399, "totalCurrentLiabilities": 2093409580, "totalLiab": 5154050230, "commonStock": 326929470, "retainedEarnings": -4231280825, "treasuryStock": 3162048016, "capitalSurplus": 4966551969, "otherStockholderEquity": 3162048016, "totalStockholderEquity": 4224248630, "netTangibleAssets": 3407749883}], "maxAge": 86400}, "earningsHistory": {"history": [{"maxAge": 1, "epsActual": {}, "epsEstimate": {}, "epsDifference": {}, "surprisePercent": {}, "quarter": {}, "period": "-4q"}, {"maxAge": 1, "epsActual": {}, "epsEstimate": {}, "epsDifference": {}, "surprisePercent": {}, "quarter": {}, "period": "-3q"}, {"maxAge": 1, "epsActual": {}, "epsEstimate": {}, "epsDifference": {}, "surprisePercent": {}, "quarter": {}, "period": "-2q"}, {"maxAge": 1, "epsActual": {}, "epsEstimate": {}, "epsDifference": {}, "surprisePercent": {}, "quarter": {}, "period": "-1q"}], "maxAge": 86400}, "summaryProfile": {"address1": "6-3-1219/A, Country Club Kool", "address2": "4th & 5th Floors Begumpet", "city": "Hyderabad", "zip": "500016", "country": "India", "phone": "91 40 6684 8888", "fax": "91 40 6684 3444", "website": "http://www.countryclubindia.net", "industry": "Lodging", "sector": "Consumer Cyclical", "longBusinessSummary": "Country Club Hospitality & Holidays Limited provides leisure hospitality membership services in India. The company sells vacation ownership and other related services. It also provides clubbing hub, holiday destination, fitness center, and entertainment event services. The company has approximately 50 clubs, resorts, and hotels in India, the Middle East, Bangkok, and Sri Lanka. The company was formerly known as Country Club (India) Limited and changed its name to Country Club Hospitality & Holidays Limited in December 2014. Country Club Hospitality & Holidays Limited was founded in 1989 and is headquartered in Hyderabad, India.", "fullTimeEmployees": 1512, "companyOfficers": [], "maxAge": 86400}, "netSharePurchaseActivity": {"maxAge": 1, "period": "6m", "buyInfoCount": 0, "buyInfoShares": 0, "sellInfoCount": 0, "netInfoCount": 0, "netInfoShares": 0, "netPercentInsiderShares": 0.0, "totalInsiderShares": 120976392}, "insiderTransactions": {"transactions": [{"maxAge": 1, "shares": 251000, "filerUrl": "", "transactionText": "", "filerName": "Yeragudi (Rajeev Reddy)", "filerRelation": "Chairman of the Board", "moneyText": "", "startDate": "2011-09-26", "ownership": "D"}], "maxAge": 1}, "sectorTrend": {"maxAge": 1, "symbol": null, "estimates": []}, "incomeStatementHistoryQuarterly": {"incomeStatementHistory": [{"maxAge": 1, "endDate": "2020-12-31", "totalRevenue": 156433000, "costOfRevenue": 15656000, "grossProfit": 140777000, "researchDevelopment": {}, "sellingGeneralAdministrative": 72749000, "nonRecurring": {}, "otherOperatingExpenses": 64740000, "totalOperatingExpenses": 196651000, "operatingIncome": -40218000, "totalOtherIncomeExpenseNet": -62665000, "ebit": -40218000, "interestExpense": -62665000, "incomeBeforeTax": -102883000, "incomeTaxExpense": 10225000, "minorityInterest": {}, "netIncomeFromContinuingOps": -113108000, "discontinuedOperations": {}, "extraordinaryItems": {}, "effectOfAccountingCharges": {}, "otherItems": {}, "netIncome": -113108000, "netIncomeApplicableToCommonShares": -113108000}, {"maxAge": 1, "endDate": "2020-09-30", "totalRevenue": 125501000, "costOfRevenue": 2407000, "grossProfit": 123094000, "researchDevelopment": {}, "sellingGeneralAdministrative": 52129000, "nonRecurring": {}, "otherOperatingExpenses": 71215000, "totalOperatingExpenses": 169246000, "operatingIncome": -43745000, "totalOtherIncomeExpenseNet": -103148000, "ebit": -43745000, "interestExpense": -103148000, "incomeBeforeTax": -146893000, "incomeTaxExpense": 10096000, "minorityInterest": {}, "netIncomeFromContinuingOps": -156989000, "discontinuedOperations": {}, "extraordinaryItems": {}, "effectOfAccountingCharges": {}, "otherItems": {}, "netIncome": -156989000, "netIncomeApplicableToCommonShares": -156989000}, {"maxAge": 1, "endDate": "2020-06-30", "totalRevenue": 38360000, "costOfRevenue": 318000, "grossProfit": 38042000, "researchDevelopment": {}, "sellingGeneralAdministrative": 21818000, "nonRecurring": {}, "otherOperatingExpenses": 22798000, "totalOperatingExpenses": 88428000, "operatingIncome": -50068000, "totalOtherIncomeExpenseNet": -70076000, "ebit": -50068000, "interestExpense": -70076000, "incomeBeforeTax": -120144000, "incomeTaxExpense": 14493000, "minorityInterest": {}, "netIncomeFromContinuingOps": -134637000, "discontinuedOperations": {}, "extraordinaryItems": {}, "effectOfAccountingCharges": {}, "otherItems": {}, "netIncome": -134637000, "netIncomeApplicableToCommonShares": -134637000}, {"maxAge": 1, "endDate": "2020-03-31", "totalRevenue": 302308986, "costOfRevenue": 28535878, "grossProfit": 273773108, "researchDevelopment": {}, "sellingGeneralAdministrative": 381068434, "nonRecurring": {}, "otherOperatingExpenses": -25972841, "totalOperatingExpenses": 535235547, "operatingIncome": -232926561, "totalOtherIncomeExpenseNet": -136781917, "ebit": -232926561, "interestExpense": -137037549, "incomeBeforeTax": -369708478, "incomeTaxExpense": 17320144, "minorityInterest": {}, "netIncomeFromContinuingOps": -387028622, "discontinuedOperations": {}, "extraordinaryItems": {}, "effectOfAccountingCharges": {}, "otherItems": {}, "netIncome": -387028622, "netIncomeApplicableToCommonShares": -387028622}], "maxAge": 86400}, "cashflowStatementHistoryQuarterly": {"cashflowStatements": [{"maxAge": 1, "endDate": "2020-12-31", "netIncome": -113108000, "changeToLiabilities": 0}, {"maxAge": 1, "endDate": "2020-09-30", "netIncome": -156989000, "changeToLiabilities": 0}, {"maxAge": 1, "endDate": "2020-06-30", "netIncome": -134637000, "changeToLiabilities": 0}, {"maxAge": 1, "endDate": "2020-03-31", "netIncome": -387028622, "changeToLiabilities": 0}], "maxAge": 86400}, "earnings": {"maxAge": 86400, "earningsChart": {"quarterly": [], "earningsDate": []}, "financialsChart": {"yearly": [{"date": 2017, "revenue": 4568778317, "earnings": 48827845}, {"date": 2018, "revenue": 3322373962, "earnings": -482515346}, {"date": 2019, "revenue": 2665229253, "earnings": -536666725}, {"date": 2020, "revenue": 1535294986, "earnings": -921441622}], "quarterly": [{"date": "1Q2020", "revenue": 302308986, "earnings": -387028622}, {"date": "2Q2020", "revenue": 38360000, "earnings": -134637000}, {"date": "3Q2020", "revenue": 125501000, "earnings": -156989000}, {"date": "4Q2020", "revenue": 156433000, "earnings": -113108000}]}, "financialCurrency": "INR"}, "financialData": {"maxAge": 86400, "currentPrice": 4.55, "recommendationKey": "none", "totalCash": 64406000, "totalCashPerShare": 0.393, "ebitda": 151951936, "totalDebt": 3405161984, "totalRevenue": 622603008, "debtToEquity": 86.528, "revenuePerShare": 3.813, "grossProfits": 1395249108, "revenueGrowth": -0.554, "grossMargins": 0.92463994, "ebitdaMargins": 0.24406, "operatingMargins": -0.58939, "profitMargins": -1.2717, "financialCurrency": "INR"}}}