{"CCLINTER.BO": {"cashflowStatementHistory": {"cashflowStatements": [{"maxAge": 1, "endDate": "2020-03-31", "netIncome": 21372903, "depreciation": 25140907, "changeToNetincome": 11123991, "changeToAccountReceivables": -59769003, "changeToLiabilities": 22035216, "changeToInventory": 4882794, "changeToOperatingActivities": -8809529, "totalCashFromOperatingActivities": 19867201, "capitalExpenditures": -14481114, "investments": 27283555, "otherCashflowsFromInvestingActivities": 3637225, "totalCashflowsFromInvestingActivities": 16439666, "netBorrowings": -24006782, "otherCashflowsFromFinancingActivities": -19023214, "totalCashFromFinancingActivities": -43029996, "changeInCash": -6723127}, {"maxAge": 1, "endDate": "2019-03-31", "netIncome": 20538661, "depreciation": 22977396, "changeToNetincome": 9092430, "changeToAccountReceivables": -39087213, "changeToLiabilities": -59641431, "changeToInventory": 8232222, "changeToOperatingActivities": -11935608, "totalCashFromOperatingActivities": -48437319, "capitalExpenditures": -40045501, "investments": -4380096, "otherCashflowsFromInvestingActivities": 6457100, "totalCashflowsFromInvestingActivities": -37968497, "netBorrowings": 61611731, "otherCashflowsFromFinancingActivities": -15321086, "totalCashFromFinancingActivities": 46290645, "changeInCash": -40115172}, {"maxAge": 1, "endDate": "2018-03-31", "netIncome": 6987624, "depreciation": 18222137, "changeToNetincome": 4456173, "changeToAccountReceivables": 45270525, "changeToLiabilities": -21641633, "changeToInventory": 56957630, "changeToOperatingActivities": -52655300, "totalCashFromOperatingActivities": 55109900, "capitalExpenditures": -12379214, "investments": -6175147, "otherCashflowsFromInvestingActivities": 6529518, "totalCashflowsFromInvestingActivities": -12024843, "netBorrowings": 8807551, "otherCashflowsFromFinancingActivities": -15491201, "totalCashFromFinancingActivities": -6683650, "changeInCash": 36401403}, {"maxAge": 1, "endDate": "2017-03-31", "netIncome": 30670587, "depreciation": 14305392, "changeToNetincome": -3218445, "changeToAccountReceivables": 21058140, "changeToLiabilities": -13789369, "changeToInventory": -49183222, "changeToOperatingActivities": 54202598, "totalCashFromOperatingActivities": 55317200, "capitalExpenditures": -41495619, "investments": 16735169, "otherCashflowsFromInvestingActivities": 4447805, "totalCashflowsFromInvestingActivities": -20312645, "netBorrowings": -5265009, "otherCashflowsFromFinancingActivities": -14383688, "totalCashFromFinancingActivities": -19648697, "changeInCash": 15355859}], "maxAge": 86400}, "institutionOwnership": {"maxAge": 1, "ownershipList": []}, "balanceSheetHistoryQuarterly": {"balanceSheetStatements": [{"maxAge": 1, "endDate": "2020-06-30", "totalStockholderEquity": 454257000, "netTangibleAssets": 454257000}, {"maxAge": 1, "endDate": "2020-03-31", "cash": 52427833, "netReceivables": 207905811, "inventory": 80400182, "otherCurrentAssets": 120082802, "totalCurrentAssets": 461768086, "longTermInvestments": 9338482, "propertyPlantEquipment": 233922598, "otherAssets": 1850000, "totalAssets": 706879166, "accountsPayable": 42192799, "shortLongTermDebt": 29259976, "otherCurrentLiab": 18000000, "longTermDebt": 18860099, "otherLiab": 8395381, "totalCurrentLiabilities": 225366872, "totalLiab": 252622352, "commonStock": 191926000, "retainedEarnings": 262260817, "capitalSurplus": 70000, "totalStockholderEquity": 454256817, "netTangibleAssets": 454256817}, {"maxAge": 1, "endDate": "2019-12-31", "cash": 52427833, "netReceivables": 207905811, "inventory": 80400182, "otherCurrentAssets": 120082802, "totalCurrentAssets": 461768086, "longTermInvestments": 9338482, "propertyPlantEquipment": 233922598, "otherAssets": 1850000, "totalAssets": 706879166, "accountsPayable": 42192799, "shortLongTermDebt": 29259976, "otherCurrentLiab": 18000000, "longTermDebt": 18860099, "otherLiab": 8395381, "totalCurrentLiabilities": 225366872, "totalLiab": 252622352, "commonStock": 191926000, "retainedEarnings": 262260817, "capitalSurplus": 70000, "totalStockholderEquity": 454256817, "netTangibleAssets": 454256817}, {"maxAge": 1, "endDate": "2019-09-30", "cash": 54919000, "shortTermInvestments": 149538000, "netReceivables": 131182000, "inventory": 107226000, "otherCurrentAssets": 1219000, "totalCurrentAssets": 444084000, "longTermInvestments": 39057000, "propertyPlantEquipment": 240143000, "otherAssets": 100000, "totalAssets": 723384000, "accountsPayable": 30333000, "shortLongTermDebt": 24000000, "otherCurrentLiab": 17521000, "longTermDebt": 39377000, "otherLiab": 8001000, "totalCurrentLiabilities": 243999000, "totalLiab": 291377000, "commonStock": 191926000, "treasuryStock": 240081000, "otherStockholderEquity": 240081000, "totalStockholderEquity": 432007000, "netTangibleAssets": 432007000}], "maxAge": 86400}, "indexTrend": {"maxAge": 1, "symbol": "SP5", "peRatio": 19.7411, "pegRatio": 1.34172, "estimates": [{"period": "0q", "growth": 0.549}, {"period": "+1q", "growth": 0.431}, {"period": "0y", "growth": 0.305}, {"period": "+1y", "growth": 0.109}, {"period": "+5y", "growth": 0.120859005}, {"period": "-5y"}]}, "insiderTransactions": {"transactions": [{"maxAge": 1, "shares": 431155, "filerUrl": "", "transactionText": "", "filerName": "Gupta (Aishvarya)", "filerRelation": "Promoter", "moneyText": "", "startDate": "2020-02-18", "ownership": "D"}], "maxAge": 1}, "quoteType": {"exchange": "BSE", "quoteType": "EQUITY", "symbol": "CCLINTER.BO", "underlyingSymbol": "CCLINTER.BO", "shortName": "CCL INTERNATIONAL LTD.", "longName": "CCL International Limited", "firstTradeDateEpochUtc": "2010-02-08 09:15:00", "timeZoneFullName": "Asia/Kolkata", "timeZoneShortName": "IST", "uuid": "4dc5c6ef-9b52-3e50-a37d-24e25a5c5282", "messageBoardId": null, "gmtOffSetMilliseconds": 19800000, "maxAge": 1}, "incomeStatementHistory": {"incomeStatementHistory": [{"maxAge": 1, "endDate": "2020-03-31", "totalRevenue": 248019380, "costOfRevenue": 185612262, "grossProfit": 62407118, "researchDevelopment": {}, "sellingGeneralAdministrative": 14391886, "nonRecurring": {}, "otherOperatingExpenses": 25214400, "totalOperatingExpenses": 250359455, "operatingIncome": -2340075, "totalOtherIncomeExpenseNet": 24220385, "ebit": -2340075, "interestExpense": -10792145, "incomeBeforeTax": 21880310, "incomeTaxExpense": 507407, "minorityInterest": {}, "netIncomeFromContinuingOps": 21372903, "discontinuedOperations": {}, "extraordinaryItems": {}, "effectOfAccountingCharges": {}, "otherItems": {}, "netIncome": 21372903, "netIncomeApplicableToCommonShares": 21372903}, {"maxAge": 1, "endDate": "2019-03-31", "totalRevenue": 371088263, "costOfRevenue": 258023508, "grossProfit": 113064755, "researchDevelopment": {}, "sellingGeneralAdministrative": 15679382, "nonRecurring": {}, "otherOperatingExpenses": 48181040, "totalOperatingExpenses": 344861326, "operatingIncome": 26226937, "totalOtherIncomeExpenseNet": -3547155, "ebit": 26226937, "interestExpense": -10763386, "incomeBeforeTax": 22679782, "incomeTaxExpense": 2141121, "minorityInterest": {}, "netIncomeFromContinuingOps": 20538661, "discontinuedOperations": {}, "extraordinaryItems": {}, "effectOfAccountingCharges": {}, "otherItems": {}, "netIncome": 20538661, "netIncomeApplicableToCommonShares": 20538661}, {"maxAge": 1, "endDate": "2018-03-31", "totalRevenue": 332187398, "costOfRevenue": 248113057, "grossProfit": 84074341, "researchDevelopment": {}, "sellingGeneralAdministrative": 17131763, "nonRecurring": {}, "otherOperatingExpenses": 24773423, "totalOperatingExpenses": 308240380, "operatingIncome": 23947018, "totalOtherIncomeExpenseNet": -15814006, "ebit": 23947018, "interestExpense": -14062625, "incomeBeforeTax": 8133012, "incomeTaxExpense": 1145388, "minorityInterest": {}, "netIncomeFromContinuingOps": 6987624, "discontinuedOperations": {}, "extraordinaryItems": {}, "effectOfAccountingCharges": {}, "otherItems": {}, "netIncome": 6987624, "netIncomeApplicableToCommonShares": 6987624}, {"maxAge": 1, "endDate": "2017-03-31", "totalRevenue": 653950449, "costOfRevenue": 446957373, "grossProfit": 206993076, "researchDevelopment": {}, "sellingGeneralAdministrative": 20217276, "nonRecurring": {}, "otherOperatingExpenses": 184467608, "totalOperatingExpenses": 665947649, "operatingIncome": -11997200, "totalOtherIncomeExpenseNet": 41144866, "ebit": -11997200, "interestExpense": -12540652, "incomeBeforeTax": 29147666, "incomeTaxExpense": -1522921, "minorityInterest": {}, "netIncomeFromContinuingOps": 30670587, "discontinuedOperations": {}, "extraordinaryItems": {}, "effectOfAccountingCharges": {}, "otherItems": {}, "netIncome": 30670587, "netIncomeApplicableToCommonShares": 30670587}], "maxAge": 86400}, "fundOwnership": {"maxAge": 1, "ownershipList": []}, "summaryDetail": {"maxAge": 1, "priceHint": 2, "previousClose": 18.35, "open": 17.45, "dayLow": 17.45, "dayHigh": 17.45, "regularMarketPreviousClose": 18.35, "regularMarketOpen": 17.45, "regularMarketDayLow": 17.45, "regularMarketDayHigh": 17.45, "trailingPE": 16.384975, "volume": 29, "regularMarketVolume": 29, "averageVolume": 1019, "averageVolume10days": 408, "averageDailyVolume10Day": 408, "bid": 0.0, "ask": 18.0, "bidSize": 0, "askSize": 0, "marketCap": 334910880, "fiftyTwoWeekLow": 2.41, "fiftyTwoWeekHigh": 21.5, "fiftyDayAverage": 17.197428, "twoHundredDayAverage": 14.547665, "currency": "INR", "fromCurrency": null, "toCurrency": null, "lastMarket": null, "algorithm": null, "tradeable": false}, "incomeStatementHistoryQuarterly": {"incomeStatementHistory": [{"maxAge": 1, "endDate": "2020-06-30", "totalRevenue": 53097000, "costOfRevenue": 42792000, "grossProfit": 10305000, "researchDevelopment": {}, "sellingGeneralAdministrative": 1819000, "nonRecurring": {}, "otherOperatingExpenses": 1995000, "totalOperatingExpenses": 53086000, "operatingIncome": 11000, "totalOtherIncomeExpenseNet": -1237000, "ebit": 11000, "interestExpense": -2022000, "incomeBeforeTax": -1226000, "incomeTaxExpense": -475000, "minorityInterest": {}, "netIncomeFromContinuingOps": -751000, "discontinuedOperations": {}, "extraordinaryItems": {}, "effectOfAccountingCharges": {}, "otherItems": {}, "netIncome": -751000, "netIncomeApplicableToCommonShares": -751000}, {"maxAge": 1, "endDate": "2020-03-31", "totalRevenue": 71662190, "costOfRevenue": 55843131, "grossProfit": 15819059, "researchDevelopment": {}, "sellingGeneralAdministrative": 4240943, "nonRecurring": {}, "otherOperatingExpenses": 9898700, "totalOperatingExpenses": 76266228, "operatingIncome": -4604038, "totalOtherIncomeExpenseNet": 14760692, "ebit": -4604038, "interestExpense": -1827573, "incomeBeforeTax": 10156655, "incomeTaxExpense": 52704, "minorityInterest": {}, "netIncomeFromContinuingOps": 10103952, "discontinuedOperations": {}, "extraordinaryItems": {}, "effectOfAccountingCharges": {}, "otherItems": {}, "netIncome": 10103952, "netIncomeApplicableToCommonShares": 10103952}, {"maxAge": 1, "endDate": "2019-12-31", "totalRevenue": 71662190, "costOfRevenue": 55843131, "grossProfit": 15819059, "researchDevelopment": {}, "sellingGeneralAdministrative": 4240943, "nonRecurring": {}, "otherOperatingExpenses": 9898700, "totalOperatingExpenses": 76266228, "operatingIncome": -4604038, "totalOtherIncomeExpenseNet": 14760692, "ebit": -4604038, "interestExpense": -1827573, "incomeBeforeTax": 10156655, "incomeTaxExpense": 52704, "minorityInterest": {}, "netIncomeFromContinuingOps": 10103952, "discontinuedOperations": {}, "extraordinaryItems": {}, "effectOfAccountingCharges": {}, "otherItems": {}, "netIncome": 10103952, "netIncomeApplicableToCommonShares": 10103952}, {"maxAge": 1, "endDate": "2019-09-30", "totalRevenue": 43863000, "costOfRevenue": 28155000, "grossProfit": 15708000, "researchDevelopment": {}, "sellingGeneralAdministrative": 2868000, "nonRecurring": {}, "otherOperatingExpenses": 2514000, "totalOperatingExpenses": 39885000, "operatingIncome": 3978000, "totalOtherIncomeExpenseNet": -3600000, "ebit": 3978000, "interestExpense": -4506000, "incomeBeforeTax": 378000, "incomeTaxExpense": 76000, "minorityInterest": {}, "netIncomeFromContinuingOps": 302000, "discontinuedOperations": {}, "extraordinaryItems": {}, "effectOfAccountingCharges": {}, "otherItems": {}, "netIncome": 302000, "netIncomeApplicableToCommonShares": 302000}], "maxAge": 86400}, "cashflowStatementHistoryQuarterly": {"cashflowStatements": [{"maxAge": 1, "endDate": "2020-06-30", "netIncome": -751000, "changeToLiabilities": 0}, {"maxAge": 1, "endDate": "2020-03-31", "netIncome": 10103952, "depreciation": 6283567, "changeToNetincome": 4767877, "changeToAccountReceivables": -19830496, "changeToLiabilities": 5929758, "changeToInventory": 13413004, "changeToOperatingActivities": 5214950, "totalCashFromOperatingActivities": 25183716, "capitalExpenditures": -3173554, "investments": 15219552, "otherCashflowsFromInvestingActivities": 1013311, "totalCashflowsFromInvestingActivities": 13059308, "netBorrowings": -33545173, "otherCashflowsFromFinancingActivities": -5943322, "totalCashFromFinancingActivities": -39488495, "changeInCash": -1245472}, {"maxAge": 1, "endDate": "2019-12-31", "netIncome": 10103952, "depreciation": 6283567, "changeToNetincome": 4767877, "changeToAccountReceivables": -19830496, "changeToLiabilities": 5929758, "changeToInventory": 13413004, "changeToOperatingActivities": 5214950, "totalCashFromOperatingActivities": 25183716, "capitalExpenditures": -3173554, "investments": 15219552, "otherCashflowsFromInvestingActivities": 1013311, "totalCashflowsFromInvestingActivities": 13059308, "netBorrowings": -33545173, "otherCashflowsFromFinancingActivities": -5943322, "totalCashFromFinancingActivities": -39488495, "changeInCash": -1245472}, {"maxAge": 1, "endDate": "2019-09-30", "netIncome": 302000, "depreciation": 6283567, "changeToNetincome": 4767877, "changeToAccountReceivables": -19830496, "changeToLiabilities": 0, "changeToInventory": 13413004, "changeToOperatingActivities": 5214950, "totalCashFromOperatingActivities": 25183716, "capitalExpenditures": -3173554, "investments": 15219552, "otherCashflowsFromInvestingActivities": 1013311, "totalCashflowsFromInvestingActivities": 13059308, "netBorrowings": -33545173, "otherCashflowsFromFinancingActivities": -5943322, "totalCashFromFinancingActivities": -39488495, "changeInCash": -1245472}], "maxAge": 86400}, "insiderHolders": {"holders": [{"maxAge": 1, "name": "Gupta (Aishvarya)", "relation": "Promoter", "url": "", "transactionDescription": "Acquisition", "latestTransDate": "2020-02-18", "positionDirect": 1771776, "positionDirectDate": "2020-02-18"}], "maxAge": 1}, "calendarEvents": {"maxAge": 1, "earnings": {"earningsDate": []}}, "price": {"maxAge": 1, "regularMarketChangePercent": -0.0490463, "regularMarketChange": -0.8999996, "regularMarketTime": "2021-04-30 15:13:33", "priceHint": 2, "regularMarketPrice": 17.45, "regularMarketDayHigh": 17.45, "regularMarketDayLow": 17.45, "regularMarketVolume": 29, "averageDailyVolume10Day": 408, "averageDailyVolume3Month": 1019, "regularMarketPreviousClose": 18.35, "regularMarketSource": "FREE_REALTIME", "regularMarketOpen": 17.45, "exchange": "BSE", "exchangeName": "BSE", "exchangeDataDelayedBy": 0, "marketState": "CLOSED", "quoteType": "EQUITY", "symbol": "CCLINTER.BO", "underlyingSymbol": null, "shortName": "CCL INTERNATIONAL LTD.", "longName": "CCL International Limited", "currency": "INR", "quoteSourceName": "Delayed Quote", "currencySymbol": "\u20b9", "fromCurrency": null, "toCurrency": null, "lastMarket": null, "marketCap": 334910880}, "balanceSheetHistory": {"balanceSheetStatements": [{"maxAge": 1, "endDate": "2020-03-31", "cash": 52427833, "netReceivables": 207905811, "inventory": 80400182, "otherCurrentAssets": 120082802, "totalCurrentAssets": 461768086, "longTermInvestments": 9338482, "propertyPlantEquipment": 233922598, "otherAssets": 1850000, "totalAssets": 706879166, "accountsPayable": 42192799, "shortLongTermDebt": 29259976, "otherCurrentLiab": 18000000, "longTermDebt": 18860099, "otherLiab": 8395381, "totalCurrentLiabilities": 225366872, "totalLiab": 252622352, "commonStock": 191926000, "retainedEarnings": 262260817, "capitalSurplus": 70000, "totalStockholderEquity": 454256817, "netTangibleAssets": 454256817}, {"maxAge": 1, "endDate": "2019-03-31", "cash": 59150960, "netReceivables": 145952349, "inventory": 85282977, "otherCurrentAssets": 111454896, "totalCurrentAssets": 410590420, "longTermInvestments": 34242620, "propertyPlantEquipment": 244582391, "otherAssets": 1850000, "totalAssets": 691265431, "accountsPayable": 20157583, "shortLongTermDebt": 40809701, "otherCurrentLiab": 12450000, "longTermDebt": 39377169, "otherLiab": 7887974, "totalCurrentLiabilities": 213157927, "totalLiab": 260423070, "commonStock": 191926000, "retainedEarnings": 238846365, "capitalSurplus": 70000, "totalStockholderEquity": 430842365, "netTangibleAssets": 430842365}, {"maxAge": 1, "endDate": "2018-03-31", "cash": 99266133, "netReceivables": 102289383, "inventory": 93515199, "otherCurrentAssets": 87004204, "totalCurrentAssets": 387986652, "longTermInvestments": 29862524, "propertyPlantEquipment": 227514286, "otherAssets": 1850000, "totalAssets": 647213462, "accountsPayable": 79799015, "shortLongTermDebt": 23297395, "otherCurrentLiab": 15000000, "longTermDebt": 40823958, "otherLiab": 5875283, "totalCurrentLiabilities": 188663879, "totalLiab": 235363120, "commonStock": 191926000, "retainedEarnings": 219854342, "capitalSurplus": 70000, "totalStockholderEquity": 411850342, "netTangibleAssets": 411850342}, {"maxAge": 1, "endDate": "2017-03-31", "cash": 62864729, "netReceivables": 123454118, "inventory": 150472829, "otherCurrentAssets": 97786350, "totalCurrentAssets": 441539857, "longTermInvestments": 23687377, "propertyPlantEquipment": 233357209, "otherAssets": 5600000, "totalAssets": 704184443, "accountsPayable": 101440649, "shortLongTermDebt": 38163216, "otherCurrentLiab": 48150000, "longTermDebt": 5558239, "otherLiab": 4729895, "totalCurrentLiabilities": 289033589, "totalLiab": 299321723, "commonStock": 191926000, "retainedEarnings": 212866722, "capitalSurplus": 70000, "totalStockholderEquity": 404862722, "netTangibleAssets": 404862722}], "maxAge": 86400}, "financialData": {"maxAge": 86400, "currentPrice": 17.45, "recommendationKey": "none", "grossProfits": 62407118, "financialCurrency": "INR"}}}