{"CDSL.NS": {"assetProfile": {"address1": "Marathon Futurex", "address2": "25th floor, A-Wing Mafatlal Mills Compound N.M Joshi Marg, Lower Parel (East)", "city": "Mumbai", "zip": "400013", "country": "India", "phone": "91 22 2302 3333", "fax": "91 22 2300 2036", "website": "http://www.cdslindia.com", "industry": "Capital Markets", "sector": "Financial Services", "longBusinessSummary": "Central Depository Services (India) Limited provides depository services in India. The company offers various services, such as account opening, dematerialization, processing delivery and receipt instructions, account statement, re-materialization, pledging, nomination, transmission of securities, change in address, bank account details, and SMS services for depository participants. It also provides facilities to issuers to credit securities to a shareholder's or applicants demat accounts; KYC services in respect of investors in capital markets to capital market intermediaries; facilities holding of insurance policies in electronic form to the holders of these policies; and facilitate holding and transacting in electronic negotiable warehouse receipts. In addition, it offers services, such as electronic access to security information, electronic access to security information and execution of secured transaction, e-voting, e-locker, and mobile application. It serves investors through depository participants, issuer companies, capital market intermediaries, insurance companies, and warehouse service providers/warehouses. The company was incorporated in 1997 and is based in Mumbai, India.", "fullTimeEmployees": 220, "companyOfficers": [{"maxAge": 1, "name": "Mr. Nehal Naleen Vora", "age": 47, "title": "CEO & MD and Director", "yearBorn": 1973, "fiscalYear": 2020, "totalPay": 21716009, "exercisedValue": 0, "unexercisedValue": 0}, {"maxAge": 1, "name": "Mr. Girish  Amesara", "title": "Sr. VP, CFO & HR", "fiscalYear": 2020, "totalPay": 9438952, "exercisedValue": 0, "unexercisedValue": 0}, {"maxAge": 1, "name": "Ms. Nayana  Ovalekar", "title": "Exec. VP & Chief Regulatory Officer", "exercisedValue": 0, "unexercisedValue": 0}, {"maxAge": 1, "name": "Mr. Krishnan  Ramkumar", "title": "Exec. VP & Head Bus. Devel. and New Projects", "exercisedValue": 0, "unexercisedValue": 0}, {"maxAge": 1, "name": "Mr. Amit  Mahajan", "title": "Exec. VP, CTO & Head of Admin., PR, Corp. Relation and Branding", "exercisedValue": 0, "unexercisedValue": 0}, {"maxAge": 1, "name": "Ms. Nisha  Tiwari", "title": "Compliance Officer", "exercisedValue": 0, "unexercisedValue": 0}, {"maxAge": 1, "name": "Mr. Sunil  Alvares", "title": "Exec. VP", "fiscalYear": 2019, "exercisedValue": 0, "unexercisedValue": 0}, {"maxAge": 1, "name": "Mr. Farokh  Patel", "title": "VP", "exercisedValue": 0, "unexercisedValue": 0}, {"maxAge": 1, "name": "Mr. Nilesh  Kittur", "title": "Assistant VP", "exercisedValue": 0, "unexercisedValue": 0}, {"maxAge": 1, "name": "Swaroopkumar  Gothi", "title": "VP", "exercisedValue": 0, "unexercisedValue": 0}], "compensationAsOfEpochDate": "2020-12-31 05:30:00", "maxAge": 86400}, "recommendationTrend": {"trend": [{"period": "0m", "strongBuy": 0, "buy": 0, "hold": 0, "sell": 0, "strongSell": 0}, {"period": "-1m", "strongBuy": 0, "buy": 1, "hold": 0, "sell": 0, "strongSell": 0}, {"period": "-2m", "strongBuy": 0, "buy": 1, "hold": 0, "sell": 0, "strongSell": 0}, {"period": "-3m", "strongBuy": 0, "buy": 1, "hold": 0, "sell": 0, "strongSell": 0}], "maxAge": 86400}, "cashflowStatementHistory": {"cashflowStatements": [{"maxAge": 1, "endDate": "2020-03-31", "netIncome": 1061553000, "depreciation": 77016000, "changeToNetincome": -368899000, "changeToAccountReceivables": -143851000, "changeToLiabilities": 85739000, "changeToOperatingActivities": 69554000, "totalCashFromOperatingActivities": 821420000, "capitalExpenditures": -100647000, "investments": -367333000, "otherCashflowsFromInvestingActivities": 133345000, "totalCashflowsFromInvestingActivities": -326558000, "dividendsPaid": -418000000, "netBorrowings": -1148000, "otherCashflowsFromFinancingActivities": -85935000, "totalCashFromFinancingActivities": -505083000, "changeInCash": -10221000}, {"maxAge": 1, "endDate": "2019-03-31", "netIncome": 1135145000, "depreciation": 70102000, "changeToNetincome": -404387000, "changeToAccountReceivables": -32175000, "changeToLiabilities": -3750000, "changeToOperatingActivities": 63005000, "totalCashFromOperatingActivities": 856991000, "capitalExpenditures": -113429000, "investments": -674698000, "otherCashflowsFromInvestingActivities": 119039000, "totalCashflowsFromInvestingActivities": -667792000, "dividendsPaid": -365750000, "netBorrowings": -1148000, "otherCashflowsFromFinancingActivities": 164802000, "totalCashFromFinancingActivities": -200948000, "changeInCash": -11749000}, {"maxAge": 1, "endDate": "2018-03-31", "netIncome": 1031778000, "depreciation": 58607000, "changeToNetincome": -316994000, "changeToAccountReceivables": -84671000, "changeToLiabilities": 40656000, "changeToOperatingActivities": 52761000, "totalCashFromOperatingActivities": 792986000, "capitalExpenditures": -764492000, "investments": -64042000, "otherCashflowsFromInvestingActivities": 154453000, "totalCashflowsFromInvestingActivities": -670871000, "dividendsPaid": -313500000, "netBorrowings": -1148000, "otherCashflowsFromFinancingActivities": -63821000, "totalCashFromFinancingActivities": -377321000, "changeInCash": -255206000}, {"maxAge": 1, "endDate": "2017-03-31", "netIncome": 857826000, "depreciation": 28403000, "changeToNetincome": -372009000, "changeToAccountReceivables": -40394000, "changeToLiabilities": 16642000, "changeToOperatingActivities": -71679000, "totalCashFromOperatingActivities": 427428000, "capitalExpenditures": -52788000, "investments": 47615000, "otherCashflowsFromInvestingActivities": 187033000, "totalCashflowsFromInvestingActivities": 181860000, "dividendsPaid": -261250000, "netBorrowings": -1148000, "otherCashflowsFromFinancingActivities": -53185000, "totalCashFromFinancingActivities": -314435000, "changeInCash": 294853000}], "maxAge": 86400}, "indexTrend": {"maxAge": 1, "symbol": "SP5", "peRatio": 19.7411, "pegRatio": 1.34172, "estimates": [{"period": "0q", "growth": 0.549}, {"period": "+1q", "growth": 0.431}, {"period": "0y", "growth": 0.305}, {"period": "+1y", "growth": 0.109}, {"period": "+5y", "growth": 0.120865}, {"period": "-5y"}]}, "defaultKeyStatistics": {"maxAge": 1, "priceHint": 2, "enterpriseValue": 78185201664, "profitMargins": 0.4873, "floatShares": 75754140, "sharesOutstanding": 104500000, "heldPercentInsiders": 0.0, "heldPercentInstitutions": 0.10777, "beta": 0.59783, "category": null, "bookValue": 73.93, "priceToBook": 10.913026, "fundFamily": null, "legalType": null, "lastFiscalYearEnd": "2020-03-31 05:30:00", "nextFiscalYearEnd": "2022-03-31 05:30:00", "mostRecentQuarter": "2020-12-31 05:30:00", "earningsQuarterlyGrowth": 1.58, "netIncomeToCommon": 1771975040, "trailingEps": 16.96, "forwardEps": 10.4, "lastSplitFactor": null, "enterpriseToRevenue": 21.501, "enterpriseToEbitda": 32.272, "52WeekChange": 2.7274196, "SandP52WeekChange": 0.48148263, "lastDividendValue": 4.5, "lastDividendDate": 1599436800}, "industryTrend": {"maxAge": 1, "symbol": null, "estimates": []}, "quoteType": {"exchange": "NSI", "quoteType": "EQUITY", "symbol": "CDSL.NS", "underlyingSymbol": "CDSL.NS", "shortName": "CENTRAL DEPOSITORY", "longName": "Central Depository Services (India) Limited", "firstTradeDateEpochUtc": "2017-06-30 09:15:00", "timeZoneFullName": "Asia/Kolkata", "timeZoneShortName": "IST", "uuid": "7a9aaa05-e8f4-3162-bf0a-ee594f9000db", "messageBoardId": "finmb_25093698", "gmtOffSetMilliseconds": 19800000, "maxAge": 1}, "incomeStatementHistory": {"incomeStatementHistory": [{"maxAge": 1, "endDate": "2020-03-31", "totalRevenue": 2805474000, "costOfRevenue": 0, "grossProfit": 2805474000, "researchDevelopment": {}, "sellingGeneralAdministrative": 508151000, "nonRecurring": {}, "otherOperatingExpenses": 671690000, "totalOperatingExpenses": 1297165000, "operatingIncome": 1508309000, "totalOtherIncomeExpenseNet": -143831000, "ebit": 1508309000, "interestExpense": -294000, "incomeBeforeTax": 1364478000, "incomeTaxExpense": 297296000, "minorityInterest": 418523000, "netIncomeFromContinuingOps": 1067182000, "discontinuedOperations": {}, "extraordinaryItems": {}, "effectOfAccountingCharges": {}, "otherItems": {}, "netIncome": 1061553000, "netIncomeApplicableToCommonShares": 1061553000}, {"maxAge": 1, "endDate": "2019-03-31", "totalRevenue": 2418823000, "costOfRevenue": 0, "grossProfit": 2418823000, "researchDevelopment": {}, "sellingGeneralAdministrative": 381713000, "nonRecurring": {}, "otherOperatingExpenses": 462156000, "totalOperatingExpenses": 943022000, "operatingIncome": 1475801000, "totalOtherIncomeExpenseNet": 6272000, "ebit": 1475801000, "interestExpense": -294000, "incomeBeforeTax": 1482073000, "incomeTaxExpense": 333807000, "minorityInterest": 412913000, "netIncomeFromContinuingOps": 1148266000, "discontinuedOperations": {}, "extraordinaryItems": {}, "effectOfAccountingCharges": {}, "otherItems": {}, "netIncome": 1135145000, "netIncomeApplicableToCommonShares": 1135145000}, {"maxAge": 1, "endDate": "2018-03-31", "totalRevenue": 2214669000, "costOfRevenue": 0, "grossProfit": 2214669000, "researchDevelopment": {}, "sellingGeneralAdministrative": 336366000, "nonRecurring": {}, "otherOperatingExpenses": 407903000, "totalOperatingExpenses": 813725000, "operatingIncome": 1400944000, "totalOtherIncomeExpenseNet": 13234000, "ebit": 1400944000, "interestExpense": -294000, "incomeBeforeTax": 1414178000, "incomeTaxExpense": 377795000, "minorityInterest": 159468000, "netIncomeFromContinuingOps": 1036383000, "discontinuedOperations": {}, "extraordinaryItems": {}, "effectOfAccountingCharges": {}, "otherItems": {}, "netIncome": 1031778000, "netIncomeApplicableToCommonShares": 1031778000}, {"maxAge": 1, "endDate": "2017-03-31", "totalRevenue": 1859748000, "costOfRevenue": 13186000, "grossProfit": 1846562000, "researchDevelopment": {}, "sellingGeneralAdministrative": 614876000, "nonRecurring": {}, "otherOperatingExpenses": 407903000, "totalOperatingExpenses": 700865000, "operatingIncome": 1158883000, "totalOtherIncomeExpenseNet": 6763000, "ebit": 1158883000, "interestExpense": -294000, "incomeBeforeTax": 1165646000, "incomeTaxExpense": 299778000, "minorityInterest": 154868000, "netIncomeFromContinuingOps": 865868000, "discontinuedOperations": {}, "extraordinaryItems": {}, "effectOfAccountingCharges": {}, "otherItems": {}, "netIncome": 857826000, "netIncomeApplicableToCommonShares": 857826000}], "maxAge": 86400}, "fundOwnership": {"maxAge": 1, "ownershipList": [{"maxAge": 1, "reportDate": "2021-01-31", "organization": "TIAA-CREF Funds-Quant International Small Cap Equity Fund", "pctHeld": 0.0061000003, "position": 637996, "value": 307960669}, {"maxAge": 1, "reportDate": "2020-12-31", "organization": "College Retirement Equities Fund-Stock Account", "pctHeld": 0.0045, "position": 465173, "value": 247983726}, {"maxAge": 1, "reportDate": "2021-02-28", "organization": "GMO Emerging Domestic Opportunities Fund", "pctHeld": 0.0022, "position": 229482, "value": 143219716}, {"maxAge": 1, "reportDate": "2021-01-31", "organization": "DFA Emerging Markets Small Cap Series", "pctHeld": 0.002, "position": 209455, "value": 101103928}, {"maxAge": 1, "reportDate": "2021-03-31", "organization": "iShares MSCI India Small Cap ETF", "pctHeld": 0.00090000004, "position": 95483, "value": 62641622}, {"maxAge": 1, "reportDate": "2021-03-31", "organization": "First Tr Exchg Tr AlphaDEX Fd-FT Emerging Markets Small Cap AlphaDex", "pctHeld": 0.0008, "position": 78856, "value": 51733478}, {"maxAge": 1, "reportDate": "2021-01-31", "organization": "DFA Emerging Markets Core Equity Portfolio", "pctHeld": 0.00059999997, "position": 61224, "value": 29552824}, {"maxAge": 1, "reportDate": "2021-01-31", "organization": "Hartford Emerging Markets Equity Fund", "pctHeld": 0.0005, "position": 52531, "value": 25356713}, {"maxAge": 1, "reportDate": "2021-03-31", "organization": "VanEck Vectors ETF Tr-India Growth Leaders ETF", "pctHeld": 0.0004, "position": 41868, "value": 27467501}, {"maxAge": 1, "reportDate": "2021-01-31", "organization": "DFA Investment Dimensions-Emerging Markets Social Core Equity", "pctHeld": 0.0002, "position": 16421, "value": 7926416}]}, "summaryDetail": {"maxAge": 1, "priceHint": 2, "previousClose": 803.45, "open": 803.0, "dayLow": 802.0, "dayHigh": 827.0, "regularMarketPreviousClose": 803.45, "regularMarketOpen": 803.0, "regularMarketDayLow": 802.0, "regularMarketDayHigh": 827.0, "dividendRate": 4.5, "dividendYield": 0.0056, "exDividendDate": "2020-09-07 05:30:00", "payoutRatio": 0.2653, "beta": 0.59783, "trailingPE": 47.570755, "forwardPE": 77.57693, "volume": 725406, "regularMarketVolume": 725406, "averageVolume": 1252383, "averageVolume10days": 803075, "averageDailyVolume10Day": 803075, "bid": 806.8, "ask": 0.0, "bidSize": 0, "askSize": 0, "marketCap": 84310597632, "fiftyTwoWeekLow": 211.2, "fiftyTwoWeekHigh": 827.0, "priceToSalesTrailing12Months": 23.185839, "fiftyDayAverage": 688.8333, "twoHundredDayAverage": 559.36725, "trailingAnnualDividendRate": 4.0, "trailingAnnualDividendYield": 0.00497853, "currency": "INR", "fromCurrency": null, "toCurrency": null, "lastMarket": null, "algorithm": null, "tradeable": false}, "insiderHolders": {"holders": [], "maxAge": 1}, "calendarEvents": {"maxAge": 1, "earnings": {"earningsDate": ["2021-02-03 05:30:S"], "revenueAverage": 1910240000, "revenueLow": 1747000000, "revenueHigh": 1910000000}, "exDividendDate": "2020-09-07 05:30:00"}, "price": {"maxAge": 1, "regularMarketChangePercent": 0.0041694883, "regularMarketChange": 3.3499756, "regularMarketTime": "2021-04-30 15:30:01", "priceHint": 2, "regularMarketPrice": 806.8, "regularMarketDayHigh": 827.0, "regularMarketDayLow": 802.0, "regularMarketVolume": 725406, "averageDailyVolume10Day": 803075, "averageDailyVolume3Month": 1252383, "regularMarketPreviousClose": 803.45, "regularMarketSource": "FREE_REALTIME", "regularMarketOpen": 803.0, "exchange": "NSI", "exchangeName": "NSE", "exchangeDataDelayedBy": 15, "marketState": "CLOSED", "quoteType": "EQUITY", "symbol": "CDSL.NS", "underlyingSymbol": null, "shortName": "CENTRAL DEPOSITORY", "longName": "Central Depository Services (India) Limited", "currency": "INR", "quoteSourceName": "Delayed Quote", "currencySymbol": "\u20b9", "fromCurrency": null, "toCurrency": null, "lastMarket": null, "marketCap": 84310597632}, "balanceSheetHistory": {"balanceSheetStatements": [{"maxAge": 1, "endDate": "2020-03-31", "cash": 37173000, "shortTermInvestments": 427763000, "netReceivables": 361115000, "otherCurrentAssets": 61230000, "totalCurrentAssets": 4837365000, "longTermInvestments": 2904167000, "propertyPlantEquipment": 715164000, "intangibleAssets": 28333000, "otherAssets": 148196000, "deferredLongTermAssetCharges": 9962000, "totalAssets": 8633225000, "accountsPayable": 120620000, "otherCurrentLiab": 543520000, "otherLiab": 37393000, "minorityInterest": 418523000, "totalCurrentLiabilities": 936429000, "totalLiab": 974756000, "commonStock": 1045000000, "retainedEarnings": 6194946000, "totalStockholderEquity": 7239946000, "netTangibleAssets": 7211613000}, {"maxAge": 1, "endDate": "2019-03-31", "cash": 47394000, "shortTermInvestments": 425485000, "netReceivables": 288724000, "otherCurrentAssets": 69627000, "totalCurrentAssets": 2087071000, "longTermInvestments": 4812567000, "propertyPlantEquipment": 726141000, "intangibleAssets": 26253000, "otherAssets": 187267000, "deferredLongTermAssetCharges": 34508000, "totalAssets": 7839299000, "accountsPayable": 34881000, "otherCurrentLiab": 498526000, "otherLiab": 10954000, "minorityInterest": 412913000, "totalCurrentLiabilities": 734001000, "totalLiab": 744955000, "commonStock": 1045000000, "retainedEarnings": 5636431000, "treasuryStock": 5636431000, "otherStockholderEquity": 5636431000, "totalStockholderEquity": 6681431000, "netTangibleAssets": 6655178000}, {"maxAge": 1, "endDate": "2018-03-31", "cash": 59143000, "shortTermInvestments": 284321000, "netReceivables": 256681000, "otherCurrentAssets": 74438000, "totalCurrentAssets": 2278119000, "longTermInvestments": 3702157000, "propertyPlantEquipment": 746379000, "intangibleAssets": 14535000, "otherAssets": 175085000, "deferredLongTermAssetCharges": 32189000, "totalAssets": 6916275000, "accountsPayable": 40220000, "otherCurrentLiab": 528281000, "otherLiab": 22191000, "minorityInterest": 159468000, "totalCurrentLiabilities": 747078000, "totalLiab": 769269000, "commonStock": 1045000000, "retainedEarnings": 4942538000, "totalStockholderEquity": 5987538000, "netTangibleAssets": 5973003000}, {"maxAge": 1, "endDate": "2017-03-31", "cash": 314349000, "shortTermInvestments": 169199000, "netReceivables": 240562000, "otherCurrentAssets": 4272000, "totalCurrentAssets": 3037840000, "longTermInvestments": 2812891000, "propertyPlantEquipment": 46533000, "intangibleAssets": 8260000, "otherAssets": 166923000, "deferredLongTermAssetCharges": 22869000, "totalAssets": 6072447000, "accountsPayable": 16426000, "otherCurrentLiab": 405247000, "otherLiab": 13530000, "minorityInterest": 154868000, "totalCurrentLiabilities": 570838000, "totalLiab": 584368000, "commonStock": 1045000000, "retainedEarnings": 4288211000, "totalStockholderEquity": 5333211000, "netTangibleAssets": 5324951000}], "maxAge": 86400}, "earningsTrend": {"trend": [{"maxAge": 1, "period": "0q", "endDate": "2018-06-30", "growth": {}, "earningsEstimate": {"avg": 0.0, "low": 0.0, "high": 0.0, "yearAgoEps": {}, "numberOfAnalysts": 0, "growth": {}}, "revenueEstimate": {"avg": 1910240000, "low": 1747000000, "high": 1910000000, "numberOfAnalysts": 3, "yearAgoRevenue": {}, "growth": {}}, "epsTrend": {"current": 0.0, "7daysAgo": 1.6, "30daysAgo": 1.6, "60daysAgo": 1.6, "90daysAgo": 1.6}, "epsRevisions": {"upLast7days": 0, "upLast30days": 0, "downLast30days": 0, "downLast90days": {}}}, {"maxAge": 1, "period": "+1q", "endDate": "2018-09-30", "growth": {}, "earningsEstimate": {"avg": 0.0, "low": 0.0, "high": 0.0, "yearAgoEps": {}, "numberOfAnalysts": 0, "growth": {}}, "revenueEstimate": {"avg": 1910240000, "low": 1747000000, "high": 1910000000, "numberOfAnalysts": 3, "yearAgoRevenue": {}, "growth": {}}, "epsTrend": {"current": 0.0, "7daysAgo": 2.9, "30daysAgo": 2.9, "60daysAgo": 2.9, "90daysAgo": 2.9}, "epsRevisions": {"upLast7days": 0, "upLast30days": 0, "downLast30days": 0, "downLast90days": {}}}, {"maxAge": 1, "period": "0y", "endDate": "2018-03-31", "growth": {}, "earningsEstimate": {"avg": 0.0, "low": 0.0, "high": 0.0, "yearAgoEps": {}, "numberOfAnalysts": 0, "growth": {}}, "revenueEstimate": {"avg": 1910240000, "low": 1747000000, "high": 1910000000, "numberOfAnalysts": 3, "yearAgoRevenue": {}, "growth": {}}, "epsTrend": {"current": 0.0, "7daysAgo": 9.97, "30daysAgo": 9.97, "60daysAgo": 9.97, "90daysAgo": 9.97}, "epsRevisions": {"upLast7days": 0, "upLast30days": 0, "downLast30days": 0, "downLast90days": {}}}, {"maxAge": 1, "period": "+1y", "endDate": "2019-03-31", "growth": {}, "earningsEstimate": {"avg": 0.0, "low": 0.0, "high": 0.0, "yearAgoEps": {}, "numberOfAnalysts": 0, "growth": {}}, "revenueEstimate": {"avg": 2079000000, "low": 1949000000, "high": 2134000000, "numberOfAnalysts": 4, "yearAgoRevenue": 1910240000, "growth": 0.088}, "epsTrend": {"current": 0.0, "7daysAgo": 10.4, "30daysAgo": 10.4, "60daysAgo": 10.4, "90daysAgo": 10.4}, "epsRevisions": {"upLast7days": 0, "upLast30days": 0, "downLast30days": 0, "downLast90days": {}}}, {"maxAge": 1, "period": "+5y", "endDate": null, "growth": 0.136, "earningsEstimate": {"avg": {}, "low": {}, "high": {}, "yearAgoEps": {}, "numberOfAnalysts": {}, "growth": {}}, "revenueEstimate": {"avg": {}, "low": {}, "high": {}, "numberOfAnalysts": {}, "yearAgoRevenue": {}, "growth": {}}, "epsTrend": {"current": {}, "7daysAgo": {}, "30daysAgo": {}, "60daysAgo": {}, "90daysAgo": {}}, "epsRevisions": {"upLast7days": {}, "upLast30days": {}, "downLast30days": {}, "downLast90days": {}}}, {"maxAge": 1, "period": "-5y", "endDate": null, "growth": {}, "earningsEstimate": {"avg": {}, "low": {}, "high": {}, "yearAgoEps": {}, "numberOfAnalysts": {}, "growth": {}}, "revenueEstimate": {"avg": {}, "low": {}, "high": {}, "numberOfAnalysts": {}, "yearAgoRevenue": {}, "growth": {}}, "epsTrend": {"current": {}, "7daysAgo": {}, "30daysAgo": {}, "60daysAgo": {}, "90daysAgo": {}}, "epsRevisions": {"upLast7days": {}, "upLast30days": {}, "downLast30days": {}, "downLast90days": {}}}], "maxAge": 1}, "institutionOwnership": {"maxAge": 1, "ownershipList": []}, "majorHoldersBreakdown": {"maxAge": 1, "insidersPercentHeld": 0.0, "institutionsPercentHeld": 0.10777, "institutionsFloatPercentHeld": 0.10777, "institutionsCount": 34}, "balanceSheetHistoryQuarterly": {"balanceSheetStatements": [{"maxAge": 1, "endDate": "2020-12-31", "totalStockholderEquity": 7717695000, "netTangibleAssets": 7697582000}, {"maxAge": 1, "endDate": "2020-09-30", "cash": 1443230000, "shortTermInvestments": 5107488000, "netReceivables": 366355000, "otherCurrentAssets": 102773000, "totalCurrentAssets": 7019846000, "longTermInvestments": 1854151000, "propertyPlantEquipment": 702323000, "intangibleAssets": 20113000, "otherAssets": 137866000, "deferredLongTermAssetCharges": 34662000, "totalAssets": 9734299000, "accountsPayable": 163897000, "otherCurrentLiab": 1205602000, "otherLiab": 51886000, "minorityInterest": 425317000, "totalCurrentLiabilities": 1539401000, "totalLiab": 1591287000, "commonStock": 1045000000, "retainedEarnings": 6672695000, "totalStockholderEquity": 7717695000, "netTangibleAssets": 7697582000}, {"maxAge": 1, "endDate": "2020-06-30", "totalStockholderEquity": 7239946000, "netTangibleAssets": 7211613000}, {"maxAge": 1, "endDate": "2020-03-31", "cash": 37173000, "shortTermInvestments": 427763000, "netReceivables": 361115000, "otherCurrentAssets": 61230000, "totalCurrentAssets": 4837365000, "longTermInvestments": 2904167000, "propertyPlantEquipment": 715164000, "intangibleAssets": 28333000, "otherAssets": 148196000, "deferredLongTermAssetCharges": 9962000, "totalAssets": 8633225000, "accountsPayable": 120620000, "otherCurrentLiab": 543520000, "otherLiab": 37393000, "minorityInterest": 418523000, "totalCurrentLiabilities": 936429000, "totalLiab": 974756000, "commonStock": 1045000000, "retainedEarnings": 6194946000, "totalStockholderEquity": 7239946000, "netTangibleAssets": 7211613000}], "maxAge": 86400}, "earningsHistory": {"history": [{"maxAge": 1, "epsActual": {}, "epsEstimate": {}, "epsDifference": {}, "surprisePercent": {}, "quarter": {}, "period": "-4q"}, {"maxAge": 1, "epsActual": {}, "epsEstimate": {}, "epsDifference": {}, "surprisePercent": {}, "quarter": {}, "period": "-3q"}, {"maxAge": 1, "epsActual": {}, "epsEstimate": {}, "epsDifference": {}, "surprisePercent": {}, "quarter": {}, "period": "-2q"}, {"maxAge": 1, "epsActual": {}, "epsEstimate": {}, "epsDifference": {}, "surprisePercent": {}, "quarter": {}, "period": "-1q"}], "maxAge": 86400}, "summaryProfile": {"address1": "Marathon Futurex", "address2": "25th floor, A-Wing Mafatlal Mills Compound N.M Joshi Marg, Lower Parel (East)", "city": "Mumbai", "zip": "400013", "country": "India", "phone": "91 22 2302 3333", "fax": "91 22 2300 2036", "website": "http://www.cdslindia.com", "industry": "Capital Markets", "sector": "Financial Services", "longBusinessSummary": "Central Depository Services (India) Limited provides depository services in India. The company offers various services, such as account opening, dematerialization, processing delivery and receipt instructions, account statement, re-materialization, pledging, nomination, transmission of securities, change in address, bank account details, and SMS services for depository participants. It also provides facilities to issuers to credit securities to a shareholder's or applicants demat accounts; KYC services in respect of investors in capital markets to capital market intermediaries; facilities holding of insurance policies in electronic form to the holders of these policies; and facilitate holding and transacting in electronic negotiable warehouse receipts. In addition, it offers services, such as electronic access to security information, electronic access to security information and execution of secured transaction, e-voting, e-locker, and mobile application. It serves investors through depository participants, issuer companies, capital market intermediaries, insurance companies, and warehouse service providers/warehouses. The company was incorporated in 1997 and is based in Mumbai, India.", "fullTimeEmployees": 220, "companyOfficers": [], "maxAge": 86400}, "netSharePurchaseActivity": {"maxAge": 1, "period": "6m", "buyInfoCount": 0, "buyInfoShares": 0, "sellInfoCount": 0, "netInfoCount": 0, "netInfoShares": 0, "totalInsiderShares": 0}, "sectorTrend": {"maxAge": 1, "symbol": null, "estimates": []}, "incomeStatementHistoryQuarterly": {"incomeStatementHistory": [{"maxAge": 1, "endDate": "2020-12-31", "totalRevenue": 1032009000, "costOfRevenue": 0, "grossProfit": 1032009000, "researchDevelopment": {}, "sellingGeneralAdministrative": 138207000, "nonRecurring": {}, "otherOperatingExpenses": 163054000, "totalOperatingExpenses": 326360000, "operatingIncome": 705649000, "totalOtherIncomeExpenseNet": -56000, "ebit": 705649000, "interestExpense": -56000, "incomeBeforeTax": 705593000, "incomeTaxExpense": 165299000, "minorityInterest": {}, "netIncomeFromContinuingOps": 540294000, "discontinuedOperations": {}, "extraordinaryItems": {}, "effectOfAccountingCharges": {}, "otherItems": {}, "netIncome": 536880000, "netIncomeApplicableToCommonShares": 536880000}, {"maxAge": 1, "endDate": "2020-09-30", "totalRevenue": 1011664000, "costOfRevenue": 0, "grossProfit": 1011664000, "researchDevelopment": {}, "sellingGeneralAdministrative": 162119000, "nonRecurring": {}, "otherOperatingExpenses": 186380000, "totalOperatingExpenses": 374517000, "operatingIncome": 637147000, "totalOtherIncomeExpenseNet": -60000, "ebit": 637147000, "interestExpense": -60000, "incomeBeforeTax": 637087000, "incomeTaxExpense": 148390000, "minorityInterest": 425317000, "netIncomeFromContinuingOps": 488697000, "discontinuedOperations": {}, "extraordinaryItems": {}, "effectOfAccountingCharges": {}, "otherItems": {}, "netIncome": 487508000, "netIncomeApplicableToCommonShares": 487508000}, {"maxAge": 1, "endDate": "2020-06-30", "totalRevenue": 860119000, "costOfRevenue": 0, "grossProfit": 860119000, "researchDevelopment": {}, "sellingGeneralAdministrative": 142095000, "nonRecurring": {}, "otherOperatingExpenses": 130009000, "totalOperatingExpenses": 296701000, "operatingIncome": 563418000, "totalOtherIncomeExpenseNet": -64000, "ebit": 563418000, "interestExpense": -64000, "incomeBeforeTax": 563354000, "incomeTaxExpense": 96121000, "minorityInterest": 425317000, "netIncomeFromContinuingOps": 467233000, "discontinuedOperations": {}, "extraordinaryItems": {}, "effectOfAccountingCharges": {}, "otherItems": {}, "netIncome": 461618000, "netIncomeApplicableToCommonShares": 461618000}, {"maxAge": 1, "endDate": "2020-03-31", "totalRevenue": 732515000, "costOfRevenue": 0, "grossProfit": 732515000, "researchDevelopment": {}, "sellingGeneralAdministrative": 17623000, "nonRecurring": {}, "otherOperatingExpenses": 248339000, "totalOperatingExpenses": 296302000, "operatingIncome": 436213000, "totalOtherIncomeExpenseNet": -77977000, "ebit": 436213000, "interestExpense": -294000, "incomeBeforeTax": 358236000, "incomeTaxExpense": 76836000, "minorityInterest": 418523000, "netIncomeFromContinuingOps": 281400000, "discontinuedOperations": {}, "extraordinaryItems": {}, "effectOfAccountingCharges": {}, "otherItems": {}, "netIncome": 285969000, "netIncomeApplicableToCommonShares": 285969000}], "maxAge": 86400}, "cashflowStatementHistoryQuarterly": {"cashflowStatements": [{"maxAge": 1, "endDate": "2020-12-31", "netIncome": 536880000, "changeToLiabilities": 0}, {"maxAge": 1, "endDate": "2020-09-30", "netIncome": 487508000, "changeToLiabilities": 0}, {"maxAge": 1, "endDate": "2020-06-30", "netIncome": 461618000, "changeToLiabilities": 0}, {"maxAge": 1, "endDate": "2020-03-31", "netIncome": 285969000, "changeToLiabilities": 0}], "maxAge": 86400}, "earnings": {"maxAge": 86400, "earningsChart": {"quarterly": [], "earningsDate": ["2021-02-03 05:30:S"]}, "financialsChart": {"yearly": [{"date": 2017, "revenue": 1859748000, "earnings": 857826000}, {"date": 2018, "revenue": 2214669000, "earnings": 1031778000}, {"date": 2019, "revenue": 2418823000, "earnings": 1135145000}, {"date": 2020, "revenue": 2805474000, "earnings": 1061553000}], "quarterly": [{"date": "1Q2020", "revenue": 732515000, "earnings": 285969000}, {"date": "2Q2020", "revenue": 860119000, "earnings": 461618000}, {"date": "3Q2020", "revenue": 1011664000, "earnings": 487508000}, {"date": "4Q2020", "revenue": 1032009000, "earnings": 536880000}]}, "financialCurrency": "INR"}, "financialData": {"maxAge": 86400, "currentPrice": 806.8, "targetHighPrice": 380.0, "targetLowPrice": 290.0, "targetMeanPrice": 343.75, "targetMedianPrice": 352.5, "recommendationKey": "none", "numberOfAnalystOpinions": 4, "totalCash": 6550717952, "totalCashPerShare": 62.686, "ebitda": 2422684160, "totalDebt": 0, "totalRevenue": 3636296960, "revenuePerShare": 34.803, "grossProfits": 2805474000, "earningsGrowth": 1.583, "revenueGrowth": 0.507, "grossMargins": 1.0, "ebitdaMargins": 0.66625, "operatingMargins": 0.64418, "profitMargins": 0.4873, "financialCurrency": "INR"}}}