{"CEATLTD.BO": {"recommendationTrend": {"trend": [{"period": "0m", "strongBuy": 0, "buy": 0, "hold": 0, "sell": 0, "strongSell": 0}, {"period": "-1m", "strongBuy": 0, "buy": 0, "hold": 0, "sell": 0, "strongSell": 0}, {"period": "-2m", "strongBuy": 0, "buy": 0, "hold": 0, "sell": 0, "strongSell": 0}, {"period": "-3m", "strongBuy": 0, "buy": 0, "hold": 0, "sell": 0, "strongSell": 0}], "maxAge": 86400}, "cashflowStatementHistory": {"cashflowStatements": [{"maxAge": 1, "endDate": "2020-03-31", "netIncome": 2312500000, "depreciation": 2549900000, "changeToNetincome": 1903400000, "changeToAccountReceivables": 347600000, "changeToLiabilities": 1429500000, "changeToInventory": 656400000, "changeToOperatingActivities": 148800000, "totalCashFromOperatingActivities": 9563300000, "capitalExpenditures": -11183400000, "investments": -79900000, "otherCashflowsFromInvestingActivities": 423700000, "totalCashflowsFromInvestingActivities": -10755000000, "dividendsPaid": -960300000, "netBorrowings": 3854100000, "otherCashflowsFromFinancingActivities": -2103600000, "totalCashFromFinancingActivities": 790200000, "changeInCash": -401500000}, {"maxAge": 1, "endDate": "2019-03-31", "netIncome": 2522200000, "depreciation": 1786300000, "changeToNetincome": 930000000, "changeToAccountReceivables": 381100000, "changeToLiabilities": 1887300000, "changeToInventory": -2220500000, "changeToOperatingActivities": 186800000, "totalCashFromOperatingActivities": 5614000000, "capitalExpenditures": -11073200000, "investments": 359500000, "otherCashflowsFromInvestingActivities": 109000000, "totalCashflowsFromInvestingActivities": -10604700000, "dividendsPaid": -443400000, "netBorrowings": 6259600000, "otherCashflowsFromFinancingActivities": -971800000, "totalCashFromFinancingActivities": 4844400000, "changeInCash": -146300000}, {"maxAge": 1, "endDate": "2018-03-31", "netIncome": 2379800000, "depreciation": 1575700000, "changeToNetincome": 919700000, "changeToAccountReceivables": -1342400000, "changeToLiabilities": 1120400000, "changeToInventory": 1577000000, "changeToOperatingActivities": 383300000, "totalCashFromOperatingActivities": 6723900000, "capitalExpenditures": -4838500000, "investments": 595800000, "otherCashflowsFromInvestingActivities": 125200000, "totalCashflowsFromInvestingActivities": -4117500000, "dividendsPaid": -472700000, "netBorrowings": -524200000, "otherCashflowsFromFinancingActivities": -1027800000, "totalCashFromFinancingActivities": -2024700000, "changeInCash": 581700000}, {"maxAge": 1, "endDate": "2017-03-31", "netIncome": 3611500000, "depreciation": 1359100000, "changeToNetincome": 477900000, "changeToAccountReceivables": -272800000, "changeToLiabilities": 1080600000, "changeToInventory": -3037700000, "changeToOperatingActivities": 56300000, "totalCashFromOperatingActivities": 3346600000, "capitalExpenditures": -5877100000, "investments": 411900000, "otherCashflowsFromInvestingActivities": -22200000, "totalCashflowsFromInvestingActivities": -5434300000, "dividendsPaid": -6600000, "netBorrowings": 2962700000, "otherCashflowsFromFinancingActivities": -764900000, "totalCashFromFinancingActivities": 2191200000, "changeInCash": 103500000}], "maxAge": 86400}, "institutionOwnership": {"maxAge": 1, "ownershipList": []}, "balanceSheetHistoryQuarterly": {"balanceSheetStatements": [{"maxAge": 1, "endDate": "2020-06-30", "totalStockholderEquity": 29079200000, "netTangibleAssets": 27899300000}, {"maxAge": 1, "endDate": "2020-03-31", "cash": 274000000, "shortTermInvestments": 8700000, "netReceivables": 6928700000, "inventory": 9256900000, "otherCurrentAssets": 1708700000, "totalCurrentAssets": 18292700000, "longTermInvestments": 1836500000, "propertyPlantEquipment": 51103400000, "intangibleAssets": 1179900000, "otherAssets": 1116800000, "deferredLongTermAssetCharges": 6800000, "totalAssets": 73529300000, "accountsPayable": 11936200000, "shortLongTermDebt": 518000000, "otherCurrentLiab": 6861600000, "longTermDebt": 16407800000, "otherLiab": 4154600000, "minorityInterest": 236500000, "totalCurrentLiabilities": 23013700000, "totalLiab": 44213600000, "commonStock": 404500000, "retainedEarnings": 22844200000, "treasuryStock": 160200000, "capitalSurplus": 5670300000, "otherStockholderEquity": 160200000, "totalStockholderEquity": 29079200000, "netTangibleAssets": 27899300000}, {"maxAge": 1, "endDate": "2019-12-31", "totalStockholderEquity": 28486700000, "netTangibleAssets": 27344800000}, {"maxAge": 1, "endDate": "2019-09-30", "cash": 978300000, "shortTermInvestments": 89100000, "netReceivables": 7423700000, "inventory": 8445100000, "otherCurrentAssets": 1543600000, "totalCurrentAssets": 18479800000, "longTermInvestments": 1881500000, "propertyPlantEquipment": 47353500000, "intangibleAssets": 1141900000, "otherAssets": 1326600000, "deferredLongTermAssetCharges": 6400000, "totalAssets": 70183300000, "accountsPayable": 9812100000, "shortLongTermDebt": 281500000, "otherCurrentLiab": 8957400000, "longTermDebt": 13725900000, "otherLiab": 3118200000, "minorityInterest": 232900000, "totalCurrentLiabilities": 23838700000, "totalLiab": 41463700000, "commonStock": 404500000, "treasuryStock": 28082200000, "otherStockholderEquity": 28082200000, "totalStockholderEquity": 28486700000, "netTangibleAssets": 27344800000}], "maxAge": 86400}, "earningsHistory": {"history": [{"maxAge": 1, "epsActual": 20.91, "epsEstimate": 15.85, "epsDifference": 5.06, "surprisePercent": 0.319, "quarter": "2017-09-30", "period": "-4q"}, {"maxAge": 1, "epsActual": 22.7, "epsEstimate": 26.3, "epsDifference": -3.6, "surprisePercent": -0.137, "quarter": "2017-12-31", "period": "-3q"}, {"maxAge": 1, "epsActual": 27.14, "epsEstimate": 26.3, "epsDifference": 0.84, "surprisePercent": 0.032, "quarter": "2018-03-31", "period": "-2q"}, {"maxAge": 1, "epsActual": 19.82, "epsEstimate": 21.6, "epsDifference": -1.78, "surprisePercent": -0.081999995, "quarter": "2018-06-30", "period": "-1q"}], "maxAge": 86400}, "indexTrend": {"maxAge": 1, "symbol": "SP5", "peRatio": 19.7411, "pegRatio": 1.34172, "estimates": [{"period": "0q", "growth": 0.549}, {"period": "+1q", "growth": 0.431}, {"period": "0y", "growth": 0.305}, {"period": "+1y", "growth": 0.109}, {"period": "+5y", "growth": 0.120865}, {"period": "-5y"}]}, "industryTrend": {"maxAge": 1, "symbol": null, "estimates": []}, "insiderTransactions": {"transactions": [{"maxAge": 1, "shares": 585417, "filerUrl": "", "transactionText": "", "filerName": "West Bridge Crossover Fund LLC", "filerRelation": "Indirect Shareholder", "moneyText": "", "startDate": "2020-08-27", "ownership": "D"}, {"maxAge": 1, "shares": 1579, "filerUrl": "", "transactionText": "", "filerName": "MMPL Trust", "filerRelation": "Institution- Corporation", "moneyText": "", "startDate": "2020-08-27", "ownership": "D"}, {"maxAge": 1, "shares": 13266, "filerUrl": "", "transactionText": "", "filerName": "Konark Trust", "filerRelation": "Institution- Corporation", "moneyText": "", "startDate": "2020-08-27", "ownership": "D"}, {"maxAge": 1, "shares": 1591, "filerUrl": "", "transactionText": "", "filerName": "MMPL Trust", "filerRelation": "Institution- Corporation", "moneyText": "", "startDate": "2020-08-21", "ownership": "D"}, {"maxAge": 1, "shares": 1332854, "filerUrl": "", "transactionText": "", "filerName": "Jwalamukhi Investment Holdings", "filerRelation": "Institution- Corporation", "moneyText": "", "startDate": "2020-08-21", "ownership": "D"}, {"maxAge": 1, "shares": 13391, "filerUrl": "", "transactionText": "", "filerName": "Konark Trust", "filerRelation": "Institution- Corporation", "moneyText": "", "startDate": "2020-08-21", "ownership": "D"}, {"maxAge": 1, "shares": 200, "filerUrl": "", "transactionText": "", "filerName": "Rao (L V S Srinivasa)", "filerRelation": "UNREPORTED", "moneyText": "", "startDate": "2020-03-31", "ownership": "D"}, {"maxAge": 1, "shares": 200, "filerUrl": "", "transactionText": "", "filerName": "Rao (L V S Srinivasa)", "filerRelation": "UNREPORTED", "moneyText": "", "startDate": "2020-03-31", "ownership": "D"}, {"maxAge": 1, "shares": 400, "filerUrl": "", "transactionText": "", "filerName": "Rao (L V S Srinivasa)", "filerRelation": "UNREPORTED", "moneyText": "", "startDate": "2020-03-31", "ownership": "D"}, {"maxAge": 1, "shares": 400, "filerUrl": "", "transactionText": "", "filerName": "Rao (L V S Srinivasa)", "filerRelation": "UNREPORTED", "moneyText": "", "startDate": "2020-03-31", "ownership": "D"}, {"maxAge": 1, "shares": 400, "filerUrl": "", "transactionText": "", "filerName": "Rao (L V S Srinivasa)", "filerRelation": "UNREPORTED", "moneyText": "", "startDate": "2020-03-30", "ownership": "D"}, {"maxAge": 1, "shares": 200, "filerUrl": "", "transactionText": "", "filerName": "Rao (L V S Srinivasa)", "filerRelation": "UNREPORTED", "moneyText": "", "startDate": "2020-03-25", "ownership": "D"}, {"maxAge": 1, "shares": 220, "filerUrl": "", "transactionText": "", "filerName": "Rao (L V S Srinivasa)", "filerRelation": "UNREPORTED", "moneyText": "", "startDate": "2020-03-25", "ownership": "D"}, {"maxAge": 1, "shares": 680, "filerUrl": "", "transactionText": "", "filerName": "Rao (L V S Srinivasa)", "filerRelation": "UNREPORTED", "moneyText": "", "startDate": "2020-03-24", "ownership": "D"}, {"maxAge": 1, "shares": 300, "filerUrl": "", "transactionText": "", "filerName": "Rao (L V S Srinivasa)", "filerRelation": "UNREPORTED", "moneyText": "", "startDate": "2020-03-24", "ownership": "D"}, {"maxAge": 1, "shares": 352098, "filerUrl": "", "transactionText": "", "filerName": "Societe Ceat D Investissementen Asie S A", "filerRelation": "Institution- Corporation", "moneyText": "", "startDate": "2019-12-04", "ownership": "D"}, {"maxAge": 1, "shares": 400000, "filerUrl": "", "transactionText": "", "filerName": "Societe Ceat D Investissementen Asie S A", "filerRelation": "Institution- Corporation", "moneyText": "", "startDate": "2019-12-03", "ownership": "D"}, {"maxAge": 1, "shares": 1030000, "filerUrl": "", "transactionText": "", "filerName": "Societe Ceat D Investissementen Asie S A", "filerRelation": "Institution- Corporation", "moneyText": "", "startDate": "2019-11-06", "ownership": "D"}, {"maxAge": 1, "shares": 250, "filerUrl": "", "transactionText": "", "filerName": "Societe Ceat D Investissementen Asie S A", "filerRelation": "Institution- Corporation", "moneyText": "", "startDate": "2019-08-26", "ownership": "D"}], "maxAge": 1}, "quoteType": {"exchange": "BSE", "quoteType": "EQUITY", "symbol": "CEATLTD.BO", "underlyingSymbol": "CEATLTD.BO", "shortName": "CEAT LTD.", "longName": "CEAT Limited", "firstTradeDateEpochUtc": "2002-07-01 09:15:00", "timeZoneFullName": "Asia/Kolkata", "timeZoneShortName": "IST", "uuid": "6a6acecc-1413-3e83-bf06-e73a319cd743", "messageBoardId": null, "gmtOffSetMilliseconds": 19800000, "maxAge": 1}, "incomeStatementHistory": {"incomeStatementHistory": [{"maxAge": 1, "endDate": "2020-03-31", "totalRevenue": 67788300000, "costOfRevenue": 39888300000, "grossProfit": 27900000000, "researchDevelopment": {}, "sellingGeneralAdministrative": 7289100000, "nonRecurring": {}, "otherOperatingExpenses": 13346900000, "totalOperatingExpenses": 63289400000, "operatingIncome": 4498900000, "totalOtherIncomeExpenseNet": -1456000000, "ebit": 4498900000, "interestExpense": -1458700000, "incomeBeforeTax": 3042900000, "incomeTaxExpense": 742300000, "minorityInterest": 236500000, "netIncomeFromContinuingOps": 2300600000, "discontinuedOperations": {}, "extraordinaryItems": {}, "effectOfAccountingCharges": {}, "otherItems": {}, "netIncome": 2312500000, "netIncomeApplicableToCommonShares": 2312500000}, {"maxAge": 1, "endDate": "2019-03-31", "totalRevenue": 69845100000, "costOfRevenue": 42467700000, "grossProfit": 27377400000, "researchDevelopment": {}, "sellingGeneralAdministrative": 7202000000, "nonRecurring": {}, "otherOperatingExpenses": 13666200000, "totalOperatingExpenses": 65263000000, "operatingIncome": 4582100000, "totalOtherIncomeExpenseNet": -820100000, "ebit": 4582100000, "interestExpense": -837300000, "incomeBeforeTax": 3762000000, "incomeTaxExpense": 1251200000, "minorityInterest": 237900000, "netIncomeFromContinuingOps": 2510800000, "discontinuedOperations": {}, "extraordinaryItems": {}, "effectOfAccountingCharges": {}, "otherItems": {}, "netIncome": 2522200000, "netIncomeApplicableToCommonShares": 2522200000}, {"maxAge": 1, "endDate": "2018-03-31", "totalRevenue": 62834200000, "costOfRevenue": 38663700000, "grossProfit": 24170500000, "researchDevelopment": {}, "sellingGeneralAdministrative": 6028000000, "nonRecurring": {}, "otherOperatingExpenses": 11895000000, "totalOperatingExpenses": 58272800000, "operatingIncome": 4561400000, "totalOtherIncomeExpenseNet": -888200000, "ebit": 4561400000, "interestExpense": -881100000, "incomeBeforeTax": 3673200000, "incomeTaxExpense": 1340300000, "minorityInterest": 233700000, "netIncomeFromContinuingOps": 2332900000, "discontinuedOperations": {}, "extraordinaryItems": {}, "effectOfAccountingCharges": {}, "otherItems": {}, "netIncome": 2379800000, "netIncomeApplicableToCommonShares": 2379800000}, {"maxAge": 1, "endDate": "2017-03-31", "totalRevenue": 57665100000, "costOfRevenue": 34527600000, "grossProfit": 23137500000, "researchDevelopment": {}, "sellingGeneralAdministrative": 5354400000, "nonRecurring": {}, "otherOperatingExpenses": 11149300000, "totalOperatingExpenses": 52468000000, "operatingIncome": 5197100000, "totalOtherIncomeExpenseNet": -540600000, "ebit": 5197100000, "interestExpense": -780700000, "incomeBeforeTax": 4656500000, "incomeTaxExpense": 1064200000, "minorityInterest": 291500000, "netIncomeFromContinuingOps": 3592300000, "discontinuedOperations": {}, "extraordinaryItems": {}, "effectOfAccountingCharges": {}, "otherItems": {}, "netIncome": 3611500000, "netIncomeApplicableToCommonShares": 3611500000}], "maxAge": 86400}, "fundOwnership": {"maxAge": 1, "ownershipList": []}, "summaryDetail": {"maxAge": 1, "priceHint": 2, "previousClose": 1367.15, "open": 1365.0, "dayLow": 1346.6, "dayHigh": 1417.35, "regularMarketPreviousClose": 1367.15, "regularMarketOpen": 1365.0, "regularMarketDayLow": 1346.6, "regularMarketDayHigh": 1417.35, "trailingPE": 49.259407, "forwardPE": 14.645686, "volume": 33760, "regularMarketVolume": 33760, "averageVolume": 27856, "averageVolume10days": 11526, "averageDailyVolume10Day": 11526, "bid": 1377.95, "ask": 1380.3, "bidSize": 0, "askSize": 0, "marketCap": 56077201408, "fiftyTwoWeekLow": 601.5, "fiftyTwoWeekHigh": 1763.15, "fiftyDayAverage": 1433.61, "twoHundredDayAverage": 1128.3547, "trailingAnnualDividendRate": 12.0, "trailingAnnualDividendYield": 0.008777384, "currency": "INR", "fromCurrency": null, "toCurrency": null, "lastMarket": null, "algorithm": null, "tradeable": false}, "sectorTrend": {"maxAge": 1, "symbol": null, "estimates": []}, "incomeStatementHistoryQuarterly": {"incomeStatementHistory": [{"maxAge": 1, "endDate": "2020-06-30", "totalRevenue": 11201600000, "costOfRevenue": 6692700000, "grossProfit": 4508900000, "researchDevelopment": {}, "sellingGeneralAdministrative": 1512500000, "nonRecurring": {}, "otherOperatingExpenses": 1976300000, "totalOperatingExpenses": 10966900000, "operatingIncome": 234700000, "totalOtherIncomeExpenseNet": -642700000, "ebit": 234700000, "interestExpense": -487800000, "incomeBeforeTax": -408000000, "incomeTaxExpense": -55600000, "minorityInterest": {}, "netIncomeFromContinuingOps": -352400000, "discontinuedOperations": {}, "extraordinaryItems": {}, "effectOfAccountingCharges": {}, "otherItems": {}, "netIncome": -347600000, "netIncomeApplicableToCommonShares": -347600000}, {"maxAge": 1, "endDate": "2020-03-31", "totalRevenue": 15734100000, "costOfRevenue": 9289000000, "grossProfit": 6445100000, "researchDevelopment": {}, "sellingGeneralAdministrative": 3289100000, "nonRecurring": {}, "otherOperatingExpenses": 1099100000, "totalOperatingExpenses": 14422100000, "operatingIncome": 1312000000, "totalOtherIncomeExpenseNet": -681300000, "ebit": 1312000000, "interestExpense": -355900000, "incomeBeforeTax": 630700000, "incomeTaxExpense": 113500000, "minorityInterest": 236500000, "netIncomeFromContinuingOps": 517200000, "discontinuedOperations": {}, "extraordinaryItems": {}, "effectOfAccountingCharges": {}, "otherItems": {}, "netIncome": 518800000, "netIncomeApplicableToCommonShares": 518800000}, {"maxAge": 1, "endDate": "2019-12-31", "totalRevenue": 17617700000, "costOfRevenue": 10047400000, "grossProfit": 7570300000, "researchDevelopment": {}, "sellingGeneralAdministrative": 1442700000, "nonRecurring": {}, "otherOperatingExpenses": 4295500000, "totalOperatingExpenses": 16490900000, "operatingIncome": 1126800000, "totalOtherIncomeExpenseNet": -300400000, "ebit": 1126800000, "interestExpense": -380000000, "incomeBeforeTax": 826400000, "incomeTaxExpense": 301400000, "minorityInterest": 236500000, "netIncomeFromContinuingOps": 525000000, "discontinuedOperations": {}, "extraordinaryItems": {}, "effectOfAccountingCharges": {}, "otherItems": {}, "netIncome": 527900000, "netIncomeApplicableToCommonShares": 527900000}, {"maxAge": 1, "endDate": "2019-09-30", "totalRevenue": 16915500000, "costOfRevenue": 9956300000, "grossProfit": 6959200000, "researchDevelopment": {}, "sellingGeneralAdministrative": 1213600000, "nonRecurring": {}, "otherOperatingExpenses": 4041900000, "totalOperatingExpenses": 15882500000, "operatingIncome": 1033000000, "totalOtherIncomeExpenseNet": -291400000, "ebit": 1033000000, "interestExpense": -374000000, "incomeBeforeTax": 741600000, "incomeTaxExpense": 305200000, "minorityInterest": 232900000, "netIncomeFromContinuingOps": 436400000, "discontinuedOperations": {}, "extraordinaryItems": {}, "effectOfAccountingCharges": {}, "otherItems": {}, "netIncome": 439800000, "netIncomeApplicableToCommonShares": 439800000}], "maxAge": 86400}, "cashflowStatementHistoryQuarterly": {"cashflowStatements": [{"maxAge": 1, "endDate": "2020-06-30", "netIncome": -347600000, "changeToLiabilities": 0}, {"maxAge": 1, "endDate": "2020-03-31", "netIncome": 518800000, "changeToLiabilities": 0}, {"maxAge": 1, "endDate": "2019-12-31", "netIncome": 527900000, "changeToLiabilities": 0}, {"maxAge": 1, "endDate": "2019-09-30", "netIncome": 439800000, "changeToLiabilities": 0}], "maxAge": 86400}, "insiderHolders": {"holders": [{"maxAge": 1, "name": "Jwalamukhi Investment Holdings", "relation": "Institution- Corporation", "url": "", "transactionDescription": "Sale", "latestTransDate": "2020-08-21", "positionDirect": 734949, "positionDirectDate": "2020-08-21"}, {"maxAge": 1, "name": "Konark Trust", "relation": "Institution- Corporation", "url": "", "transactionDescription": "Sale", "latestTransDate": "2020-08-27", "positionDirect": 8402, "positionDirectDate": "2020-08-27"}, {"maxAge": 1, "name": "MMPL Trust", "relation": "Institution- Corporation", "url": "", "transactionDescription": "Sale", "latestTransDate": "2020-08-27", "positionDirect": 1002, "positionDirectDate": "2020-08-27"}, {"maxAge": 1, "name": "Rao (L V S Srinivasa)", "relation": "UNREPORTED", "url": "", "transactionDescription": "Sale", "latestTransDate": "2020-03-31", "positionDirect": 600, "positionDirectDate": "2020-03-31"}, {"maxAge": 1, "name": "Societe Ceat D Investissementen Asie S A", "relation": "Institution- Corporation", "url": "", "transactionDescription": "Other", "latestTransDate": "2019-12-04", "positionDirect": 0, "positionDirectDate": "2019-12-04"}, {"maxAge": 1, "name": "West Bridge Crossover Fund LLC", "relation": "Indirect Shareholder", "url": "", "transactionDescription": "Sale", "latestTransDate": "2020-08-27", "positionDirect": 835958, "positionDirectDate": "2020-08-27"}], "maxAge": 1}, "earnings": {"maxAge": 86400, "earningsChart": {"quarterly": [{"date": "3Q2017", "actual": 20.91, "estimate": 15.85}, {"date": "4Q2017", "actual": 22.7, "estimate": 26.3}, {"date": "1Q2018", "actual": 27.14, "estimate": 26.3}, {"date": "2Q2018", "actual": 19.82, "estimate": 21.6}], "currentQuarterEstimateDate": "3Q", "currentQuarterEstimateYear": 2018, "earningsDate": ["2020-07-29 05:30:S"]}, "financialsChart": {"yearly": [{"date": 2017, "revenue": 57665100000, "earnings": 3611500000}, {"date": 2018, "revenue": 62834200000, "earnings": 2379800000}, {"date": 2019, "revenue": 69845100000, "earnings": 2522200000}, {"date": 2020, "revenue": 67788300000, "earnings": 2312500000}], "quarterly": [{"date": "3Q2019", "revenue": 16915500000, "earnings": 439800000}, {"date": "4Q2019", "revenue": 17617700000, "earnings": 527900000}, {"date": "1Q2020", "revenue": 15734100000, "earnings": 518800000}, {"date": "2Q2020", "revenue": 11201600000, "earnings": -347600000}]}, "financialCurrency": "INR"}, "calendarEvents": {"maxAge": 1, "earnings": {"earningsDate": ["2020-07-29 05:30:S"], "revenueAverage": 17181600000, "revenueLow": 16909000000, "revenueHigh": 17235000000}}, "price": {"maxAge": 1, "regularMarketChangePercent": 0.014372983, "regularMarketChange": 19.650024, "regularMarketTime": "2021-04-30 15:29:14", "priceHint": 2, "regularMarketPrice": 1386.8, "regularMarketDayHigh": 1417.35, "regularMarketDayLow": 1346.6, "regularMarketVolume": 33760, "averageDailyVolume10Day": 11526, "averageDailyVolume3Month": 27856, "regularMarketPreviousClose": 1367.15, "regularMarketSource": "FREE_REALTIME", "regularMarketOpen": 1365.0, "exchange": "BSE", "exchangeName": "BSE", "exchangeDataDelayedBy": 0, "marketState": "CLOSED", "quoteType": "EQUITY", "symbol": "CEATLTD.BO", "underlyingSymbol": null, "shortName": "CEAT LTD.", "longName": "CEAT Limited", "currency": "INR", "quoteSourceName": "Delayed Quote", "currencySymbol": "\u20b9", "fromCurrency": null, "toCurrency": null, "lastMarket": null, "marketCap": 56077201408}, "balanceSheetHistory": {"balanceSheetStatements": [{"maxAge": 1, "endDate": "2020-03-31", "cash": 274000000, "shortTermInvestments": 8700000, "netReceivables": 6928700000, "inventory": 9256900000, "otherCurrentAssets": 1708700000, "totalCurrentAssets": 18292700000, "longTermInvestments": 1836500000, "propertyPlantEquipment": 51103400000, "intangibleAssets": 1179900000, "otherAssets": 1116800000, "deferredLongTermAssetCharges": 6800000, "totalAssets": 73529300000, "accountsPayable": 11936200000, "shortLongTermDebt": 518000000, "otherCurrentLiab": 6861600000, "longTermDebt": 16407800000, "otherLiab": 4154600000, "minorityInterest": 236500000, "totalCurrentLiabilities": 23013700000, "totalLiab": 44213600000, "commonStock": 404500000, "retainedEarnings": 22844200000, "treasuryStock": 160200000, "capitalSurplus": 5670300000, "otherStockholderEquity": 160200000, "totalStockholderEquity": 29079200000, "netTangibleAssets": 27899300000}, {"maxAge": 1, "endDate": "2019-03-31", "cash": 675500000, "shortTermInvestments": 15700000, "netReceivables": 7366800000, "inventory": 10056000000, "otherCurrentAssets": 1634300000, "totalCurrentAssets": 20006700000, "longTermInvestments": 1814200000, "propertyPlantEquipment": 39040900000, "intangibleAssets": 1083500000, "otherAssets": 2104000000, "deferredLongTermAssetCharges": 6000000, "totalAssets": 64049300000, "accountsPayable": 10484800000, "shortLongTermDebt": 511300000, "otherCurrentLiab": 7036100000, "longTermDebt": 12226400000, "otherLiab": 2627900000, "minorityInterest": 237900000, "totalCurrentLiabilities": 21296000000, "totalLiab": 36150300000, "commonStock": 404500000, "retainedEarnings": 21730100000, "treasuryStock": -143800000, "capitalSurplus": 5670300000, "otherStockholderEquity": -143800000, "totalStockholderEquity": 27661100000, "netTangibleAssets": 26577600000}, {"maxAge": 1, "endDate": "2018-03-31", "cash": 821800000, "shortTermInvestments": 7100000, "netReceivables": 7514700000, "inventory": 7846100000, "otherCurrentAssets": 1487900000, "totalCurrentAssets": 18146100000, "longTermInvestments": 1734600000, "propertyPlantEquipment": 29384100000, "intangibleAssets": 807900000, "otherAssets": 1391700000, "totalAssets": 51464400000, "accountsPayable": 8659500000, "shortLongTermDebt": 2249400000, "otherCurrentLiab": 4633100000, "longTermDebt": 4511600000, "otherLiab": 2269000000, "minorityInterest": 233700000, "totalCurrentLiabilities": 18389200000, "totalLiab": 25169800000, "commonStock": 404500000, "retainedEarnings": 19298400000, "treasuryStock": 687700000, "capitalSurplus": 5670300000, "otherStockholderEquity": 687700000, "totalStockholderEquity": 26060900000, "netTangibleAssets": 25253000000}, {"maxAge": 1, "endDate": "2017-03-31", "cash": 240100000, "shortTermInvestments": 86900000, "netReceivables": 6180200000, "inventory": 9434800000, "otherCurrentAssets": 1835000000, "totalCurrentAssets": 18419700000, "longTermInvestments": 1695700000, "propertyPlantEquipment": 27025700000, "intangibleAssets": 762200000, "otherAssets": 1266100000, "totalAssets": 49169400000, "accountsPayable": 7579700000, "shortLongTermDebt": 135800000, "otherCurrentLiab": 4631700000, "longTermDebt": 8524300000, "otherLiab": 2125600000, "minorityInterest": 291500000, "totalCurrentLiabilities": 14078500000, "totalLiab": 24728400000, "commonStock": 404500000, "retainedEarnings": 17537800000, "treasuryStock": 536900000, "capitalSurplus": 5670300000, "otherStockholderEquity": 536900000, "totalStockholderEquity": 24149500000, "netTangibleAssets": 23387300000}], "maxAge": 86400}, "earningsTrend": {"trend": [{"maxAge": 1, "period": "0q", "endDate": "2018-09-30", "growth": {}, "earningsEstimate": {"avg": 0.0, "low": 0.0, "high": 0.0, "yearAgoEps": 20.91, "numberOfAnalysts": 0, "growth": {}}, "revenueEstimate": {"avg": 17181600000, "low": 16909000000, "high": 17235000000, "numberOfAnalysts": 2, "yearAgoRevenue": 15118200000, "growth": 0.136}, "epsTrend": {"current": 0.0, "7daysAgo": 20.55, "30daysAgo": 20.55, "60daysAgo": 20.55, "90daysAgo": 20.55}, "epsRevisions": {"upLast7days": 0, "upLast30days": 0, "downLast30days": 0, "downLast90days": {}}}, {"maxAge": 1, "period": "+1q", "endDate": "2018-12-31", "growth": {}, "earningsEstimate": {"avg": 0.0, "low": 0.0, "high": 0.0, "yearAgoEps": 22.7, "numberOfAnalysts": 0, "growth": {}}, "revenueEstimate": {"avg": 17630000000, "low": 17630000000, "high": 17630000000, "numberOfAnalysts": 1, "yearAgoRevenue": 15499300000, "growth": 0.137}, "epsTrend": {"current": 0.0, "7daysAgo": 0.0, "30daysAgo": 0.0, "60daysAgo": 0.0, "90daysAgo": 0.0}, "epsRevisions": {"upLast7days": 0, "upLast30days": 0, "downLast30days": 0, "downLast90days": {}}}, {"maxAge": 1, "period": "0y", "endDate": "2019-03-31", "growth": {}, "earningsEstimate": {"avg": 0.0, "low": 0.0, "high": 0.0, "yearAgoEps": {}, "numberOfAnalysts": 0, "growth": {}}, "revenueEstimate": {"avg": 70628600000, "low": 66709000000, "high": 75211000000, "numberOfAnalysts": 12, "yearAgoRevenue": 61613400000, "growth": 0.146}, "epsTrend": {"current": 0.0, "7daysAgo": 79.48, "30daysAgo": 79.48, "60daysAgo": 79.48, "90daysAgo": 79.48}, "epsRevisions": {"upLast7days": 1, "upLast30days": 1, "downLast30days": 0, "downLast90days": {}}}, {"maxAge": 1, "period": "+1y", "endDate": "2020-03-31", "growth": {}, "earningsEstimate": {"avg": 0.0, "low": 0.0, "high": 0.0, "yearAgoEps": {}, "numberOfAnalysts": 0, "growth": {}}, "revenueEstimate": {"avg": 81021400000, "low": 77874000000, "high": 85733000000, "numberOfAnalysts": 11, "yearAgoRevenue": 70628600000, "growth": 0.147}, "epsTrend": {"current": 0.0, "7daysAgo": 94.69, "30daysAgo": 94.69, "60daysAgo": 94.69, "90daysAgo": 94.69}, "epsRevisions": {"upLast7days": 1, "upLast30days": 1, "downLast30days": 0, "downLast90days": {}}}, {"maxAge": 1, "period": "+5y", "endDate": null, "growth": 0.159, "earningsEstimate": {"avg": {}, "low": {}, "high": {}, "yearAgoEps": {}, "numberOfAnalysts": {}, "growth": {}}, "revenueEstimate": {"avg": {}, "low": {}, "high": {}, "numberOfAnalysts": {}, "yearAgoRevenue": {}, "growth": {}}, "epsTrend": {"current": {}, "7daysAgo": {}, "30daysAgo": {}, "60daysAgo": {}, "90daysAgo": {}}, "epsRevisions": {"upLast7days": {}, "upLast30days": {}, "downLast30days": {}, "downLast90days": {}}}, {"maxAge": 1, "period": "-5y", "endDate": null, "growth": {}, "earningsEstimate": {"avg": {}, "low": {}, "high": {}, "yearAgoEps": {}, "numberOfAnalysts": {}, "growth": {}}, "revenueEstimate": {"avg": {}, "low": {}, "high": {}, "numberOfAnalysts": {}, "yearAgoRevenue": {}, "growth": {}}, "epsTrend": {"current": {}, "7daysAgo": {}, "30daysAgo": {}, "60daysAgo": {}, "90daysAgo": {}}, "epsRevisions": {"upLast7days": {}, "upLast30days": {}, "downLast30days": {}, "downLast90days": {}}}], "maxAge": 1}, "financialData": {"maxAge": 86400, "currentPrice": 1386.8, "targetHighPrice": 1700.0, "targetLowPrice": 1039.0, "targetMeanPrice": 1369.55, "targetMedianPrice": 1344.5, "recommendationKey": "none", "numberOfAnalystOpinions": 22, "grossProfits": 27900000000, "financialCurrency": "INR"}}}