{"CEATLTD.NS": {"assetProfile": {"address1": "RPG House", "address2": "463, Dr. Annie Besant Road Worli", "city": "Mumbai", "zip": "400030", "country": "India", "phone": "91 22 2493 0621", "fax": "91 22 2529 7423", "website": "http://www.ceat.com", "industry": "Auto Parts", "sector": "Consumer Cyclical", "longBusinessSummary": "CEAT Limited manufactures and sells automotive tires, tubes, and flaps in India and internationally. The company offers rubber tires and tubes for motor vehicles, motorcycles, scooters, three wheelers, and tractors. CEAT Limited also exports its products to approximately 100 countries. The company was formerly known as CEAT Tyres of India Limited and changed its name to CEAT Limited in 1990. CEAT Limited was founded in 1958 and is headquartered in Mumbai, India.", "fullTimeEmployees": 6474, "companyOfficers": [{"maxAge": 1, "name": "Mr. Anant Vardhan Goenka", "age": 39, "title": "MD & Exec. Non-Independent Director", "yearBorn": 1981, "fiscalYear": 2020, "totalPay": 55847000, "exercisedValue": 0, "unexercisedValue": 0}, {"maxAge": 1, "name": "Mr. Kumar  Subbiah", "title": "Chief Financial Officer", "fiscalYear": 2020, "totalPay": 19619000, "exercisedValue": 0, "unexercisedValue": 0}, {"maxAge": 1, "name": "Mr. Arnab  Banerjee", "age": 55, "title": "COO & Whole-Time Director", "yearBorn": 1965, "fiscalYear": 2020, "totalPay": 29527000, "exercisedValue": 0, "unexercisedValue": 0}, {"maxAge": 1, "name": "Ms. Vallari  Gupte", "title": "Compliance Officer & Company Sec.", "fiscalYear": 2020, "totalPay": 5020000, "exercisedValue": 0, "unexercisedValue": 0}, {"maxAge": 1, "name": "S . N . Tripathi", "age": 56, "title": "Deputy Gen. Mang. of Accounts & Risk Management", "yearBorn": 1964, "exercisedValue": 0, "unexercisedValue": 0}, {"maxAge": 1, "name": "Mr. Peter  Becker", "title": "Sr. VP of R&D and Technology", "exercisedValue": 0, "unexercisedValue": 0}, {"maxAge": 1, "name": "Mr. Saurav  Mukherjee", "title": "Sr. VP of Global Sales", "exercisedValue": 0, "unexercisedValue": 0}, {"maxAge": 1, "name": "Mr. Milind  Apte", "age": 48, "title": "Sr. VP of HR", "yearBorn": 1972, "exercisedValue": 0, "unexercisedValue": 0}, {"maxAge": 1, "name": "Mr. Tom K. Thomas", "age": 66, "title": "Chief Mentor Technology & Exec. Director of Projects", "yearBorn": 1954, "fiscalYear": 2008, "exercisedValue": 0, "unexercisedValue": 0}, {"maxAge": 1, "name": "Mr. N. K. Prajapati B.Sc., B.Sc. (Tech.)", "age": 60, "title": "Chief Mang. of Special Projects", "yearBorn": 1960, "exercisedValue": 0, "unexercisedValue": 0}], "compensationAsOfEpochDate": "2020-12-31 05:30:00", "maxAge": 86400}, "recommendationTrend": {"trend": [{"period": "0m", "strongBuy": 0, "buy": 0, "hold": 0, "sell": 0, "strongSell": 0}, {"period": "-1m", "strongBuy": 4, "buy": 11, "hold": 2, "sell": 0, "strongSell": 0}, {"period": "-2m", "strongBuy": 4, "buy": 10, "hold": 2, "sell": 0, "strongSell": 0}, {"period": "-3m", "strongBuy": 4, "buy": 10, "hold": 2, "sell": 0, "strongSell": 0}], "maxAge": 86400}, "cashflowStatementHistory": {"cashflowStatements": [{"maxAge": 1, "endDate": "2020-03-31", "netIncome": 2312500000, "depreciation": 2549900000, "changeToNetincome": 1903400000, "changeToAccountReceivables": 347600000, "changeToLiabilities": 1429500000, "changeToInventory": 656400000, "changeToOperatingActivities": 148800000, "totalCashFromOperatingActivities": 9563300000, "capitalExpenditures": -11183400000, "investments": -79900000, "otherCashflowsFromInvestingActivities": 423700000, "totalCashflowsFromInvestingActivities": -10755000000, "dividendsPaid": -960300000, "netBorrowings": 3854100000, "otherCashflowsFromFinancingActivities": -2103600000, "totalCashFromFinancingActivities": 790200000, "changeInCash": -401500000}, {"maxAge": 1, "endDate": "2019-03-31", "netIncome": 2522200000, "depreciation": 1786300000, "changeToNetincome": 930000000, "changeToAccountReceivables": 381100000, "changeToLiabilities": 1887300000, "changeToInventory": -2220500000, "changeToOperatingActivities": 186800000, "totalCashFromOperatingActivities": 5614000000, "capitalExpenditures": -11073200000, "investments": 359500000, "otherCashflowsFromInvestingActivities": 109000000, "totalCashflowsFromInvestingActivities": -10604700000, "dividendsPaid": -443400000, "netBorrowings": 6259600000, "otherCashflowsFromFinancingActivities": -971800000, "totalCashFromFinancingActivities": 4844400000, "changeInCash": -146300000}, {"maxAge": 1, "endDate": "2018-03-31", "netIncome": 2379800000, "depreciation": 1575700000, "changeToNetincome": 919700000, "changeToAccountReceivables": -1342400000, "changeToLiabilities": 1120400000, "changeToInventory": 1577000000, "changeToOperatingActivities": 383300000, "totalCashFromOperatingActivities": 6723900000, "capitalExpenditures": -4838500000, "investments": 595800000, "otherCashflowsFromInvestingActivities": 125200000, "totalCashflowsFromInvestingActivities": -4117500000, "dividendsPaid": -472700000, "netBorrowings": -524200000, "otherCashflowsFromFinancingActivities": -1027800000, "totalCashFromFinancingActivities": -2024700000, "changeInCash": 581700000}, {"maxAge": 1, "endDate": "2017-03-31", "netIncome": 3611500000, "depreciation": 1359100000, "changeToNetincome": 477900000, "changeToAccountReceivables": -272800000, "changeToLiabilities": 1080600000, "changeToInventory": -3037700000, "changeToOperatingActivities": 56300000, "totalCashFromOperatingActivities": 3346600000, "capitalExpenditures": -5877100000, "investments": 411900000, "otherCashflowsFromInvestingActivities": -22200000, "totalCashflowsFromInvestingActivities": -5434300000, "dividendsPaid": -6600000, "netBorrowings": 2962700000, "otherCashflowsFromFinancingActivities": -764900000, "totalCashFromFinancingActivities": 2191200000, "changeInCash": 103500000}], "maxAge": 86400}, "indexTrend": {"maxAge": 1, "symbol": "SP5", "peRatio": 19.7411, "pegRatio": 1.34172, "estimates": [{"period": "0q", "growth": 0.549}, {"period": "+1q", "growth": 0.431}, {"period": "0y", "growth": 0.305}, {"period": "+1y", "growth": 0.109}, {"period": "+5y", "growth": 0.120865}, {"period": "-5y"}]}, "defaultKeyStatistics": {"maxAge": 1, "priceHint": 2, "enterpriseValue": 73267798016, "forwardPE": 12.75421, "profitMargins": 0.04803, "floatShares": 16636212, "sharesOutstanding": 40450100, "heldPercentInsiders": 0.028859999, "heldPercentInstitutions": 0.84860003, "beta": 0.55185, "category": null, "bookValue": 753.128, "priceToBook": 1.8403246, "fundFamily": null, "legalType": null, "lastFiscalYearEnd": "2020-03-31 05:30:00", "nextFiscalYearEnd": "2022-03-31 05:30:00", "mostRecentQuarter": "2020-12-31 05:30:00", "earningsQuarterlyGrowth": 1.503, "netIncomeToCommon": 3311200000, "trailingEps": 81.861, "forwardEps": 108.67, "pegRatio": 1.38, "lastSplitFactor": null, "enterpriseToRevenue": 1.063, "enterpriseToEbitda": 8.649, "52WeekChange": 0.79498804, "SandP52WeekChange": 0.48148263, "lastDividendValue": 12.0, "lastDividendDate": 1584576000}, "industryTrend": {"maxAge": 1, "symbol": null, "estimates": []}, "quoteType": {"exchange": "NSI", "quoteType": "EQUITY", "symbol": "CEATLTD.NS", "underlyingSymbol": "CEATLTD.NS", "shortName": "CEAT LTD", "longName": "CEAT Limited", "firstTradeDateEpochUtc": "2008-02-01 09:15:00", "timeZoneFullName": "Asia/Kolkata", "timeZoneShortName": "IST", "uuid": "8f889024-583b-332c-ba0a-579d17263c75", "messageBoardId": "finmb_874647", "gmtOffSetMilliseconds": 19800000, "maxAge": 1}, "incomeStatementHistory": {"incomeStatementHistory": [{"maxAge": 1, "endDate": "2020-03-31", "totalRevenue": 67788300000, "costOfRevenue": 39888300000, "grossProfit": 27900000000, "researchDevelopment": {}, "sellingGeneralAdministrative": 7289100000, "nonRecurring": {}, "otherOperatingExpenses": 13346900000, "totalOperatingExpenses": 63289400000, "operatingIncome": 4498900000, "totalOtherIncomeExpenseNet": -1456000000, "ebit": 4498900000, "interestExpense": -1458700000, "incomeBeforeTax": 3042900000, "incomeTaxExpense": 742300000, "minorityInterest": 236500000, "netIncomeFromContinuingOps": 2300600000, "discontinuedOperations": {}, "extraordinaryItems": {}, "effectOfAccountingCharges": {}, "otherItems": {}, "netIncome": 2312500000, "netIncomeApplicableToCommonShares": 2312500000}, {"maxAge": 1, "endDate": "2019-03-31", "totalRevenue": 69845100000, "costOfRevenue": 42467700000, "grossProfit": 27377400000, "researchDevelopment": {}, "sellingGeneralAdministrative": 7202000000, "nonRecurring": {}, "otherOperatingExpenses": 13666200000, "totalOperatingExpenses": 65263000000, "operatingIncome": 4582100000, "totalOtherIncomeExpenseNet": -820100000, "ebit": 4582100000, "interestExpense": -837300000, "incomeBeforeTax": 3762000000, "incomeTaxExpense": 1251200000, "minorityInterest": 237900000, "netIncomeFromContinuingOps": 2510800000, "discontinuedOperations": {}, "extraordinaryItems": {}, "effectOfAccountingCharges": {}, "otherItems": {}, "netIncome": 2522200000, "netIncomeApplicableToCommonShares": 2522200000}, {"maxAge": 1, "endDate": "2018-03-31", "totalRevenue": 62834200000, "costOfRevenue": 38663700000, "grossProfit": 24170500000, "researchDevelopment": {}, "sellingGeneralAdministrative": 6028000000, "nonRecurring": {}, "otherOperatingExpenses": 11895000000, "totalOperatingExpenses": 58272800000, "operatingIncome": 4561400000, "totalOtherIncomeExpenseNet": -888200000, "ebit": 4561400000, "interestExpense": -881100000, "incomeBeforeTax": 3673200000, "incomeTaxExpense": 1340300000, "minorityInterest": 233700000, "netIncomeFromContinuingOps": 2332900000, "discontinuedOperations": {}, "extraordinaryItems": {}, "effectOfAccountingCharges": {}, "otherItems": {}, "netIncome": 2379800000, "netIncomeApplicableToCommonShares": 2379800000}, {"maxAge": 1, "endDate": "2017-03-31", "totalRevenue": 57665100000, "costOfRevenue": 34527600000, "grossProfit": 23137500000, "researchDevelopment": {}, "sellingGeneralAdministrative": 5354400000, "nonRecurring": {}, "otherOperatingExpenses": 11149300000, "totalOperatingExpenses": 52468000000, "operatingIncome": 5197100000, "totalOtherIncomeExpenseNet": -540600000, "ebit": 5197100000, "interestExpense": -780700000, "incomeBeforeTax": 4656500000, "incomeTaxExpense": 1064200000, "minorityInterest": 291500000, "netIncomeFromContinuingOps": 3592300000, "discontinuedOperations": {}, "extraordinaryItems": {}, "effectOfAccountingCharges": {}, "otherItems": {}, "netIncome": 3611500000, "netIncomeApplicableToCommonShares": 3611500000}], "maxAge": 86400}, "fundOwnership": {"maxAge": 1, "ownershipList": [{"maxAge": 1, "reportDate": "2021-01-31", "organization": "Vanguard International Stock Index-Total Intl Stock Indx", "pctHeld": 0.0067000003, "position": 270513, "value": 397897571}, {"maxAge": 1, "reportDate": "2021-01-31", "organization": "Vanguard International Stock Index-Emerging Markets Stk", "pctHeld": 0.0063, "position": 256718, "value": 377606506}, {"maxAge": 1, "reportDate": "2021-03-31", "organization": "iShares Core MSCI Emerging Markets ETF", "pctHeld": 0.0054, "position": 218644, "value": 340330318}, {"maxAge": 1, "reportDate": "2021-01-31", "organization": "DFA Emerging Markets Core Equity Portfolio", "pctHeld": 0.0052, "position": 212360, "value": 312360324}, {"maxAge": 1, "reportDate": "2021-01-31", "organization": "DFA Investment Dimensions-DFA Emerging Mkts Value", "pctHeld": 0.0041, "position": 165941, "value": 244082616}, {"maxAge": 1, "reportDate": "2021-01-31", "organization": "DFA Emerging Markets Small Cap Series", "pctHeld": 0.0025, "position": 101342, "value": 149063947}, {"maxAge": 1, "reportDate": "2021-01-31", "organization": "Vanguard Intl Equity Index Fds-FTSE All World ex U.S.Small Cap Index", "pctHeld": 0.0013, "position": 52901, "value": 77812080}, {"maxAge": 1, "reportDate": "2021-03-31", "organization": "iShares MSCI India Small Cap ETF", "pctHeld": 0.00090000004, "position": 37695, "value": 58674152}, {"maxAge": 1, "reportDate": "2021-03-31", "organization": "SPDR (R) Idx Shares-SPDR (R) Emerging Markets Small Cap ETF", "pctHeld": 0.0008, "position": 31697, "value": 49337965}, {"maxAge": 1, "reportDate": "2021-02-28", "organization": "Fidelity Strategic Advisers Emerging Markets Fund", "pctHeld": 0.00059999997, "position": 24791, "value": 39526770}]}, "summaryDetail": {"maxAge": 1, "priceHint": 2, "previousClose": 1364.75, "open": 1360.0, "dayLow": 1346.4, "dayHigh": 1417.7, "regularMarketPreviousClose": 1364.75, "regularMarketOpen": 1360.0, "regularMarketDayLow": 1346.4, "regularMarketDayHigh": 1417.7, "exDividendDate": "2020-03-19 05:30:00", "payoutRatio": 0.1466, "beta": 0.55185, "trailingPE": 16.931139, "forwardPE": 12.75421, "volume": 586811, "regularMarketVolume": 586811, "averageVolume": 271418, "averageVolume10days": 238009, "averageDailyVolume10Day": 238009, "bid": 0.0, "ask": 0.0, "bidSize": 0, "askSize": 0, "marketCap": 56063840256, "fiftyTwoWeekLow": 711.75, "fiftyTwoWeekHigh": 1763.0, "priceToSalesTrailing12Months": 0.8133103, "fiftyDayAverage": 1492.0181, "twoHundredDayAverage": 1328.3358, "trailingAnnualDividendRate": 0.0, "trailingAnnualDividendYield": 0.0, "currency": "INR", "fromCurrency": null, "toCurrency": null, "lastMarket": null, "algorithm": null, "tradeable": false}, "insiderHolders": {"holders": [{"maxAge": 1, "name": "Banerjee (Arnab)", "relation": "Director (Executive)", "url": "", "transactionDescription": "Sale", "latestTransDate": "2021-02-11", "positionDirect": 0, "positionDirectDate": "2021-02-11"}, {"maxAge": 1, "name": "Goenka (Harsh Anant) HUF", "relation": "UNREPORTED", "url": "", "transactionDescription": "Other", "latestTransDate": "2021-03-22", "positionDirect": 0, "positionDirectDate": "2021-03-22"}, {"maxAge": 1, "name": "Goenka (Harsh Vardhan)", "relation": "Promoter", "url": "", "transactionDescription": "Other", "latestTransDate": "2021-03-22", "positionDirect": 133934, "positionDirectDate": "2021-03-22"}, {"maxAge": 1, "name": "Jwalamukhi Investment Holdings", "relation": "Institution- Corporation", "url": "", "transactionDescription": "Sale", "latestTransDate": "2020-08-21", "positionDirect": 734949, "positionDirectDate": "2020-08-21"}, {"maxAge": 1, "name": "Konark Trust", "relation": "Institution- Corporation", "url": "", "transactionDescription": "Sale", "latestTransDate": "2020-08-27", "positionDirect": 8402, "positionDirectDate": "2020-08-27"}, {"maxAge": 1, "name": "MMPL Trust", "relation": "Institution- Corporation", "url": "", "transactionDescription": "Sale", "latestTransDate": "2020-08-27", "positionDirect": 1002, "positionDirectDate": "2020-08-27"}, {"maxAge": 1, "name": "Rao (L V S Srinivasa)", "relation": "UNREPORTED", "url": "", "transactionDescription": "Sale", "latestTransDate": "2020-03-31", "positionDirect": 800, "positionDirectDate": "2020-03-31"}, {"maxAge": 1, "name": "Societe Ceat D Investissementen Asie S A", "relation": "Institution- Corporation", "url": "", "transactionDescription": "Other", "latestTransDate": "2019-12-04", "positionDirect": 0, "positionDirectDate": "2019-12-04"}, {"maxAge": 1, "name": "Tiaa - Cref", "relation": "UNREPORTED", "url": "", "transactionDescription": "Acquisition", "latestTransDate": "2014-11-28", "positionDirect": 2106153, "positionDirectDate": "2014-11-28"}, {"maxAge": 1, "name": "West Bridge Crossover Fund LLC", "relation": "Indirect Shareholder", "url": "", "transactionDescription": "Sale", "latestTransDate": "2020-08-27", "positionDirect": 835958, "positionDirectDate": "2020-08-27"}], "maxAge": 1}, "calendarEvents": {"maxAge": 1, "earnings": {"earningsDate": ["2019-02-06 05:30:S", "2019-02-11 05:30:S"], "revenueAverage": 16190000000, "revenueLow": 16190000000, "revenueHigh": 16190000000}, "exDividendDate": "2020-03-19 05:30:00"}, "price": {"maxAge": 1, "regularMarketChangePercent": 0.015570616, "regularMarketChange": 21.25, "regularMarketTime": "2021-04-30 15:29:58", "priceHint": 2, "regularMarketPrice": 1386.0, "regularMarketDayHigh": 1417.7, "regularMarketDayLow": 1346.4, "regularMarketVolume": 586811, "averageDailyVolume10Day": 238009, "averageDailyVolume3Month": 271418, "regularMarketPreviousClose": 1364.75, "regularMarketSource": "FREE_REALTIME", "regularMarketOpen": 1360.0, "exchange": "NSI", "exchangeName": "NSE", "exchangeDataDelayedBy": 15, "marketState": "CLOSED", "quoteType": "EQUITY", "symbol": "CEATLTD.NS", "underlyingSymbol": null, "shortName": "CEAT LTD", "longName": "CEAT Limited", "currency": "INR", "quoteSourceName": "Delayed Quote", "currencySymbol": "\u20b9", "fromCurrency": null, "toCurrency": null, "lastMarket": null, "marketCap": 56063840256}, "balanceSheetHistory": {"balanceSheetStatements": [{"maxAge": 1, "endDate": "2020-03-31", "cash": 274000000, "shortTermInvestments": 8700000, "netReceivables": 6928700000, "inventory": 9256900000, "otherCurrentAssets": 1708700000, "totalCurrentAssets": 18292700000, "longTermInvestments": 1836500000, "propertyPlantEquipment": 51103400000, "intangibleAssets": 1179900000, "otherAssets": 1116800000, "deferredLongTermAssetCharges": 6800000, "totalAssets": 73529300000, "accountsPayable": 11936200000, "shortLongTermDebt": 518000000, "otherCurrentLiab": 6861600000, "longTermDebt": 16407800000, "otherLiab": 4154600000, "minorityInterest": 236500000, "totalCurrentLiabilities": 23013700000, "totalLiab": 44213600000, "commonStock": 404500000, "retainedEarnings": 22844200000, "treasuryStock": 160200000, "capitalSurplus": 5670300000, "otherStockholderEquity": 160200000, "totalStockholderEquity": 29079200000, "netTangibleAssets": 27899300000}, {"maxAge": 1, "endDate": "2019-03-31", "cash": 675500000, "shortTermInvestments": 15700000, "netReceivables": 7366800000, "inventory": 10056000000, "otherCurrentAssets": 1634300000, "totalCurrentAssets": 20006700000, "longTermInvestments": 1814200000, "propertyPlantEquipment": 39040900000, "intangibleAssets": 1083500000, "otherAssets": 2104000000, "deferredLongTermAssetCharges": 6000000, "totalAssets": 64049300000, "accountsPayable": 10484800000, "shortLongTermDebt": 511300000, "otherCurrentLiab": 7036100000, "longTermDebt": 12226400000, "otherLiab": 2627900000, "minorityInterest": 237900000, "totalCurrentLiabilities": 21296000000, "totalLiab": 36150300000, "commonStock": 404500000, "retainedEarnings": 21730100000, "treasuryStock": -143800000, "capitalSurplus": 5670300000, "otherStockholderEquity": -143800000, "totalStockholderEquity": 27661100000, "netTangibleAssets": 26577600000}, {"maxAge": 1, "endDate": "2018-03-31", "cash": 821800000, "shortTermInvestments": 7100000, "netReceivables": 7514700000, "inventory": 7846100000, "otherCurrentAssets": 1487900000, "totalCurrentAssets": 18146100000, "longTermInvestments": 1734600000, "propertyPlantEquipment": 29384100000, "intangibleAssets": 807900000, "otherAssets": 1391700000, "totalAssets": 51464400000, "accountsPayable": 8659500000, "shortLongTermDebt": 2249400000, "otherCurrentLiab": 4633100000, "longTermDebt": 4511600000, "otherLiab": 2269000000, "minorityInterest": 233700000, "totalCurrentLiabilities": 18389200000, "totalLiab": 25169800000, "commonStock": 404500000, "retainedEarnings": 19298400000, "treasuryStock": 687700000, "capitalSurplus": 5670300000, "otherStockholderEquity": 687700000, "totalStockholderEquity": 26060900000, "netTangibleAssets": 25253000000}, {"maxAge": 1, "endDate": "2017-03-31", "cash": 240100000, "shortTermInvestments": 86900000, "netReceivables": 6180200000, "inventory": 9434800000, "otherCurrentAssets": 1835000000, "totalCurrentAssets": 18419700000, "longTermInvestments": 1695700000, "propertyPlantEquipment": 27025700000, "intangibleAssets": 762200000, "otherAssets": 1266100000, "totalAssets": 49169400000, "accountsPayable": 7579700000, "shortLongTermDebt": 135800000, "otherCurrentLiab": 4631700000, "longTermDebt": 8524300000, "otherLiab": 2125600000, "minorityInterest": 291500000, "totalCurrentLiabilities": 14078500000, "totalLiab": 24728400000, "commonStock": 404500000, "retainedEarnings": 17537800000, "treasuryStock": 536900000, "capitalSurplus": 5670300000, "otherStockholderEquity": 536900000, "totalStockholderEquity": 24149500000, "netTangibleAssets": 23387300000}], "maxAge": 86400}, "earningsTrend": {"trend": [{"maxAge": 1, "period": "0q", "endDate": "2018-03-31", "growth": {}, "earningsEstimate": {"avg": 0.0, "low": 0.0, "high": 0.0, "yearAgoEps": 20.44, "numberOfAnalysts": 0, "growth": {}}, "revenueEstimate": {"avg": 16190000000, "low": 16190000000, "high": 16190000000, "numberOfAnalysts": 1, "yearAgoRevenue": 14368700000, "growth": 0.127}, "epsTrend": {"current": 0.0, "7daysAgo": 0.0, "30daysAgo": 0.0, "60daysAgo": 0.0, "90daysAgo": 0.0}, "epsRevisions": {"upLast7days": 0, "upLast30days": 0, "downLast30days": 0, "downLast90days": {}}}, {"maxAge": 1, "period": "+1q", "endDate": "2018-06-30", "growth": {}, "earningsEstimate": {"avg": 0.0, "low": 0.0, "high": 0.0, "yearAgoEps": 0.49, "numberOfAnalysts": 0, "growth": {}}, "revenueEstimate": {"avg": 0, "low": 0, "high": 0, "numberOfAnalysts": 0, "yearAgoRevenue": {}, "growth": {}}, "epsTrend": {"current": 0.0, "7daysAgo": 0.0, "30daysAgo": 0.0, "60daysAgo": 0.0, "90daysAgo": 0.0}, "epsRevisions": {"upLast7days": 0, "upLast30days": 0, "downLast30days": 0, "downLast90days": {}}}, {"maxAge": 1, "period": "0y", "endDate": "2018-03-31", "growth": -0.171, "earningsEstimate": {"avg": 77.11, "low": 73.0, "high": 89.2, "yearAgoEps": 92.97, "numberOfAnalysts": 7, "growth": -0.171}, "revenueEstimate": {"avg": 62344700000, "low": 61292000000, "high": 65310000000, "numberOfAnalysts": 7, "yearAgoRevenue": 56582500000, "growth": 0.102}, "epsTrend": {"current": 77.11, "7daysAgo": 79.26, "30daysAgo": 80.25, "60daysAgo": 80.25, "90daysAgo": 84.6}, "epsRevisions": {"upLast7days": 2, "upLast30days": 2, "downLast30days": 5, "downLast90days": {}}}, {"maxAge": 1, "period": "+1y", "endDate": "2019-03-31", "growth": 0.409, "earningsEstimate": {"avg": 108.67, "low": 98.9, "high": 117.9, "yearAgoEps": 77.11, "numberOfAnalysts": 7, "growth": 0.409}, "revenueEstimate": {"avg": 70664100000, "low": 67873000000, "high": 73713000000, "numberOfAnalysts": 7, "yearAgoRevenue": 62344700000, "growth": 0.133}, "epsTrend": {"current": 108.67, "7daysAgo": 120.36, "30daysAgo": 129.85, "60daysAgo": 129.85, "90daysAgo": 132.97}, "epsRevisions": {"upLast7days": 0, "upLast30days": 0, "downLast30days": 7, "downLast90days": {}}}, {"maxAge": 1, "period": "+5y", "endDate": null, "growth": 0.1409, "earningsEstimate": {"avg": {}, "low": {}, "high": {}, "yearAgoEps": {}, "numberOfAnalysts": {}, "growth": {}}, "revenueEstimate": {"avg": {}, "low": {}, "high": {}, "numberOfAnalysts": {}, "yearAgoRevenue": {}, "growth": {}}, "epsTrend": {"current": {}, "7daysAgo": {}, "30daysAgo": {}, "60daysAgo": {}, "90daysAgo": {}}, "epsRevisions": {"upLast7days": {}, "upLast30days": {}, "downLast30days": {}, "downLast90days": {}}}, {"maxAge": 1, "period": "-5y", "endDate": null, "growth": -0.25616, "earningsEstimate": {"avg": {}, "low": {}, "high": {}, "yearAgoEps": {}, "numberOfAnalysts": {}, "growth": {}}, "revenueEstimate": {"avg": {}, "low": {}, "high": {}, "numberOfAnalysts": {}, "yearAgoRevenue": {}, "growth": {}}, "epsTrend": {"current": {}, "7daysAgo": {}, "30daysAgo": {}, "60daysAgo": {}, "90daysAgo": {}}, "epsRevisions": {"upLast7days": {}, "upLast30days": {}, "downLast30days": {}, "downLast90days": {}}}], "maxAge": 1}, "institutionOwnership": {"maxAge": 1, "ownershipList": []}, "majorHoldersBreakdown": {"maxAge": 1, "insidersPercentHeld": 0.028859999, "institutionsPercentHeld": 0.84860003, "institutionsFloatPercentHeld": 0.87382007, "institutionsCount": 39}, "balanceSheetHistoryQuarterly": {"balanceSheetStatements": [{"maxAge": 1, "endDate": "2020-12-31", "totalStockholderEquity": 30463500000, "netTangibleAssets": 29253100000}, {"maxAge": 1, "endDate": "2020-09-30", "cash": 1372300000, "shortTermInvestments": 253600000, "netReceivables": 8049000000, "inventory": 8329000000, "otherCurrentAssets": 1289700000, "totalCurrentAssets": 19293600000, "longTermInvestments": 2015800000, "propertyPlantEquipment": 52250000000, "intangibleAssets": 1210400000, "otherAssets": 1114400000, "deferredLongTermAssetCharges": 6100000, "totalAssets": 75884200000, "accountsPayable": 13354400000, "shortLongTermDebt": 1441200000, "otherCurrentLiab": 9187900000, "longTermDebt": 14950800000, "otherLiab": 3184600000, "minorityInterest": 231500000, "totalCurrentLiabilities": 26151200000, "totalLiab": 45189200000, "commonStock": 404500000, "treasuryStock": 30059000000, "otherStockholderEquity": 30059000000, "totalStockholderEquity": 30463500000, "netTangibleAssets": 29253100000}, {"maxAge": 1, "endDate": "2020-06-30", "totalStockholderEquity": 29079200000, "netTangibleAssets": 27899300000}, {"maxAge": 1, "endDate": "2020-03-31", "cash": 274000000, "shortTermInvestments": 8700000, "netReceivables": 6928700000, "inventory": 9256900000, "otherCurrentAssets": 1708700000, "totalCurrentAssets": 18292700000, "longTermInvestments": 1836500000, "propertyPlantEquipment": 51103400000, "intangibleAssets": 1179900000, "otherAssets": 1116800000, "deferredLongTermAssetCharges": 6800000, "totalAssets": 73529300000, "accountsPayable": 11936200000, "shortLongTermDebt": 518000000, "otherCurrentLiab": 6861600000, "longTermDebt": 16407800000, "otherLiab": 4154600000, "minorityInterest": 236500000, "totalCurrentLiabilities": 23013700000, "totalLiab": 44213600000, "commonStock": 404500000, "retainedEarnings": 22844200000, "treasuryStock": 160200000, "capitalSurplus": 5670300000, "otherStockholderEquity": 160200000, "totalStockholderEquity": 29079200000, "netTangibleAssets": 27899300000}], "maxAge": 86400}, "earningsHistory": {"history": [{"maxAge": 1, "epsActual": 20.44, "epsEstimate": 11.1, "epsDifference": 9.34, "surprisePercent": 0.84099996, "quarter": "2017-03-31", "period": "-4q"}, {"maxAge": 1, "epsActual": 0.49, "epsEstimate": 3.8, "epsDifference": -3.31, "surprisePercent": -0.871, "quarter": "2017-06-30", "period": "-3q"}, {"maxAge": 1, "epsActual": 20.91, "epsEstimate": 15.85, "epsDifference": 5.06, "surprisePercent": 0.319, "quarter": "2017-09-30", "period": "-2q"}, {"maxAge": 1, "epsActual": 22.7, "epsEstimate": 26.3, "epsDifference": -3.6, "surprisePercent": -0.137, "quarter": "2017-12-31", "period": "-1q"}], "maxAge": 86400}, "summaryProfile": {"address1": "RPG House", "address2": "463, Dr. Annie Besant Road Worli", "city": "Mumbai", "zip": "400030", "country": "India", "phone": "91 22 2493 0621", "fax": "91 22 2529 7423", "website": "http://www.ceat.com", "industry": "Auto Parts", "sector": "Consumer Cyclical", "longBusinessSummary": "CEAT Limited manufactures and sells automotive tires, tubes, and flaps in India and internationally. The company offers rubber tires and tubes for motor vehicles, motorcycles, scooters, three wheelers, and tractors. CEAT Limited also exports its products to approximately 100 countries. The company was formerly known as CEAT Tyres of India Limited and changed its name to CEAT Limited in 1990. CEAT Limited was founded in 1958 and is headquartered in Mumbai, India.", "fullTimeEmployees": 6474, "companyOfficers": [], "maxAge": 86400}, "netSharePurchaseActivity": {"maxAge": 1, "period": "6m", "buyInfoCount": 0, "buyInfoShares": 0, "sellInfoCount": 0, "netInfoCount": 0, "netInfoShares": 0, "netPercentInsiderShares": 0.0, "totalInsiderShares": 1167297}, "insiderTransactions": {"transactions": [{"maxAge": 1, "shares": 2, "value": 42, "filerUrl": "", "transactionText": "Other at price 21.49 per share.", "filerName": "Goenka (Harsh Vardhan)", "filerRelation": "Promoter", "moneyText": "", "startDate": "2021-03-22", "ownership": "D"}, {"maxAge": 1, "shares": 10133, "value": 217718, "filerUrl": "", "transactionText": "Other at price 21.49 per share.", "filerName": "Goenka (Harsh Anant) HUF", "filerRelation": "UNREPORTED", "moneyText": "", "startDate": "2021-03-22", "ownership": "D"}, {"maxAge": 1, "shares": 1207, "value": 27560, "filerUrl": "", "transactionText": "Sale at price 22.83 per share.", "filerName": "Banerjee (Arnab)", "filerRelation": "Director (Executive)", "moneyText": "", "startDate": "2021-02-11", "ownership": "D"}, {"maxAge": 1, "shares": 1579, "filerUrl": "", "transactionText": "", "filerName": "MMPL Trust", "filerRelation": "Institution- Corporation", "moneyText": "", "startDate": "2020-08-27", "ownership": "D"}, {"maxAge": 1, "shares": 585417, "filerUrl": "", "transactionText": "", "filerName": "West Bridge Crossover Fund LLC", "filerRelation": "Indirect Shareholder", "moneyText": "", "startDate": "2020-08-27", "ownership": "D"}, {"maxAge": 1, "shares": 13266, "filerUrl": "", "transactionText": "", "filerName": "Konark Trust", "filerRelation": "Institution- Corporation", "moneyText": "", "startDate": "2020-08-27", "ownership": "D"}, {"maxAge": 1, "shares": 1591, "filerUrl": "", "transactionText": "", "filerName": "MMPL Trust", "filerRelation": "Institution- Corporation", "moneyText": "", "startDate": "2020-08-21", "ownership": "D"}, {"maxAge": 1, "shares": 1332854, "filerUrl": "", "transactionText": "", "filerName": "Jwalamukhi Investment Holdings", "filerRelation": "Institution- Corporation", "moneyText": "", "startDate": "2020-08-21", "ownership": "D"}, {"maxAge": 1, "shares": 13391, "filerUrl": "", "transactionText": "", "filerName": "Konark Trust", "filerRelation": "Institution- Corporation", "moneyText": "", "startDate": "2020-08-21", "ownership": "D"}, {"maxAge": 1, "shares": 200, "filerUrl": "", "transactionText": "", "filerName": "Rao (L V S Srinivasa)", "filerRelation": "UNREPORTED", "moneyText": "", "startDate": "2020-03-31", "ownership": "D"}, {"maxAge": 1, "shares": 200, "filerUrl": "", "transactionText": "", "filerName": "Rao (L V S Srinivasa)", "filerRelation": "UNREPORTED", "moneyText": "", "startDate": "2020-03-31", "ownership": "D"}, {"maxAge": 1, "shares": 400, "filerUrl": "", "transactionText": "", "filerName": "Rao (L V S Srinivasa)", "filerRelation": "UNREPORTED", "moneyText": "", "startDate": "2020-03-31", "ownership": "D"}, {"maxAge": 1, "shares": 400, "filerUrl": "", "transactionText": "", "filerName": "Rao (L V S Srinivasa)", "filerRelation": "UNREPORTED", "moneyText": "", "startDate": "2020-03-31", "ownership": "D"}, {"maxAge": 1, "shares": 400, "filerUrl": "", "transactionText": "", "filerName": "Rao (L V S Srinivasa)", "filerRelation": "UNREPORTED", "moneyText": "", "startDate": "2020-03-30", "ownership": "D"}, {"maxAge": 1, "shares": 200, "filerUrl": "", "transactionText": "", "filerName": "Rao (L V S Srinivasa)", "filerRelation": "UNREPORTED", "moneyText": "", "startDate": "2020-03-25", "ownership": "D"}, {"maxAge": 1, "shares": 220, "filerUrl": "", "transactionText": "", "filerName": "Rao (L V S Srinivasa)", "filerRelation": "UNREPORTED", "moneyText": "", "startDate": "2020-03-25", "ownership": "D"}, {"maxAge": 1, "shares": 300, "filerUrl": "", "transactionText": "", "filerName": "Rao (L V S Srinivasa)", "filerRelation": "UNREPORTED", "moneyText": "", "startDate": "2020-03-24", "ownership": "D"}, {"maxAge": 1, "shares": 680, "filerUrl": "", "transactionText": "", "filerName": "Rao (L V S Srinivasa)", "filerRelation": "UNREPORTED", "moneyText": "", "startDate": "2020-03-24", "ownership": "D"}, {"maxAge": 1, "shares": 352098, "filerUrl": "", "transactionText": "", "filerName": "Societe Ceat D Investissementen Asie S A", "filerRelation": "Institution- Corporation", "moneyText": "", "startDate": "2019-12-04", "ownership": "D"}, {"maxAge": 1, "shares": 400000, "filerUrl": "", "transactionText": "", "filerName": "Societe Ceat D Investissementen Asie S A", "filerRelation": "Institution- Corporation", "moneyText": "", "startDate": "2019-12-03", "ownership": "D"}, {"maxAge": 1, "shares": 1030000, "filerUrl": "", "transactionText": "", "filerName": "Societe Ceat D Investissementen Asie S A", "filerRelation": "Institution- Corporation", "moneyText": "", "startDate": "2019-11-06", "ownership": "D"}, {"maxAge": 1, "shares": 250, "filerUrl": "", "transactionText": "", "filerName": "Societe Ceat D Investissementen Asie S A", "filerRelation": "Institution- Corporation", "moneyText": "", "startDate": "2019-08-26", "ownership": "D"}, {"maxAge": 1, "shares": 1890596, "filerUrl": "", "transactionText": "", "filerName": "Tiaa - Cref", "filerRelation": "UNREPORTED", "moneyText": "", "startDate": "2014-11-28", "ownership": "D"}, {"maxAge": 1, "shares": 60000, "filerUrl": "", "transactionText": "", "filerName": "Goenka (Harsh Vardhan)", "filerRelation": "Non Executive Vice Chairman", "moneyText": "", "startDate": "2012-06-29", "ownership": "D"}, {"maxAge": 1, "shares": 145500, "filerUrl": "", "transactionText": "", "filerName": "L&T Mutual Fund Trustee Ltd", "filerRelation": "Institution- Corporation", "moneyText": "", "startDate": "2012-05-02", "ownership": "D"}, {"maxAge": 1, "shares": 21132, "filerUrl": "", "transactionText": "", "filerName": "Goenka (Harsh Vardhan)", "filerRelation": "Non Executive Vice Chairman", "moneyText": "", "startDate": "2012-03-29", "ownership": "D"}, {"maxAge": 1, "shares": 7000, "filerUrl": "", "transactionText": "", "filerName": "Goenka (Harsh Vardhan)", "filerRelation": "Non Executive Vice Chairman", "moneyText": "", "startDate": "2012-03-28", "ownership": "D"}, {"maxAge": 1, "shares": 18722, "filerUrl": "", "transactionText": "", "filerName": "Goenka (Harsh Vardhan)", "filerRelation": "Non Executive Vice Chairman", "moneyText": "", "startDate": "2012-03-28", "ownership": "D"}, {"maxAge": 1, "shares": 8146, "filerUrl": "", "transactionText": "", "filerName": "Goenka (Harsh Vardhan)", "filerRelation": "Non Executive Vice Chairman", "moneyText": "", "startDate": "2012-03-27", "ownership": "D"}, {"maxAge": 1, "shares": 5000, "filerUrl": "", "transactionText": "", "filerName": "Goenka (Harsh Vardhan)", "filerRelation": "Non Executive Vice Chairman", "moneyText": "", "startDate": "2012-03-27", "ownership": "D"}], "maxAge": 1}, "sectorTrend": {"maxAge": 1, "symbol": null, "estimates": []}, "incomeStatementHistoryQuarterly": {"incomeStatementHistory": [{"maxAge": 1, "endDate": "2020-12-31", "totalRevenue": 22212500000, "costOfRevenue": 12096000000, "grossProfit": 10116500000, "researchDevelopment": {}, "sellingGeneralAdministrative": 1805900000, "nonRecurring": {}, "otherOperatingExpenses": 5034000000, "totalOperatingExpenses": 19808800000, "operatingIncome": 2403700000, "totalOtherIncomeExpenseNet": -384000000, "ebit": 2403700000, "interestExpense": -418800000, "incomeBeforeTax": 2019700000, "incomeTaxExpense": 696300000, "minorityInterest": {}, "netIncomeFromContinuingOps": 1323400000, "discontinuedOperations": {}, "extraordinaryItems": {}, "effectOfAccountingCharges": {}, "otherItems": {}, "netIncome": 1321400000, "netIncomeApplicableToCommonShares": 1321400000}, {"maxAge": 1, "endDate": "2020-09-30", "totalRevenue": 19784700000, "costOfRevenue": 10591600000, "grossProfit": 9193100000, "researchDevelopment": {}, "sellingGeneralAdministrative": 1609700000, "nonRecurring": {}, "otherOperatingExpenses": 4658800000, "totalOperatingExpenses": 17699300000, "operatingIncome": 2085400000, "totalOtherIncomeExpenseNet": -278800000, "ebit": 2085400000, "interestExpense": -449600000, "incomeBeforeTax": 1806600000, "incomeTaxExpense": -15200000, "minorityInterest": 231500000, "netIncomeFromContinuingOps": 1821800000, "discontinuedOperations": {}, "extraordinaryItems": {}, "effectOfAccountingCharges": {}, "otherItems": {}, "netIncome": 1818600000, "netIncomeApplicableToCommonShares": 1818600000}, {"maxAge": 1, "endDate": "2020-06-30", "totalRevenue": 11201600000, "costOfRevenue": 6692700000, "grossProfit": 4508900000, "researchDevelopment": {}, "sellingGeneralAdministrative": 1512500000, "nonRecurring": {}, "otherOperatingExpenses": 1976300000, "totalOperatingExpenses": 10966900000, "operatingIncome": 234700000, "totalOtherIncomeExpenseNet": -642700000, "ebit": 234700000, "interestExpense": -487800000, "incomeBeforeTax": -408000000, "incomeTaxExpense": -55600000, "minorityInterest": 231500000, "netIncomeFromContinuingOps": -352400000, "discontinuedOperations": {}, "extraordinaryItems": {}, "effectOfAccountingCharges": {}, "otherItems": {}, "netIncome": -347600000, "netIncomeApplicableToCommonShares": -347600000}, {"maxAge": 1, "endDate": "2020-03-31", "totalRevenue": 15734100000, "costOfRevenue": 9289000000, "grossProfit": 6445100000, "researchDevelopment": {}, "sellingGeneralAdministrative": 3289100000, "nonRecurring": {}, "otherOperatingExpenses": 1099100000, "totalOperatingExpenses": 14422100000, "operatingIncome": 1312000000, "totalOtherIncomeExpenseNet": -681300000, "ebit": 1312000000, "interestExpense": -355900000, "incomeBeforeTax": 630700000, "incomeTaxExpense": 113500000, "minorityInterest": 236500000, "netIncomeFromContinuingOps": 517200000, "discontinuedOperations": {}, "extraordinaryItems": {}, "effectOfAccountingCharges": {}, "otherItems": {}, "netIncome": 518800000, "netIncomeApplicableToCommonShares": 518800000}], "maxAge": 86400}, "cashflowStatementHistoryQuarterly": {"cashflowStatements": [{"maxAge": 1, "endDate": "2020-12-31", "netIncome": 1321400000, "changeToLiabilities": 0}, {"maxAge": 1, "endDate": "2020-09-30", "netIncome": 1818600000, "changeToLiabilities": 0}, {"maxAge": 1, "endDate": "2020-06-30", "netIncome": -347600000, "changeToLiabilities": 0}, {"maxAge": 1, "endDate": "2020-03-31", "netIncome": 518800000, "changeToLiabilities": 0}], "maxAge": 86400}, "earnings": {"maxAge": 86400, "earningsChart": {"quarterly": [{"date": "1Q2017", "actual": 20.44, "estimate": 11.1}, {"date": "2Q2017", "actual": 0.49, "estimate": 3.8}, {"date": "3Q2017", "actual": 20.91, "estimate": 15.85}, {"date": "4Q2017", "actual": 22.7, "estimate": 26.3}], "currentQuarterEstimateDate": "1Q", "currentQuarterEstimateYear": 2018, "earningsDate": ["2019-02-06 05:30:S", "2019-02-11 05:30:S"]}, "financialsChart": {"yearly": [{"date": 2017, "revenue": 57665100000, "earnings": 3611500000}, {"date": 2018, "revenue": 62834200000, "earnings": 2379800000}, {"date": 2019, "revenue": 69845100000, "earnings": 2522200000}, {"date": 2020, "revenue": 67788300000, "earnings": 2312500000}], "quarterly": [{"date": "1Q2020", "revenue": 15734100000, "earnings": 518800000}, {"date": "2Q2020", "revenue": 11201600000, "earnings": -347600000}, {"date": "3Q2020", "revenue": 19784700000, "earnings": 1818600000}, {"date": "4Q2020", "revenue": 22212500000, "earnings": 1321400000}]}, "financialCurrency": "INR"}, "financialData": {"maxAge": 86400, "currentPrice": 1386.0, "targetHighPrice": 2300.0, "targetLowPrice": 1765.0, "targetMeanPrice": 1919.47, "targetMedianPrice": 1898.0, "recommendationMean": 1.9, "recommendationKey": "buy", "numberOfAnalystOpinions": 17, "totalCash": 1625900032, "totalCashPerShare": 40.198, "ebitda": 8471000064, "totalDebt": 19462299648, "totalRevenue": 68932902912, "debtToEquity": 63.405, "revenuePerShare": 1704.189, "grossProfits": 27900000000, "earningsGrowth": 1.503, "revenueGrowth": 0.261, "grossMargins": 0.43903, "ebitdaMargins": 0.122889996, "operatingMargins": 0.08756, "profitMargins": 0.04803, "financialCurrency": "INR"}}}