{"CEBBCO.BO": {"recommendationTrend": {"trend": [{"period": "0m", "strongBuy": 0, "buy": 0, "hold": 0, "sell": 0, "strongSell": 0}, {"period": "-1m", "strongBuy": 0, "buy": 0, "hold": 0, "sell": 0, "strongSell": 0}, {"period": "-2m", "strongBuy": 0, "buy": 0, "hold": 0, "sell": 0, "strongSell": 0}, {"period": "-3m", "strongBuy": 0, "buy": 0, "hold": 0, "sell": 0, "strongSell": 0}], "maxAge": 86400}, "cashflowStatementHistory": {"cashflowStatements": [{"maxAge": 1, "endDate": "2020-03-31", "netIncome": -1397000, "depreciation": 81832000, "changeToNetincome": -58419000, "changeToAccountReceivables": 268201000, "changeToLiabilities": -113321000, "changeToInventory": -331258000, "changeToOperatingActivities": 5548000, "totalCashFromOperatingActivities": -147472000, "capitalExpenditures": -122064000, "otherCashflowsFromInvestingActivities": -3374000, "totalCashflowsFromInvestingActivities": -125438000, "netBorrowings": 133542000, "otherCashflowsFromFinancingActivities": -62694000, "totalCashFromFinancingActivities": 70848000, "changeInCash": -202062000}, {"maxAge": 1, "endDate": "2019-03-31", "netIncome": 886738000, "depreciation": 103465000, "changeToNetincome": -868587000, "changeToAccountReceivables": 23603000, "changeToLiabilities": -3043000, "changeToInventory": -51792000, "changeToOperatingActivities": 1530000, "totalCashFromOperatingActivities": 92240000, "capitalExpenditures": -12078000, "otherCashflowsFromInvestingActivities": 1073000, "totalCashflowsFromInvestingActivities": -11005000, "netBorrowings": -201496000, "otherCashflowsFromFinancingActivities": -28253000, "totalCashFromFinancingActivities": 115648000, "changeInCash": 196883000, "issuanceOfStock": 345397000}, {"maxAge": 1, "endDate": "2018-03-31", "netIncome": -369127000, "depreciation": 103523000, "changeToNetincome": 291748000, "changeToAccountReceivables": 91423000, "changeToLiabilities": -115445000, "changeToInventory": -22925000, "changeToOperatingActivities": 13302000, "totalCashFromOperatingActivities": -7501000, "capitalExpenditures": -2532000, "otherCashflowsFromInvestingActivities": 965000, "totalCashflowsFromInvestingActivities": 638000, "netBorrowings": 53000000, "otherCashflowsFromFinancingActivities": -17029000, "totalCashFromFinancingActivities": 35971000, "changeInCash": 29107000, "issuanceOfStock": 345397000}, {"maxAge": 1, "endDate": "2017-03-31", "netIncome": -356028000, "depreciation": 102832000, "changeToNetincome": 274511000, "changeToAccountReceivables": -76081000, "changeToLiabilities": 81583000, "changeToInventory": 28229000, "changeToOperatingActivities": 789000, "totalCashFromOperatingActivities": 56583000, "capitalExpenditures": -2830000, "otherCashflowsFromInvestingActivities": 2162000, "totalCashflowsFromInvestingActivities": 432000, "netBorrowings": 109220000, "otherCashflowsFromFinancingActivities": -162481000, "totalCashFromFinancingActivities": -53261000, "changeInCash": 3754000, "issuanceOfStock": 345397000}], "maxAge": 86400}, "institutionOwnership": {"maxAge": 1, "ownershipList": []}, "balanceSheetHistoryQuarterly": {"balanceSheetStatements": [{"maxAge": 1, "endDate": "2020-06-30"}, {"maxAge": 1, "endDate": "2020-03-31", "cash": 28205000, "netReceivables": 179839000, "inventory": 475701000, "otherCurrentAssets": 118761000, "totalCurrentAssets": 804392000, "propertyPlantEquipment": 1162498000, "intangibleAssets": 5504000, "otherAssets": 26522000, "totalAssets": 1998916000, "accountsPayable": 344072000, "shortLongTermDebt": 20204000, "otherCurrentLiab": 166519000, "longTermDebt": 269001000, "otherLiab": 13008000, "totalCurrentLiabilities": 758209000, "totalLiab": 1044496000, "commonStock": 894827000, "retainedEarnings": -1713304000, "treasuryStock": 489117000, "capitalSurplus": 1283780000, "otherStockholderEquity": 489117000, "totalStockholderEquity": 954420000, "netTangibleAssets": 948916000}, {"maxAge": 1, "endDate": "2019-12-31", "totalStockholderEquity": 986374000, "netTangibleAssets": 983914000}, {"maxAge": 1, "endDate": "2019-09-30", "cash": 56222000, "shortTermInvestments": 925000, "netReceivables": 151248000, "inventory": 231434000, "otherCurrentAssets": 106728000, "totalCurrentAssets": 546557000, "longTermInvestments": 10000, "propertyPlantEquipment": 1115783000, "intangibleAssets": 2460000, "otherAssets": 281198000, "totalAssets": 1946008000, "accountsPayable": 212584000, "otherCurrentLiab": 200938000, "longTermDebt": 265017000, "otherLiab": 263032000, "totalCurrentLiabilities": 427251000, "totalLiab": 959634000, "commonStock": 894827000, "treasuryStock": 91547000, "otherStockholderEquity": 91547000, "totalStockholderEquity": 986374000, "netTangibleAssets": 983914000}], "maxAge": 86400}, "earningsHistory": {"history": [{"maxAge": 1, "epsActual": {}, "epsEstimate": {}, "epsDifference": {}, "surprisePercent": {}, "quarter": {}, "period": "-4q"}, {"maxAge": 1, "epsActual": {}, "epsEstimate": {}, "epsDifference": {}, "surprisePercent": {}, "quarter": {}, "period": "-3q"}, {"maxAge": 1, "epsActual": {}, "epsEstimate": {}, "epsDifference": {}, "surprisePercent": {}, "quarter": {}, "period": "-2q"}, {"maxAge": 1, "epsActual": {}, "epsEstimate": {}, "epsDifference": {}, "surprisePercent": {}, "quarter": {}, "period": "-1q"}], "maxAge": 86400}, "indexTrend": {"maxAge": 1, "symbol": "SP5", "peRatio": 19.7411, "pegRatio": 1.34172, "estimates": [{"period": "0q", "growth": 0.549}, {"period": "+1q", "growth": 0.431}, {"period": "0y", "growth": 0.305}, {"period": "+1y", "growth": 0.109}, {"period": "+5y", "growth": 0.120865}, {"period": "-5y"}]}, "industryTrend": {"maxAge": 1, "symbol": null, "estimates": []}, "insiderTransactions": {"transactions": [{"maxAge": 1, "shares": 317555, "filerUrl": "", "transactionText": "", "filerName": "Gupta (Kailash Chand)", "filerRelation": "Executive Chairman", "moneyText": "", "startDate": "2015-06-27", "ownership": "D"}, {"maxAge": 1, "shares": 6674549, "filerUrl": "", "transactionText": "", "filerName": "Gupta (Kailash Chand)", "filerRelation": "Executive Chairman", "moneyText": "", "startDate": "2013-06-14", "ownership": "D"}, {"maxAge": 1, "shares": 6674549, "filerUrl": "", "transactionText": "", "filerName": "Gupta (Ajay)", "filerRelation": "Wholetime Director", "moneyText": "", "startDate": "2013-06-14", "ownership": "D"}, {"maxAge": 1, "shares": 2415000, "filerUrl": "", "transactionText": "", "filerName": "Gupta (Ajay)", "filerRelation": "Wholetime Director", "moneyText": "", "startDate": "2013-05-30", "ownership": "D"}, {"maxAge": 1, "shares": 2415000, "filerUrl": "", "transactionText": "", "filerName": "Gupta (Kailash Chand)", "filerRelation": "Executive Chairman", "moneyText": "", "startDate": "2013-05-30", "ownership": "D"}, {"maxAge": 1, "shares": 2191721, "filerUrl": "", "transactionText": "", "filerName": "Gupta (Ajay)", "filerRelation": "Wholetime Director", "moneyText": "", "startDate": "2013-05-17", "ownership": "D"}, {"maxAge": 1, "shares": 2191721, "filerUrl": "", "transactionText": "", "filerName": "Gupta (Kailash Chand)", "filerRelation": "Executive Chairman", "moneyText": "", "startDate": "2013-05-17", "ownership": "D"}, {"maxAge": 1, "shares": 1594520, "filerUrl": "", "transactionText": "", "filerName": "New York Life Investment Management India Fund (FVCI) II LLC", "filerRelation": "Institution- Corporation", "moneyText": "", "startDate": "2012-06-11", "ownership": "D"}, {"maxAge": 1, "shares": 1321927, "filerUrl": "", "transactionText": "", "filerName": "New York Life Investment Management India Fund (FVCI) II LLC", "filerRelation": "Institution- Corporation", "moneyText": "", "startDate": "2012-05-04", "ownership": "D"}, {"maxAge": 1, "shares": 1101949, "filerUrl": "", "transactionText": "", "filerName": "New York Life Investment Management India Fund (FVCI) II LLC", "filerRelation": "Institution- Corporation", "moneyText": "", "startDate": "2012-04-24", "ownership": "D"}, {"maxAge": 1, "shares": 1524360, "filerUrl": "", "transactionText": "", "filerName": "New York Life Investment Management India Fund (FVCI) II LLC", "filerRelation": "Institution- Corporation", "moneyText": "", "startDate": "2012-03-27", "ownership": "D"}, {"maxAge": 1, "shares": 1161107, "filerUrl": "", "transactionText": "", "filerName": "New York Life Investment Management India Fund (FVCI) II LLC", "filerRelation": "Institution- Corporation", "moneyText": "", "startDate": "2012-02-08", "ownership": "D"}, {"maxAge": 1, "shares": 18751, "filerUrl": "", "transactionText": "", "filerName": "Jashn Beneficiary Trust", "filerRelation": "Promoter", "moneyText": "", "startDate": "2011-12-30", "ownership": "D"}, {"maxAge": 1, "shares": 115840, "filerUrl": "", "transactionText": "", "filerName": "Jashn Beneficiary Trust", "filerRelation": "Promoter", "moneyText": "", "startDate": "2011-12-23", "ownership": "D"}, {"maxAge": 1, "shares": 105546, "filerUrl": "", "transactionText": "", "filerName": "Jashn Beneficiary Trust", "filerRelation": "Promoter", "moneyText": "", "startDate": "2011-12-21", "ownership": "D"}, {"maxAge": 1, "shares": 64283, "filerUrl": "", "transactionText": "", "filerName": "Jashn Beneficiary Trust", "filerRelation": "Promoter", "moneyText": "", "startDate": "2011-12-16", "ownership": "D"}, {"maxAge": 1, "shares": 53470, "filerUrl": "", "transactionText": "", "filerName": "Jashn Beneficiary Trust", "filerRelation": "Promoter", "moneyText": "", "startDate": "2011-12-15", "ownership": "D"}, {"maxAge": 1, "shares": 74971, "filerUrl": "", "transactionText": "", "filerName": "Jashn Beneficiary Trust", "filerRelation": "Promoter", "moneyText": "", "startDate": "2011-12-14", "ownership": "D"}, {"maxAge": 1, "shares": 36477, "filerUrl": "", "transactionText": "", "filerName": "Jashn Beneficiary Trust", "filerRelation": "Promoter", "moneyText": "", "startDate": "2011-12-13", "ownership": "D"}, {"maxAge": 1, "shares": 0, "filerUrl": "", "transactionText": "", "filerName": "Jashn Beneficiary Trust", "filerRelation": "Promoter", "moneyText": "", "startDate": "2011-12-13", "ownership": "I"}, {"maxAge": 1, "shares": 36354, "filerUrl": "", "transactionText": "", "filerName": "Jashn Beneficiary Trust", "filerRelation": "Promoter", "moneyText": "", "startDate": "2011-09-27", "ownership": "D"}, {"maxAge": 1, "shares": 0, "filerUrl": "", "transactionText": "", "filerName": "Jashn Beneficiary Trust", "filerRelation": "Promoter", "moneyText": "", "startDate": "2011-09-27", "ownership": "I"}, {"maxAge": 1, "shares": 38885, "filerUrl": "", "transactionText": "", "filerName": "Jashn Beneficiary Trust", "filerRelation": "Promoter", "moneyText": "", "startDate": "2011-09-26", "ownership": "D"}, {"maxAge": 1, "shares": 129797, "filerUrl": "", "transactionText": "", "filerName": "Jashn Beneficiary Trust", "filerRelation": "Promoter", "moneyText": "", "startDate": "2011-09-21", "ownership": "D"}, {"maxAge": 1, "shares": 75310, "filerUrl": "", "transactionText": "", "filerName": "Jashn Beneficiary Trust", "filerRelation": "Promoter", "moneyText": "", "startDate": "2011-09-15", "ownership": "D"}, {"maxAge": 1, "shares": 103499, "filerUrl": "", "transactionText": "", "filerName": "Jashn Beneficiary Trust", "filerRelation": "Promoter", "moneyText": "", "startDate": "2011-09-14", "ownership": "D"}], "maxAge": 1}, "quoteType": {"exchange": "BSE", "quoteType": "EQUITY", "symbol": "CEBBCO.BO", "underlyingSymbol": "CEBBCO.BO", "shortName": "COMMERCIAL ENGINEERS & BODY BU", "longName": "Commercial Engineers & Body Builders Co Limited", "firstTradeDateEpochUtc": "2010-10-18 09:15:00", "timeZoneFullName": "Asia/Kolkata", "timeZoneShortName": "IST", "uuid": "6f73ed62-45a4-317a-bbd0-03280118c795", "messageBoardId": null, "gmtOffSetMilliseconds": 19800000, "maxAge": 1}, "incomeStatementHistory": {"incomeStatementHistory": [{"maxAge": 1, "endDate": "2020-03-31", "totalRevenue": 1257439000, "costOfRevenue": 1015718000, "grossProfit": 241721000, "researchDevelopment": {}, "sellingGeneralAdministrative": 90499000, "nonRecurring": {}, "otherOperatingExpenses": 102217000, "totalOperatingExpenses": 1291608000, "operatingIncome": -34169000, "totalOtherIncomeExpenseNet": 8594000, "ebit": -34169000, "interestExpense": -57986000, "incomeBeforeTax": -25575000, "incomeTaxExpense": -24178000, "minorityInterest": {}, "netIncomeFromContinuingOps": -1397000, "discontinuedOperations": {}, "extraordinaryItems": {}, "effectOfAccountingCharges": {}, "otherItems": {}, "netIncome": -1397000, "netIncomeApplicableToCommonShares": -1397000}, {"maxAge": 1, "endDate": "2019-03-31", "totalRevenue": 2157996000, "costOfRevenue": 1798245000, "grossProfit": 359751000, "researchDevelopment": {}, "sellingGeneralAdministrative": 68663000, "nonRecurring": {}, "otherOperatingExpenses": 162990000, "totalOperatingExpenses": 2133689000, "operatingIncome": 24307000, "totalOtherIncomeExpenseNet": 862431000, "ebit": 24307000, "interestExpense": -215093000, "incomeBeforeTax": 886738000, "incomeTaxExpense": 0, "minorityInterest": {}, "netIncomeFromContinuingOps": 886738000, "discontinuedOperations": {}, "extraordinaryItems": {}, "effectOfAccountingCharges": {}, "otherItems": {}, "netIncome": 886738000, "netIncomeApplicableToCommonShares": 886738000}, {"maxAge": 1, "endDate": "2018-03-31", "totalRevenue": 971650000, "costOfRevenue": 784554000, "grossProfit": 187096000, "researchDevelopment": {}, "sellingGeneralAdministrative": 50255000, "nonRecurring": {}, "otherOperatingExpenses": 127542000, "totalOperatingExpenses": 1065874000, "operatingIncome": -94224000, "totalOtherIncomeExpenseNet": -274903000, "ebit": -94224000, "interestExpense": -248737000, "incomeBeforeTax": -369127000, "incomeTaxExpense": 0, "minorityInterest": {}, "netIncomeFromContinuingOps": -369127000, "discontinuedOperations": {}, "extraordinaryItems": {}, "effectOfAccountingCharges": {}, "otherItems": {}, "netIncome": -369127000, "netIncomeApplicableToCommonShares": -369127000}, {"maxAge": 1, "endDate": "2017-03-31", "totalRevenue": 1053370000, "costOfRevenue": 852798000, "grossProfit": 200572000, "researchDevelopment": {}, "sellingGeneralAdministrative": 59330000, "nonRecurring": {}, "otherOperatingExpenses": 123567000, "totalOperatingExpenses": 1139275000, "operatingIncome": -85905000, "totalOtherIncomeExpenseNet": -270123000, "ebit": -85905000, "interestExpense": -231357000, "incomeBeforeTax": -356028000, "incomeTaxExpense": 0, "minorityInterest": {}, "netIncomeFromContinuingOps": -356028000, "discontinuedOperations": {}, "extraordinaryItems": {}, "effectOfAccountingCharges": {}, "otherItems": {}, "netIncome": -356028000, "netIncomeApplicableToCommonShares": -356028000}], "maxAge": 86400}, "fundOwnership": {"maxAge": 1, "ownershipList": []}, "summaryDetail": {"maxAge": 1, "priceHint": 2, "previousClose": 16.7, "open": 16.45, "dayLow": 16.15, "dayHigh": 16.95, "regularMarketPreviousClose": 16.7, "regularMarketOpen": 16.45, "regularMarketDayLow": 16.15, "regularMarketDayHigh": 16.95, "volume": 8504, "regularMarketVolume": 8504, "averageVolume": 23289, "averageVolume10days": 16072, "averageDailyVolume10Day": 16072, "bid": 16.4, "ask": 16.7, "bidSize": 0, "askSize": 0, "marketCap": 1485412864, "fiftyTwoWeekLow": 6.97, "fiftyTwoWeekHigh": 30.45, "fiftyDayAverage": 23.210001, "twoHundredDayAverage": 17.431534, "currency": "INR", "fromCurrency": null, "toCurrency": null, "lastMarket": null, "algorithm": null, "tradeable": false}, "sectorTrend": {"maxAge": 1, "symbol": null, "estimates": []}, "incomeStatementHistoryQuarterly": {"incomeStatementHistory": [{"maxAge": 1, "endDate": "2020-06-30", "totalRevenue": 299799000, "costOfRevenue": 243645000, "grossProfit": 56154000, "researchDevelopment": {}, "sellingGeneralAdministrative": 21276000, "nonRecurring": {}, "otherOperatingExpenses": 22042000, "totalOperatingExpenses": 308342000, "operatingIncome": -8543000, "totalOtherIncomeExpenseNet": -16175000, "ebit": -8543000, "interestExpense": -16175000, "incomeBeforeTax": -24718000, "incomeTaxExpense": 0, "minorityInterest": {}, "netIncomeFromContinuingOps": -24718000, "discontinuedOperations": {}, "extraordinaryItems": {}, "effectOfAccountingCharges": {}, "otherItems": {}, "netIncome": -24718000, "netIncomeApplicableToCommonShares": -24718000}, {"maxAge": 1, "endDate": "2020-03-31", "totalRevenue": 447324000, "costOfRevenue": 375527000, "grossProfit": 71797000, "researchDevelopment": {}, "sellingGeneralAdministrative": 27080000, "nonRecurring": {}, "otherOperatingExpenses": 21586000, "totalOperatingExpenses": 440404000, "operatingIncome": 6920000, "totalOtherIncomeExpenseNet": -12669000, "ebit": 6920000, "interestExpense": -13737000, "incomeBeforeTax": -5749000, "incomeTaxExpense": -24178000, "minorityInterest": {}, "netIncomeFromContinuingOps": 18429000, "discontinuedOperations": {}, "extraordinaryItems": {}, "effectOfAccountingCharges": {}, "otherItems": {}, "netIncome": 18429000, "netIncomeApplicableToCommonShares": 18429000}, {"maxAge": 1, "endDate": "2019-12-31", "totalRevenue": 244219000, "costOfRevenue": 195860000, "grossProfit": 48359000, "researchDevelopment": {}, "sellingGeneralAdministrative": 25222000, "nonRecurring": {}, "otherOperatingExpenses": 32256000, "totalOperatingExpenses": 276123000, "operatingIncome": -31904000, "totalOtherIncomeExpenseNet": -15813000, "ebit": -31904000, "interestExpense": -15813000, "incomeBeforeTax": -47717000, "incomeTaxExpense": 0, "minorityInterest": {}, "netIncomeFromContinuingOps": -47717000, "discontinuedOperations": {}, "extraordinaryItems": {}, "effectOfAccountingCharges": {}, "otherItems": {}, "netIncome": -47717000, "netIncomeApplicableToCommonShares": -47717000}, {"maxAge": 1, "endDate": "2019-09-30", "totalRevenue": 152860000, "costOfRevenue": 114502000, "grossProfit": 38358000, "researchDevelopment": {}, "sellingGeneralAdministrative": 20072000, "nonRecurring": {}, "otherOperatingExpenses": 12375000, "totalOperatingExpenses": 169866000, "operatingIncome": -17006000, "totalOtherIncomeExpenseNet": -12424000, "ebit": -17006000, "interestExpense": -12424000, "incomeBeforeTax": -29430000, "incomeTaxExpense": 0, "minorityInterest": {}, "netIncomeFromContinuingOps": -29430000, "discontinuedOperations": {}, "extraordinaryItems": {}, "effectOfAccountingCharges": {}, "otherItems": {}, "netIncome": -29430000, "netIncomeApplicableToCommonShares": -29430000}], "maxAge": 86400}, "cashflowStatementHistoryQuarterly": {"cashflowStatements": [{"maxAge": 1, "endDate": "2020-06-30", "netIncome": -24718000, "changeToLiabilities": 0}, {"maxAge": 1, "endDate": "2020-03-31", "netIncome": 18429000, "changeToLiabilities": 0}, {"maxAge": 1, "endDate": "2019-12-31", "netIncome": -47717000, "changeToLiabilities": 0}, {"maxAge": 1, "endDate": "2019-09-30", "netIncome": -29430000, "changeToLiabilities": 0}], "maxAge": 86400}, "insiderHolders": {"holders": [{"maxAge": 1, "name": "Gupta (Ajay)", "relation": "Wholetime Director", "url": "", "transactionDescription": "Sale", "latestTransDate": "2013-06-14", "positionDirect": 0, "positionDirectDate": "2013-06-14"}, {"maxAge": 1, "name": "Gupta (Kailash Chand)", "relation": "Executive Chairman", "url": "", "transactionDescription": "Acquisition", "latestTransDate": "2015-06-27", "positionDirect": 23609495, "positionDirectDate": "2015-06-27"}, {"maxAge": 1, "name": "Jashn Beneficiary Trust", "relation": "Promoter", "url": "", "transactionDescription": "Acquisition", "latestTransDate": "2011-12-30", "positionDirect": 3213443, "positionDirectDate": "2011-12-30"}, {"maxAge": 1, "name": "New York Life Investment Management India Fund (FVCI) II LLC", "relation": "Institution- Corporation", "url": "", "transactionDescription": "Sale", "latestTransDate": "2012-06-11", "positionDirect": 0, "positionDirectDate": "2012-06-11"}], "maxAge": 1}, "earnings": {"maxAge": 86400, "earningsChart": {"quarterly": [], "earningsDate": ["2020-09-10 05:30:S"]}, "financialsChart": {"yearly": [{"date": 2017, "revenue": 1053370000, "earnings": -356028000}, {"date": 2018, "revenue": 971650000, "earnings": -369127000}, {"date": 2019, "revenue": 2157996000, "earnings": 886738000}, {"date": 2020, "revenue": 1257439000, "earnings": -1397000}], "quarterly": [{"date": "3Q2019", "revenue": 152860000, "earnings": -29430000}, {"date": "4Q2019", "revenue": 244219000, "earnings": -47717000}, {"date": "1Q2020", "revenue": 447324000, "earnings": 18429000}, {"date": "2Q2020", "revenue": 299799000, "earnings": -24718000}]}, "financialCurrency": "INR"}, "calendarEvents": {"maxAge": 1, "earnings": {"earningsDate": ["2020-09-10 05:30:S"]}}, "price": {"maxAge": 1, "regularMarketChangePercent": -0.0059880465, "regularMarketChange": -0.10000038, "regularMarketTime": "2021-04-30 15:13:04", "priceHint": 2, "regularMarketPrice": 16.6, "regularMarketDayHigh": 16.95, "regularMarketDayLow": 16.15, "regularMarketVolume": 8504, "averageDailyVolume10Day": 16072, "averageDailyVolume3Month": 23289, "regularMarketPreviousClose": 16.7, "regularMarketSource": "FREE_REALTIME", "regularMarketOpen": 16.45, "exchange": "BSE", "exchangeName": "BSE", "exchangeDataDelayedBy": 0, "marketState": "CLOSED", "quoteType": "EQUITY", "symbol": "CEBBCO.BO", "underlyingSymbol": null, "shortName": "COMMERCIAL ENGINEERS & BODY BU", "longName": "Commercial Engineers & Body Builders Co Limited", "currency": "INR", "quoteSourceName": "Delayed Quote", "currencySymbol": "\u20b9", "fromCurrency": null, "toCurrency": null, "lastMarket": null, "marketCap": 1485412864}, "balanceSheetHistory": {"balanceSheetStatements": [{"maxAge": 1, "endDate": "2020-03-31", "cash": 28205000, "netReceivables": 179839000, "inventory": 475701000, "otherCurrentAssets": 118761000, "totalCurrentAssets": 804392000, "propertyPlantEquipment": 1162498000, "intangibleAssets": 5504000, "otherAssets": 26522000, "totalAssets": 1998916000, "accountsPayable": 344072000, "shortLongTermDebt": 20204000, "otherCurrentLiab": 166519000, "longTermDebt": 269001000, "otherLiab": 13008000, "totalCurrentLiabilities": 758209000, "totalLiab": 1044496000, "commonStock": 894827000, "retainedEarnings": -1713304000, "treasuryStock": 489117000, "capitalSurplus": 1283780000, "otherStockholderEquity": 489117000, "totalStockholderEquity": 954420000, "netTangibleAssets": 948916000}, {"maxAge": 1, "endDate": "2019-03-31", "cash": 230267000, "shortTermInvestments": 18746000, "netReceivables": 260895000, "inventory": 144443000, "otherCurrentAssets": 32643000, "totalCurrentAssets": 669546000, "longTermInvestments": 10000, "propertyPlantEquipment": 1128143000, "intangibleAssets": 2886000, "otherAssets": 285206000, "totalAssets": 2085791000, "accountsPayable": 253041000, "shortLongTermDebt": 28524000, "otherCurrentLiab": 114270000, "longTermDebt": 340327000, "otherLiab": 288541000, "totalCurrentLiabilities": 498369000, "totalLiab": 1127237000, "commonStock": 894827000, "retainedEarnings": -1709170000, "treasuryStock": 399183000, "capitalSurplus": 1283780000, "otherStockholderEquity": 399183000, "totalStockholderEquity": 868620000, "netTangibleAssets": 865734000}, {"maxAge": 1, "endDate": "2018-03-31", "cash": 33384000, "netReceivables": 160011000, "inventory": 92651000, "otherCurrentAssets": 151043000, "totalCurrentAssets": 438060000, "longTermInvestments": 10000, "propertyPlantEquipment": 1365155000, "otherAssets": 282047000, "totalAssets": 2085272000, "accountsPayable": 255926000, "shortLongTermDebt": 1212651000, "otherCurrentLiab": 78750000, "longTermDebt": 57084000, "otherLiab": 342727000, "totalCurrentLiabilities": 2357233000, "totalLiab": 2757044000, "commonStock": 549430000, "retainedEarnings": -2595788000, "treasuryStock": 872000, "capitalSurplus": 1283780000, "otherStockholderEquity": 872000, "totalStockholderEquity": -761706000, "netTangibleAssets": -761706000}, {"maxAge": 1, "endDate": "2017-03-31", "cash": 4277000, "netReceivables": 233710000, "inventory": 69726000, "otherCurrentAssets": 193728000, "totalCurrentAssets": 502453000, "longTermInvestments": 10000, "propertyPlantEquipment": 1466713000, "otherAssets": 282126000, "totalAssets": 2251302000, "accountsPayable": 354955000, "shortLongTermDebt": 796469000, "otherCurrentLiab": 56468000, "longTermDebt": 433397000, "otherLiab": 332851000, "totalCurrentLiabilities": 1788231000, "totalLiab": 2554479000, "commonStock": 549430000, "retainedEarnings": -2227193000, "treasuryStock": 872000, "capitalSurplus": 1283780000, "otherStockholderEquity": 872000, "totalStockholderEquity": -393111000, "netTangibleAssets": -393111000}], "maxAge": 86400}, "earningsTrend": {"trend": [{"maxAge": 1, "period": "0q", "endDate": null, "growth": {}, "earningsEstimate": {"avg": 0.0, "low": 0.0, "high": 0.0, "yearAgoEps": {}, "numberOfAnalysts": 0, "growth": {}}, "revenueEstimate": {"avg": 0, "low": 0, "high": 0, "numberOfAnalysts": 0, "yearAgoRevenue": {}, "growth": {}}, "epsTrend": {"current": 0.0, "7daysAgo": 0.0, "30daysAgo": 0.0, "60daysAgo": 0.0, "90daysAgo": 0.0}, "epsRevisions": {"upLast7days": 0, "upLast30days": 0, "downLast30days": 0, "downLast90days": {}}}, {"maxAge": 1, "period": "+1q", "endDate": null, "growth": {}, "earningsEstimate": {"avg": 0.0, "low": 0.0, "high": 0.0, "yearAgoEps": {}, "numberOfAnalysts": 0, "growth": {}}, "revenueEstimate": {"avg": 0, "low": 0, "high": 0, "numberOfAnalysts": 0, "yearAgoRevenue": {}, "growth": {}}, "epsTrend": {"current": 0.0, "7daysAgo": 0.0, "30daysAgo": 0.0, "60daysAgo": 0.0, "90daysAgo": 0.0}, "epsRevisions": {"upLast7days": 0, "upLast30days": 0, "downLast30days": 0, "downLast90days": {}}}, {"maxAge": 1, "period": "0y", "endDate": null, "growth": {}, "earningsEstimate": {"avg": 0.0, "low": 0.0, "high": 0.0, "yearAgoEps": {}, "numberOfAnalysts": 0, "growth": {}}, "revenueEstimate": {"avg": 0, "low": 0, "high": 0, "numberOfAnalysts": 0, "yearAgoRevenue": {}, "growth": {}}, "epsTrend": {"current": 0.0, "7daysAgo": 0.0, "30daysAgo": 0.0, "60daysAgo": 0.0, "90daysAgo": 0.0}, "epsRevisions": {"upLast7days": 0, "upLast30days": 0, "downLast30days": 0, "downLast90days": {}}}, {"maxAge": 1, "period": "+1y", "endDate": null, "growth": {}, "earningsEstimate": {"avg": 0.0, "low": 0.0, "high": 0.0, "yearAgoEps": {}, "numberOfAnalysts": 0, "growth": {}}, "revenueEstimate": {"avg": 0, "low": 0, "high": 0, "numberOfAnalysts": 0, "yearAgoRevenue": {}, "growth": {}}, "epsTrend": {"current": 0.0, "7daysAgo": 0.0, "30daysAgo": 0.0, "60daysAgo": 0.0, "90daysAgo": 0.0}, "epsRevisions": {"upLast7days": 0, "upLast30days": 0, "downLast30days": 0, "downLast90days": {}}}, {"maxAge": 1, "period": "+5y", "endDate": null, "growth": {}, "earningsEstimate": {"avg": {}, "low": {}, "high": {}, "yearAgoEps": {}, "numberOfAnalysts": {}, "growth": {}}, "revenueEstimate": {"avg": {}, "low": {}, "high": {}, "numberOfAnalysts": {}, "yearAgoRevenue": {}, "growth": {}}, "epsTrend": {"current": {}, "7daysAgo": {}, "30daysAgo": {}, "60daysAgo": {}, "90daysAgo": {}}, "epsRevisions": {"upLast7days": {}, "upLast30days": {}, "downLast30days": {}, "downLast90days": {}}}, {"maxAge": 1, "period": "-5y", "endDate": null, "growth": {}, "earningsEstimate": {"avg": {}, "low": {}, "high": {}, "yearAgoEps": {}, "numberOfAnalysts": {}, "growth": {}}, "revenueEstimate": {"avg": {}, "low": {}, "high": {}, "numberOfAnalysts": {}, "yearAgoRevenue": {}, "growth": {}}, "epsTrend": {"current": {}, "7daysAgo": {}, "30daysAgo": {}, "60daysAgo": {}, "90daysAgo": {}}, "epsRevisions": {"upLast7days": {}, "upLast30days": {}, "downLast30days": {}, "downLast90days": {}}}], "maxAge": 1}, "financialData": {"maxAge": 86400, "currentPrice": 16.6, "targetHighPrice": 128.0, "targetLowPrice": 128.0, "targetMeanPrice": 128.0, "targetMedianPrice": 128.0, "recommendationKey": "none", "numberOfAnalystOpinions": 1, "grossProfits": 241721000, "financialCurrency": "INR"}}}