{"CEEJAY.BO": {"recommendationTrend": {"trend": [{"period": "0m", "strongBuy": 0, "buy": 0, "hold": 0, "sell": 0, "strongSell": 0}, {"period": "-1m", "strongBuy": 0, "buy": 0, "hold": 0, "sell": 0, "strongSell": 0}, {"period": "-2m", "strongBuy": 0, "buy": 0, "hold": 0, "sell": 0, "strongSell": 0}, {"period": "-3m", "strongBuy": 0, "buy": 0, "hold": 0, "sell": 0, "strongSell": 0}], "maxAge": 86400}, "cashflowStatementHistory": {"cashflowStatements": [{"maxAge": 1, "endDate": "2020-03-31", "netIncome": 48203000, "depreciation": 1240000, "changeToNetincome": 21525000, "changeToLiabilities": 3660000, "changeToOperatingActivities": -82655000, "totalCashFromOperatingActivities": -7906000, "capitalExpenditures": -2318000, "investments": 1207000, "otherCashflowsFromInvestingActivities": 279000, "totalCashflowsFromInvestingActivities": -832000, "dividendsPaid": -5167000, "netBorrowings": 26956000, "otherCashflowsFromFinancingActivities": -25202000, "totalCashFromFinancingActivities": -3413000, "changeInCash": -12151000}, {"maxAge": 1, "endDate": "2019-03-31", "netIncome": 48249000, "depreciation": 1197000, "changeToNetincome": 21870000, "changeToLiabilities": -2539000, "changeToOperatingActivities": -27366000, "totalCashFromOperatingActivities": 41662000, "capitalExpenditures": -4568000, "investments": 1207000, "otherCashflowsFromInvestingActivities": 103000, "totalCashflowsFromInvestingActivities": -4294000, "dividendsPaid": -10172000, "netBorrowings": -15056000, "otherCashflowsFromFinancingActivities": -23090000, "totalCashFromFinancingActivities": -48318000, "changeInCash": -10950000}, {"maxAge": 1, "endDate": "2018-03-31", "netIncome": 55609000, "depreciation": 1226000, "changeToNetincome": 4614000, "changeToAccountReceivables": -50206000, "changeToLiabilities": 5731000, "changeToOperatingActivities": -2061000, "totalCashFromOperatingActivities": 15129000, "capitalExpenditures": -300000, "investments": 1207000, "otherCashflowsFromInvestingActivities": 38000, "totalCashflowsFromInvestingActivities": -369000, "dividendsPaid": -6035000, "netBorrowings": 18176000, "otherCashflowsFromFinancingActivities": -23090000, "totalCashFromFinancingActivities": 12141000, "changeInCash": 26901000}, {"maxAge": 1, "endDate": "2017-03-31", "netIncome": 46747000, "depreciation": 1381000, "changeToNetincome": 6185000, "changeToAccountReceivables": -130674000, "changeToLiabilities": -2914000, "changeToOperatingActivities": -213000, "totalCashFromOperatingActivities": -79281000, "capitalExpenditures": -1910000, "investments": 227000, "otherCashflowsFromInvestingActivities": 306000, "totalCashflowsFromInvestingActivities": -1915000, "dividendsPaid": -6071000, "netBorrowings": 88590000, "otherCashflowsFromFinancingActivities": -23090000, "totalCashFromFinancingActivities": 82519000, "changeInCash": 1323000}], "maxAge": 86400}, "institutionOwnership": {"maxAge": 1, "ownershipList": []}, "balanceSheetHistoryQuarterly": {"balanceSheetStatements": [{"maxAge": 1, "endDate": "2020-06-30", "totalStockholderEquity": 478396000, "netTangibleAssets": 478097000}, {"maxAge": 1, "endDate": "2020-03-31", "cash": 12163000, "shortTermInvestments": 426000, "netReceivables": 743872000, "otherCurrentAssets": 5750000, "totalCurrentAssets": 766086000, "longTermInvestments": 1699000, "propertyPlantEquipment": 11847000, "intangibleAssets": 299000, "otherAssets": 14584000, "deferredLongTermAssetCharges": 7170000, "totalAssets": 794515000, "accountsPayable": 11200000, "otherCurrentLiab": 2329000, "otherLiab": 1858000, "totalCurrentLiabilities": 314261000, "totalLiab": 316119000, "commonStock": 34500000, "retainedEarnings": 443896000, "totalStockholderEquity": 478396000, "netTangibleAssets": 478097000}, {"maxAge": 1, "endDate": "2019-12-31", "totalStockholderEquity": 466023000, "netTangibleAssets": 465658000}, {"maxAge": 1, "endDate": "2019-09-30", "cash": 23300000, "shortTermInvestments": 22965000, "netReceivables": 664394000, "totalCurrentAssets": 710659000, "longTermInvestments": 2115000, "propertyPlantEquipment": 10610000, "intangibleAssets": 365000, "otherAssets": 790000, "deferredLongTermAssetCharges": 790000, "totalAssets": 724539000, "accountsPayable": 9043000, "otherCurrentLiab": 695000, "longTermDebt": 238629000, "otherLiab": 10149000, "totalCurrentLiabilities": 9738000, "totalLiab": 258516000, "commonStock": 34500000, "treasuryStock": 431523000, "otherStockholderEquity": 431523000, "totalStockholderEquity": 466023000, "netTangibleAssets": 465658000}], "maxAge": 86400}, "earningsHistory": {"history": [{"maxAge": 1, "epsActual": 4.67, "epsEstimate": 4.12, "epsDifference": 0.55, "surprisePercent": 0.133, "quarter": "2017-09-30", "period": "-4q"}, {"maxAge": 1, "epsActual": 4.15, "epsEstimate": 4.35, "epsDifference": -0.2, "surprisePercent": -0.046, "quarter": "2017-12-31", "period": "-3q"}, {"maxAge": 1, "epsActual": 3.5, "epsEstimate": 4.43, "epsDifference": -0.93, "surprisePercent": -0.21, "quarter": "2018-03-31", "period": "-2q"}, {"maxAge": 1, "epsActual": 4.22, "epsEstimate": 3.72, "epsDifference": 0.5, "surprisePercent": 0.134, "quarter": "2018-06-30", "period": "-1q"}], "maxAge": 86400}, "indexTrend": {"maxAge": 1, "symbol": "SP5", "peRatio": 19.7411, "pegRatio": 1.34172, "estimates": [{"period": "0q", "growth": 0.549}, {"period": "+1q", "growth": 0.431}, {"period": "0y", "growth": 0.305}, {"period": "+1y", "growth": 0.109}, {"period": "+5y", "growth": 0.120859005}, {"period": "-5y"}]}, "industryTrend": {"maxAge": 1, "symbol": null, "estimates": []}, "insiderTransactions": {"transactions": [{"maxAge": 1, "shares": 148665, "filerUrl": "", "transactionText": "", "filerName": "Dalal (Ushaben Harshadkumar)", "filerRelation": "Promoter", "moneyText": "", "startDate": "2019-12-30", "ownership": "D"}, {"maxAge": 1, "shares": 54199, "filerUrl": "", "transactionText": "", "filerName": "Dalal (Ushaben Harshadkumar)", "filerRelation": "Promoter", "moneyText": "", "startDate": "2019-12-30", "ownership": "D"}, {"maxAge": 1, "shares": 81230, "filerUrl": "", "transactionText": "", "filerName": "Parikh (Ranu Nimish)", "filerRelation": "Promoter", "moneyText": "", "startDate": "2019-12-30", "ownership": "D"}], "maxAge": 1}, "quoteType": {"exchange": "BSE", "quoteType": "EQUITY", "symbol": "CEEJAY.BO", "underlyingSymbol": "CEEJAY.BO", "shortName": "CEEJAY FINANCE LTD.", "longName": "Ceejay Finance Limited", "firstTradeDateEpochUtc": "2003-12-12 09:15:00", "timeZoneFullName": "Asia/Kolkata", "timeZoneShortName": "IST", "uuid": "6e893821-0544-3f06-bbe2-a4b00ebe511d", "messageBoardId": null, "gmtOffSetMilliseconds": 19800000, "maxAge": 1}, "incomeStatementHistory": {"incomeStatementHistory": [{"maxAge": 1, "endDate": "2020-03-31", "totalRevenue": 173498000, "costOfRevenue": 4657000, "grossProfit": 168841000, "researchDevelopment": {}, "sellingGeneralAdministrative": 29829000, "nonRecurring": {}, "otherOperatingExpenses": 40096000, "totalOperatingExpenses": 75943000, "operatingIncome": 97555000, "totalOtherIncomeExpenseNet": -33793000, "ebit": 97555000, "interestExpense": -21903000, "incomeBeforeTax": 63762000, "incomeTaxExpense": 15559000, "minorityInterest": {}, "netIncomeFromContinuingOps": 48203000, "discontinuedOperations": {}, "extraordinaryItems": {}, "effectOfAccountingCharges": {}, "otherItems": {}, "netIncome": 48203000, "netIncomeApplicableToCommonShares": 48203000}, {"maxAge": 1, "endDate": "2019-03-31", "totalRevenue": 148136000, "costOfRevenue": 2420000, "grossProfit": 145716000, "researchDevelopment": {}, "sellingGeneralAdministrative": 20140000, "nonRecurring": {}, "otherOperatingExpenses": 29951000, "totalOperatingExpenses": 53959000, "operatingIncome": 94177000, "totalOtherIncomeExpenseNet": -27546000, "ebit": 94177000, "interestExpense": -20494000, "incomeBeforeTax": 66631000, "incomeTaxExpense": 18382000, "minorityInterest": {}, "netIncomeFromContinuingOps": 48249000, "discontinuedOperations": {}, "extraordinaryItems": {}, "effectOfAccountingCharges": {}, "otherItems": {}, "netIncome": 48249000, "netIncomeApplicableToCommonShares": 48249000}, {"maxAge": 1, "endDate": "2018-03-31", "totalRevenue": 163955000, "costOfRevenue": 406000, "grossProfit": 163549000, "researchDevelopment": {}, "sellingGeneralAdministrative": 19047000, "nonRecurring": {}, "otherOperatingExpenses": 36190000, "totalOperatingExpenses": 57085000, "operatingIncome": 106870000, "totalOtherIncomeExpenseNet": -29102000, "ebit": 106870000, "interestExpense": -27114000, "incomeBeforeTax": 77768000, "incomeTaxExpense": 22159000, "minorityInterest": {}, "netIncomeFromContinuingOps": 55609000, "discontinuedOperations": {}, "extraordinaryItems": {}, "effectOfAccountingCharges": {}, "otherItems": {}, "netIncome": 55609000, "netIncomeApplicableToCommonShares": 55609000}, {"maxAge": 1, "endDate": "2017-03-31", "totalRevenue": 142753000, "costOfRevenue": 455000, "grossProfit": 142298000, "researchDevelopment": {}, "sellingGeneralAdministrative": 16245000, "nonRecurring": {}, "otherOperatingExpenses": 30425000, "totalOperatingExpenses": 48713000, "operatingIncome": 94040000, "totalOtherIncomeExpenseNet": -24147000, "ebit": 94040000, "interestExpense": -21581000, "incomeBeforeTax": 69893000, "incomeTaxExpense": 23146000, "minorityInterest": {}, "netIncomeFromContinuingOps": 46747000, "discontinuedOperations": {}, "extraordinaryItems": {}, "effectOfAccountingCharges": {}, "otherItems": {}, "netIncome": 46747000, "netIncomeApplicableToCommonShares": 46747000}], "maxAge": 86400}, "fundOwnership": {"maxAge": 1, "ownershipList": []}, "summaryDetail": {"maxAge": 1, "priceHint": 2, "previousClose": 78.1, "open": 79.0, "dayLow": 77.5, "dayHigh": 85.0, "regularMarketPreviousClose": 78.1, "regularMarketOpen": 79.0, "regularMarketDayLow": 77.5, "regularMarketDayHigh": 85.0, "trailingPE": 6.060141, "forwardPE": 3.4847817, "volume": 314, "regularMarketVolume": 314, "averageVolume": 1591, "averageVolume10days": 1069, "averageDailyVolume10Day": 1069, "bid": 77.9, "ask": 78.95, "bidSize": 0, "askSize": 0, "marketCap": 272550016, "fiftyTwoWeekLow": 49.0, "fiftyTwoWeekHigh": 185.0, "fiftyDayAverage": 95.57429, "twoHundredDayAverage": 116.30985, "trailingAnnualDividendRate": 1.0, "trailingAnnualDividendYield": 0.0128040975, "currency": "INR", "fromCurrency": null, "toCurrency": null, "lastMarket": null, "algorithm": null, "tradeable": false}, "sectorTrend": {"maxAge": 1, "symbol": null, "estimates": []}, "incomeStatementHistoryQuarterly": {"incomeStatementHistory": [{"maxAge": 1, "endDate": "2020-06-30", "totalRevenue": 38382000, "costOfRevenue": 0, "grossProfit": 38382000, "researchDevelopment": {}, "sellingGeneralAdministrative": 7466000, "nonRecurring": {}, "otherOperatingExpenses": 3908000, "totalOperatingExpenses": 11757000, "operatingIncome": 26625000, "totalOtherIncomeExpenseNet": -10393000, "ebit": 26625000, "interestExpense": -6406000, "incomeBeforeTax": 16232000, "incomeTaxExpense": 3932000, "minorityInterest": {}, "netIncomeFromContinuingOps": 12300000, "discontinuedOperations": {}, "extraordinaryItems": {}, "effectOfAccountingCharges": {}, "otherItems": {}, "netIncome": 12300000, "netIncomeApplicableToCommonShares": 12300000}, {"maxAge": 1, "endDate": "2020-03-31", "totalRevenue": 37180000, "costOfRevenue": 4657000, "grossProfit": 32523000, "researchDevelopment": {}, "sellingGeneralAdministrative": 7321000, "nonRecurring": {}, "otherOperatingExpenses": 9966000, "totalOperatingExpenses": 22318000, "operatingIncome": 14862000, "totalOtherIncomeExpenseNet": -7910000, "ebit": 14862000, "interestExpense": -3007000, "incomeBeforeTax": 6952000, "incomeTaxExpense": 2659000, "minorityInterest": {}, "netIncomeFromContinuingOps": 4293000, "discontinuedOperations": {}, "extraordinaryItems": {}, "effectOfAccountingCharges": {}, "otherItems": {}, "netIncome": 4293000, "netIncomeApplicableToCommonShares": 4293000}, {"maxAge": 1, "endDate": "2019-12-31", "totalRevenue": 47833000, "costOfRevenue": 0, "grossProfit": 47833000, "researchDevelopment": {}, "sellingGeneralAdministrative": 8550000, "nonRecurring": {}, "otherOperatingExpenses": 13386000, "totalOperatingExpenses": 22288000, "operatingIncome": 25545000, "totalOtherIncomeExpenseNet": -7351000, "ebit": 25545000, "interestExpense": -6452000, "incomeBeforeTax": 18194000, "incomeTaxExpense": 3525000, "minorityInterest": {}, "netIncomeFromContinuingOps": 14669000, "discontinuedOperations": {}, "extraordinaryItems": {}, "effectOfAccountingCharges": {}, "otherItems": {}, "netIncome": 14669000, "netIncomeApplicableToCommonShares": 14669000}, {"maxAge": 1, "endDate": "2019-09-30", "totalRevenue": 46612000, "costOfRevenue": 0, "grossProfit": 46612000, "researchDevelopment": {}, "sellingGeneralAdministrative": 7501000, "nonRecurring": {}, "otherOperatingExpenses": 9898000, "totalOperatingExpenses": 17713000, "operatingIncome": 28899000, "totalOtherIncomeExpenseNet": -9652000, "ebit": 28899000, "interestExpense": -6130000, "incomeBeforeTax": 19247000, "incomeTaxExpense": 4170000, "minorityInterest": {}, "netIncomeFromContinuingOps": 15077000, "discontinuedOperations": {}, "extraordinaryItems": {}, "effectOfAccountingCharges": {}, "otherItems": {}, "netIncome": 15077000, "netIncomeApplicableToCommonShares": 15077000}], "maxAge": 86400}, "cashflowStatementHistoryQuarterly": {"cashflowStatements": [{"maxAge": 1, "endDate": "2020-06-30", "netIncome": 12300000, "changeToLiabilities": 0}, {"maxAge": 1, "endDate": "2020-03-31", "netIncome": 4293000, "changeToLiabilities": 0}, {"maxAge": 1, "endDate": "2019-12-31", "netIncome": 14669000, "changeToLiabilities": 0}, {"maxAge": 1, "endDate": "2019-09-30", "netIncome": 15077000, "changeToLiabilities": 0}], "maxAge": 86400}, "insiderHolders": {"holders": [{"maxAge": 1, "name": "Dalal (Ushaben Harshadkumar)", "relation": "Promoter", "url": "", "transactionDescription": "Other", "latestTransDate": "2019-12-30", "positionDirect": 0, "positionDirectDate": "2019-12-30"}, {"maxAge": 1, "name": "Parikh (Ranu Nimish)", "relation": "Promoter", "url": "", "transactionDescription": "Other", "latestTransDate": "2019-12-30", "positionDirect": 0, "positionDirectDate": "2019-12-30"}], "maxAge": 1}, "earnings": {"maxAge": 86400, "earningsChart": {"quarterly": [{"date": "3Q2017", "actual": 4.67, "estimate": 4.12}, {"date": "4Q2017", "actual": 4.15, "estimate": 4.35}, {"date": "1Q2018", "actual": 3.5, "estimate": 4.43}, {"date": "2Q2018", "actual": 4.22, "estimate": 3.72}], "currentQuarterEstimateDate": "3Q", "currentQuarterEstimateYear": 2018, "earningsDate": ["2020-08-14 05:30:S"]}, "financialsChart": {"yearly": [{"date": 2017, "revenue": 142753000, "earnings": 46747000}, {"date": 2018, "revenue": 163955000, "earnings": 55609000}, {"date": 2019, "revenue": 148136000, "earnings": 48249000}, {"date": 2020, "revenue": 173498000, "earnings": 48203000}], "quarterly": [{"date": "3Q2019", "revenue": 46612000, "earnings": 15077000}, {"date": "4Q2019", "revenue": 47833000, "earnings": 14669000}, {"date": "1Q2020", "revenue": 37180000, "earnings": 4293000}, {"date": "2Q2020", "revenue": 38382000, "earnings": 12300000}]}, "financialCurrency": "INR"}, "calendarEvents": {"maxAge": 1, "earnings": {"earningsDate": ["2020-08-14 05:30:S"]}}, "price": {"maxAge": 1, "regularMarketChangePercent": 0.011523708, "regularMarketChange": 0.9000015, "regularMarketTime": "2021-04-30 13:20:12", "priceHint": 2, "regularMarketPrice": 79.0, "regularMarketDayHigh": 85.0, "regularMarketDayLow": 77.5, "regularMarketVolume": 314, "averageDailyVolume10Day": 1069, "averageDailyVolume3Month": 1591, "regularMarketPreviousClose": 78.1, "regularMarketSource": "FREE_REALTIME", "regularMarketOpen": 79.0, "exchange": "BSE", "exchangeName": "BSE", "exchangeDataDelayedBy": 0, "marketState": "CLOSED", "quoteType": "EQUITY", "symbol": "CEEJAY.BO", "underlyingSymbol": null, "shortName": "CEEJAY FINANCE LTD.", "longName": "Ceejay Finance Limited", "currency": "INR", "quoteSourceName": "Delayed Quote", "currencySymbol": "\u20b9", "fromCurrency": null, "toCurrency": null, "lastMarket": null, "marketCap": 272550016}, "balanceSheetHistory": {"balanceSheetStatements": [{"maxAge": 1, "endDate": "2020-03-31", "cash": 12163000, "shortTermInvestments": 426000, "netReceivables": 743872000, "otherCurrentAssets": 5750000, "totalCurrentAssets": 766086000, "longTermInvestments": 1699000, "propertyPlantEquipment": 11847000, "intangibleAssets": 299000, "otherAssets": 14584000, "deferredLongTermAssetCharges": 7170000, "totalAssets": 794515000, "accountsPayable": 11200000, "otherCurrentLiab": 2329000, "otherLiab": 1858000, "totalCurrentLiabilities": 314261000, "totalLiab": 316119000, "commonStock": 34500000, "retainedEarnings": 443896000, "totalStockholderEquity": 478396000, "netTangibleAssets": 478097000}, {"maxAge": 1, "endDate": "2019-03-31", "cash": 24314000, "shortTermInvestments": 426000, "netReceivables": 663858000, "otherCurrentAssets": 4969000, "totalCurrentAssets": 699174000, "longTermInvestments": 1999000, "propertyPlantEquipment": 10769000, "intangibleAssets": 420000, "otherAssets": 12971000, "deferredLongTermAssetCharges": 5505000, "totalAssets": 725333000, "accountsPayable": 7540000, "otherCurrentLiab": 2781000, "otherLiab": 5838000, "totalCurrentLiabilities": 283608000, "totalLiab": 289446000, "commonStock": 34500000, "retainedEarnings": 401387000, "treasuryStock": 399931000, "otherStockholderEquity": 399931000, "totalStockholderEquity": 435887000, "netTangibleAssets": 435467000}, {"maxAge": 1, "endDate": "2018-03-31", "cash": 39961000, "shortTermInvestments": 1957000, "netReceivables": 442429000, "otherCurrentAssets": 6744000, "totalCurrentAssets": 492501000, "longTermInvestments": 1999000, "propertyPlantEquipment": 7583000, "intangibleAssets": 641000, "otherAssets": 201321000, "deferredLongTermAssetCharges": 894000, "totalAssets": 704045000, "accountsPayable": 10079000, "otherCurrentLiab": 11688000, "otherLiab": 1628000, "totalCurrentLiabilities": 308440000, "totalLiab": 310068000, "commonStock": 34500000, "retainedEarnings": 359477000, "totalStockholderEquity": 393977000, "netTangibleAssets": 393336000}, {"maxAge": 1, "endDate": "2017-03-31", "cash": 13013000, "shortTermInvestments": 1909000, "netReceivables": 398573000, "otherCurrentAssets": 4300000, "totalCurrentAssets": 418327000, "longTermInvestments": 1999000, "propertyPlantEquipment": 8538000, "intangibleAssets": 593000, "otherAssets": 204010000, "deferredLongTermAssetCharges": 867000, "totalAssets": 633467000, "accountsPayable": 6050000, "otherCurrentLiab": 13897000, "otherLiab": 1506000, "totalCurrentLiabilities": 287365000, "totalLiab": 288871000, "commonStock": 34500000, "retainedEarnings": 310096000, "totalStockholderEquity": 344596000, "netTangibleAssets": 344003000}], "maxAge": 86400}, "earningsTrend": {"trend": [{"maxAge": 1, "period": "0q", "endDate": "2018-09-30", "growth": {}, "earningsEstimate": {"avg": 0.0, "low": 0.0, "high": 0.0, "yearAgoEps": 4.67, "numberOfAnalysts": 0, "growth": {}}, "revenueEstimate": {"avg": 0, "low": 0, "high": 0, "numberOfAnalysts": 0, "yearAgoRevenue": 43006000, "growth": {}}, "epsTrend": {"current": 0.0, "7daysAgo": 0.0, "30daysAgo": 0.0, "60daysAgo": 0.0, "90daysAgo": 0.0}, "epsRevisions": {"upLast7days": 0, "upLast30days": 0, "downLast30days": 0, "downLast90days": {}}}, {"maxAge": 1, "period": "+1q", "endDate": "2018-12-31", "growth": {}, "earningsEstimate": {"avg": 0.0, "low": 0.0, "high": 0.0, "yearAgoEps": 4.15, "numberOfAnalysts": 0, "growth": {}}, "revenueEstimate": {"avg": 0, "low": 0, "high": 0, "numberOfAnalysts": 0, "yearAgoRevenue": {}, "growth": {}}, "epsTrend": {"current": 0.0, "7daysAgo": 0.0, "30daysAgo": 0.0, "60daysAgo": 0.0, "90daysAgo": 0.0}, "epsRevisions": {"upLast7days": 0, "upLast30days": 0, "downLast30days": 0, "downLast90days": {}}}, {"maxAge": 1, "period": "0y", "endDate": "2019-03-31", "growth": {}, "earningsEstimate": {"avg": 0.0, "low": 0.0, "high": 0.0, "yearAgoEps": {}, "numberOfAnalysts": 0, "growth": {}}, "revenueEstimate": {"avg": 192380000, "low": 192380000, "high": 192380000, "numberOfAnalysts": 1, "yearAgoRevenue": 163870000, "growth": 0.174}, "epsTrend": {"current": 0.0, "7daysAgo": 19.24, "30daysAgo": 19.24, "60daysAgo": 19.24, "90daysAgo": 19.24}, "epsRevisions": {"upLast7days": 0, "upLast30days": 0, "downLast30days": 0, "downLast90days": {}}}, {"maxAge": 1, "period": "+1y", "endDate": "2020-03-31", "growth": {}, "earningsEstimate": {"avg": 0.0, "low": 0.0, "high": 0.0, "yearAgoEps": {}, "numberOfAnalysts": 0, "growth": {}}, "revenueEstimate": {"avg": 222200000, "low": 222200000, "high": 222200000, "numberOfAnalysts": 1, "yearAgoRevenue": 192380000, "growth": 0.155}, "epsTrend": {"current": 0.0, "7daysAgo": 22.67, "30daysAgo": 22.67, "60daysAgo": 22.67, "90daysAgo": 22.67}, "epsRevisions": {"upLast7days": 0, "upLast30days": 0, "downLast30days": 0, "downLast90days": {}}}, {"maxAge": 1, "period": "+5y", "endDate": null, "growth": {}, "earningsEstimate": {"avg": {}, "low": {}, "high": {}, "yearAgoEps": {}, "numberOfAnalysts": {}, "growth": {}}, "revenueEstimate": {"avg": {}, "low": {}, "high": {}, "numberOfAnalysts": {}, "yearAgoRevenue": {}, "growth": {}}, "epsTrend": {"current": {}, "7daysAgo": {}, "30daysAgo": {}, "60daysAgo": {}, "90daysAgo": {}}, "epsRevisions": {"upLast7days": {}, "upLast30days": {}, "downLast30days": {}, "downLast90days": {}}}, {"maxAge": 1, "period": "-5y", "endDate": null, "growth": {}, "earningsEstimate": {"avg": {}, "low": {}, "high": {}, "yearAgoEps": {}, "numberOfAnalysts": {}, "growth": {}}, "revenueEstimate": {"avg": {}, "low": {}, "high": {}, "numberOfAnalysts": {}, "yearAgoRevenue": {}, "growth": {}}, "epsTrend": {"current": {}, "7daysAgo": {}, "30daysAgo": {}, "60daysAgo": {}, "90daysAgo": {}}, "epsRevisions": {"upLast7days": {}, "upLast30days": {}, "downLast30days": {}, "downLast90days": {}}}], "maxAge": 1}, "financialData": {"maxAge": 86400, "currentPrice": 79.0, "recommendationKey": "none", "grossProfits": 168841000, "financialCurrency": "INR"}}}