{"CELEBRITY.BO": {"recommendationTrend": {"trend": [{"period": "0m", "strongBuy": 0, "buy": 0, "hold": 0, "sell": 0, "strongSell": 0}, {"period": "-1m", "strongBuy": 0, "buy": 0, "hold": 0, "sell": 0, "strongSell": 0}, {"period": "-2m", "strongBuy": 0, "buy": 0, "hold": 0, "sell": 0, "strongSell": 0}, {"period": "-3m", "strongBuy": 0, "buy": 0, "hold": 0, "sell": 0, "strongSell": 0}], "maxAge": 86400}, "cashflowStatementHistory": {"cashflowStatements": [{"maxAge": 1, "endDate": "2020-03-31", "netIncome": 168400000, "depreciation": 92700000, "changeToNetincome": -80300000, "changeToAccountReceivables": 52400000, "changeToLiabilities": 15700000, "changeToInventory": -74600000, "totalCashFromOperatingActivities": 174600000, "capitalExpenditures": -800000, "investments": -13600000, "otherCashflowsFromInvestingActivities": 1900000, "totalCashflowsFromInvestingActivities": 157800000, "netBorrowings": -272800000, "otherCashflowsFromFinancingActivities": -78100000, "totalCashFromFinancingActivities": -350900000, "changeInCash": -18500000}, {"maxAge": 1, "endDate": "2019-03-31", "netIncome": 32400000, "depreciation": 58500000, "changeToNetincome": 69300000, "changeToAccountReceivables": 5300000, "changeToLiabilities": 74400000, "changeToInventory": -93800000, "totalCashFromOperatingActivities": 146100000, "capitalExpenditures": -13500000, "investments": -14800000, "otherCashflowsFromInvestingActivities": 15200000, "totalCashflowsFromInvestingActivities": -13100000, "netBorrowings": -66800000, "otherCashflowsFromFinancingActivities": -76500000, "totalCashFromFinancingActivities": -118300000, "changeInCash": 14700000, "issuanceOfStock": 25000000}, {"maxAge": 1, "endDate": "2018-03-31", "netIncome": -8800000, "depreciation": 68900000, "changeToNetincome": 66900000, "changeToAccountReceivables": -128200000, "changeToLiabilities": 26100000, "changeToInventory": -20000000, "totalCashFromOperatingActivities": 4900000, "capitalExpenditures": -11300000, "investments": -300000, "otherCashflowsFromInvestingActivities": 300000, "totalCashflowsFromInvestingActivities": -11300000, "netBorrowings": 44400000, "otherCashflowsFromFinancingActivities": -75400000, "totalCashFromFinancingActivities": 9000000, "changeInCash": 2600000, "issuanceOfStock": 40000000}, {"maxAge": 1, "endDate": "2017-03-31", "netIncome": -128700000, "depreciation": 69900000, "changeToNetincome": 64000000, "changeToAccountReceivables": 36500000, "changeToLiabilities": -24700000, "changeToInventory": 29900000, "totalCashFromOperatingActivities": 47300000, "capitalExpenditures": -10100000, "investments": -100000, "otherCashflowsFromInvestingActivities": 200000, "totalCashflowsFromInvestingActivities": -10000000, "netBorrowings": -26300000, "otherCashflowsFromFinancingActivities": -47100000, "totalCashFromFinancingActivities": -38400000, "changeInCash": -1100000, "issuanceOfStock": 35000000}], "maxAge": 86400}, "institutionOwnership": {"maxAge": 1, "ownershipList": []}, "balanceSheetHistoryQuarterly": {"balanceSheetStatements": [{"maxAge": 1, "endDate": "2020-06-30", "totalStockholderEquity": 96700000, "netTangibleAssets": 96100000}, {"maxAge": 1, "endDate": "2020-03-31", "cash": 2400000, "shortTermInvestments": 10900000, "netReceivables": 330600000, "inventory": 615100000, "otherCurrentAssets": 30600000, "totalCurrentAssets": 993800000, "propertyPlantEquipment": 392400000, "intangibleAssets": 600000, "otherAssets": 64000000, "totalAssets": 1450800000, "accountsPayable": 218200000, "otherCurrentLiab": 96900000, "longTermDebt": 267400000, "otherLiab": 2000000, "totalCurrentLiabilities": 967800000, "totalLiab": 1354100000, "commonStock": 477700000, "retainedEarnings": -413800000, "capitalSurplus": 32800000, "totalStockholderEquity": 96700000, "netTangibleAssets": 96100000}, {"maxAge": 1, "endDate": "2019-12-31", "totalStockholderEquity": 93900000, "netTangibleAssets": 92900000}, {"maxAge": 1, "endDate": "2019-09-30", "cash": 27400000, "shortTermInvestments": 3200000, "netReceivables": 141100000, "inventory": 433400000, "otherCurrentAssets": 90100000, "totalCurrentAssets": 695200000, "propertyPlantEquipment": 441400000, "intangibleAssets": 1000000, "otherAssets": 64300000, "totalAssets": 1201900000, "accountsPayable": 183300000, "otherCurrentLiab": 277800000, "longTermDebt": 307600000, "otherLiab": 300000, "totalCurrentLiabilities": 800100000, "totalLiab": 1108000000, "commonStock": 477700000, "treasuryStock": -383800000, "otherStockholderEquity": -383800000, "totalStockholderEquity": 93900000, "netTangibleAssets": 92900000}], "maxAge": 86400}, "earningsHistory": {"history": [{"maxAge": 1, "epsActual": {}, "epsEstimate": {}, "epsDifference": {}, "surprisePercent": {}, "quarter": {}, "period": "-4q"}, {"maxAge": 1, "epsActual": {}, "epsEstimate": {}, "epsDifference": {}, "surprisePercent": {}, "quarter": {}, "period": "-3q"}, {"maxAge": 1, "epsActual": {}, "epsEstimate": {}, "epsDifference": {}, "surprisePercent": {}, "quarter": {}, "period": "-2q"}, {"maxAge": 1, "epsActual": {}, "epsEstimate": {}, "epsDifference": {}, "surprisePercent": {}, "quarter": {}, "period": "-1q"}], "maxAge": 86400}, "indexTrend": {"maxAge": 1, "symbol": "SP5", "peRatio": 19.7411, "pegRatio": 1.34172, "estimates": [{"period": "0q", "growth": 0.549}, {"period": "+1q", "growth": 0.431}, {"period": "0y", "growth": 0.305}, {"period": "+1y", "growth": 0.109}, {"period": "+5y", "growth": 0.120865}, {"period": "-5y"}]}, "industryTrend": {"maxAge": 1, "symbol": null, "estimates": []}, "insiderTransactions": {"transactions": [{"maxAge": 1, "shares": 25000, "filerUrl": "", "transactionText": "", "filerName": "Rajagopal (Vidyuth)", "filerRelation": "Joint Managing director", "moneyText": "", "startDate": "2018-05-08", "ownership": "D"}, {"maxAge": 1, "shares": 8328345, "filerUrl": "", "transactionText": "", "filerName": "Rajagopal (Venkatesh)", "filerRelation": "Executive Chairman", "moneyText": "", "startDate": "2017-03-04", "ownership": "D"}, {"maxAge": 1, "shares": 4603842, "filerUrl": "", "transactionText": "", "filerName": "Rajagopal (Rama)", "filerRelation": "Director (Executive)", "moneyText": "", "startDate": "2017-03-04", "ownership": "D"}, {"maxAge": 1, "shares": 1752848, "filerUrl": "", "transactionText": "", "filerName": "Rajagopal (Rama)", "filerRelation": "Director (Executive)", "moneyText": "", "startDate": "2017-03-04", "ownership": "D"}, {"maxAge": 1, "shares": 1314636, "filerUrl": "", "transactionText": "", "filerName": "Narsimhan (Charath Ram)", "filerRelation": "Managing Director", "moneyText": "", "startDate": "2017-03-04", "ownership": "D"}, {"maxAge": 1, "shares": 149195, "filerUrl": "", "transactionText": "", "filerName": "Narsimhan (Charath Ram)", "filerRelation": "Managing Director", "moneyText": "", "startDate": "2017-03-04", "ownership": "D"}, {"maxAge": 1, "shares": 2650000, "filerUrl": "", "transactionText": "", "filerName": "Rajagopal (Venkatesh)", "filerRelation": "Executive Chairman", "moneyText": "", "startDate": "2014-07-30", "ownership": "D"}, {"maxAge": 1, "shares": 1500000, "filerUrl": "", "transactionText": "", "filerName": "Rajagopal (Venkatesh)", "filerRelation": "Executive Chairman", "moneyText": "", "startDate": "2014-03-27", "ownership": "D"}, {"maxAge": 1, "shares": 1000000, "filerUrl": "", "transactionText": "", "filerName": "Narsimhan (Charath Ram)", "filerRelation": "Chief Executive Officer", "moneyText": "", "startDate": "2014-03-27", "ownership": "D"}, {"maxAge": 1, "shares": 2100000, "filerUrl": "", "transactionText": "", "filerName": "Davos International Fund", "filerRelation": "Institution- Corporation", "moneyText": "", "startDate": "2013-01-23", "ownership": "D"}, {"maxAge": 1, "shares": 700000, "filerUrl": "", "transactionText": "", "filerName": "Rajagopal (Venkatesh)", "filerRelation": "Executive Chairman", "moneyText": "", "startDate": "2013-01-23", "ownership": "D"}, {"maxAge": 1, "shares": 700000, "filerUrl": "", "transactionText": "", "filerName": "Rajagopal (Rama)", "filerRelation": "Director (Executive)", "moneyText": "", "startDate": "2013-01-23", "ownership": "D"}, {"maxAge": 1, "shares": 1000, "filerUrl": "", "transactionText": "", "filerName": "Naresh (V V)", "filerRelation": "UNREPORTED", "moneyText": "", "startDate": "2010-03-31", "ownership": "D"}, {"maxAge": 1, "shares": 581, "filerUrl": "", "transactionText": "", "filerName": "Naresh (V V)", "filerRelation": "UNREPORTED", "moneyText": "", "startDate": "2010-03-10", "ownership": "D"}], "maxAge": 1}, "quoteType": {"exchange": "BSE", "quoteType": "EQUITY", "symbol": "CELEBRITY.BO", "underlyingSymbol": "CELEBRITY.BO", "shortName": "CELEBRITY FASHIONS LTD.", "longName": "Celebrity Fashions Limited", "firstTradeDateEpochUtc": "2006-01-12 09:15:00", "timeZoneFullName": "Asia/Kolkata", "timeZoneShortName": "IST", "uuid": "2482d080-c15a-3599-87d0-0a3c4a963557", "messageBoardId": null, "gmtOffSetMilliseconds": 19800000, "maxAge": 1}, "incomeStatementHistory": {"incomeStatementHistory": [{"maxAge": 1, "endDate": "2020-03-31", "totalRevenue": 2325000000, "costOfRevenue": 1225600000, "grossProfit": 1099400000, "researchDevelopment": {}, "sellingGeneralAdministrative": 606200000, "nonRecurring": {}, "otherOperatingExpenses": 272200000, "totalOperatingExpenses": 2197000000, "operatingIncome": 128000000, "totalOtherIncomeExpenseNet": 40400000, "ebit": 128000000, "interestExpense": -70400000, "incomeBeforeTax": 168400000, "incomeTaxExpense": 0, "minorityInterest": {}, "netIncomeFromContinuingOps": 168400000, "discontinuedOperations": {}, "extraordinaryItems": {}, "effectOfAccountingCharges": {}, "otherItems": {}, "netIncome": 168400000, "netIncomeApplicableToCommonShares": 168400000}, {"maxAge": 1, "endDate": "2019-03-31", "totalRevenue": 2313900000, "costOfRevenue": 1255500000, "grossProfit": 1058400000, "researchDevelopment": {}, "sellingGeneralAdministrative": 615900000, "nonRecurring": {}, "otherOperatingExpenses": 265300000, "totalOperatingExpenses": 2195200000, "operatingIncome": 118700000, "totalOtherIncomeExpenseNet": -86300000, "ebit": 118700000, "interestExpense": -61200000, "incomeBeforeTax": 32400000, "incomeTaxExpense": 0, "minorityInterest": {}, "netIncomeFromContinuingOps": 32400000, "discontinuedOperations": {}, "extraordinaryItems": {}, "effectOfAccountingCharges": {}, "otherItems": {}, "netIncome": 32400000, "netIncomeApplicableToCommonShares": 32400000}, {"maxAge": 1, "endDate": "2018-03-31", "totalRevenue": 2035400000, "costOfRevenue": 1111300000, "grossProfit": 924100000, "researchDevelopment": {}, "sellingGeneralAdministrative": 602800000, "nonRecurring": {}, "otherOperatingExpenses": 208800000, "totalOperatingExpenses": 1991800000, "operatingIncome": 43600000, "totalOtherIncomeExpenseNet": -52400000, "ebit": 43600000, "interestExpense": -57500000, "incomeBeforeTax": -8800000, "incomeTaxExpense": 0, "minorityInterest": {}, "netIncomeFromContinuingOps": -8800000, "discontinuedOperations": {}, "extraordinaryItems": {}, "effectOfAccountingCharges": {}, "otherItems": {}, "netIncome": -8800000, "netIncomeApplicableToCommonShares": -8800000}, {"maxAge": 1, "endDate": "2017-03-31", "totalRevenue": 1920500000, "costOfRevenue": 1026700000, "grossProfit": 893800000, "researchDevelopment": {}, "sellingGeneralAdministrative": 568200000, "nonRecurring": {}, "otherOperatingExpenses": 248800000, "totalOperatingExpenses": 1914000000, "operatingIncome": 6500000, "totalOtherIncomeExpenseNet": -135200000, "ebit": 6500000, "interestExpense": -53100000, "incomeBeforeTax": -128700000, "incomeTaxExpense": 0, "minorityInterest": {}, "netIncomeFromContinuingOps": -128700000, "discontinuedOperations": {}, "extraordinaryItems": {}, "effectOfAccountingCharges": {}, "otherItems": {}, "netIncome": -128700000, "netIncomeApplicableToCommonShares": -128700000}], "maxAge": 86400}, "fundOwnership": {"maxAge": 1, "ownershipList": []}, "summaryDetail": {"maxAge": 1, "priceHint": 2, "previousClose": 5.35, "open": 5.29, "dayLow": 5.29, "dayHigh": 5.41, "regularMarketPreviousClose": 5.35, "regularMarketOpen": 5.29, "regularMarketDayLow": 5.29, "regularMarketDayHigh": 5.41, "trailingPE": 3.2649367, "volume": 1451, "regularMarketVolume": 1451, "averageVolume": 16933, "averageVolume10days": 4859, "averageDailyVolume10Day": 4859, "bid": 5.29, "ask": 5.41, "bidSize": 0, "askSize": 0, "marketCap": 258424880, "fiftyTwoWeekLow": 3.67, "fiftyTwoWeekHigh": 7.5, "fiftyDayAverage": 6.0582857, "twoHundredDayAverage": 5.1905107, "currency": "INR", "fromCurrency": null, "toCurrency": null, "lastMarket": null, "algorithm": null, "tradeable": false}, "sectorTrend": {"maxAge": 1, "symbol": null, "estimates": []}, "incomeStatementHistoryQuarterly": {"incomeStatementHistory": [{"maxAge": 1, "endDate": "2020-06-30", "totalRevenue": 335700000, "costOfRevenue": 258100000, "grossProfit": 77600000, "researchDevelopment": {}, "sellingGeneralAdministrative": 100300000, "nonRecurring": {}, "otherOperatingExpenses": 51700000, "totalOperatingExpenses": 432400000, "operatingIncome": -96700000, "totalOtherIncomeExpenseNet": 2800000, "ebit": -96700000, "interestExpense": -13200000, "incomeBeforeTax": -93900000, "incomeTaxExpense": 0, "minorityInterest": {}, "netIncomeFromContinuingOps": -93900000, "discontinuedOperations": {}, "extraordinaryItems": {}, "effectOfAccountingCharges": {}, "otherItems": {}, "netIncome": -93900000, "netIncomeApplicableToCommonShares": -93900000}, {"maxAge": 1, "endDate": "2020-03-31", "totalRevenue": 745400000, "costOfRevenue": 487200000, "grossProfit": 258200000, "researchDevelopment": {}, "sellingGeneralAdministrative": 145900000, "nonRecurring": {}, "otherOperatingExpenses": 50100000, "totalOperatingExpenses": 697500000, "operatingIncome": 47900000, "totalOtherIncomeExpenseNet": -48100000, "ebit": 47900000, "interestExpense": -6000000, "incomeBeforeTax": -200000, "incomeTaxExpense": 0, "minorityInterest": {}, "netIncomeFromContinuingOps": -200000, "discontinuedOperations": {}, "extraordinaryItems": {}, "effectOfAccountingCharges": {}, "otherItems": {}, "netIncome": -200000, "netIncomeApplicableToCommonShares": -200000}, {"maxAge": 1, "endDate": "2019-12-31", "totalRevenue": 451400000, "costOfRevenue": 165300000, "grossProfit": 286100000, "researchDevelopment": {}, "sellingGeneralAdministrative": 149700000, "nonRecurring": {}, "otherOperatingExpenses": 78700000, "totalOperatingExpenses": 419700000, "operatingIncome": 31700000, "totalOtherIncomeExpenseNet": -22100000, "ebit": 31700000, "interestExpense": -18400000, "incomeBeforeTax": 9600000, "incomeTaxExpense": 0, "minorityInterest": {}, "netIncomeFromContinuingOps": 9600000, "discontinuedOperations": {}, "extraordinaryItems": {}, "effectOfAccountingCharges": {}, "otherItems": {}, "netIncome": 9600000, "netIncomeApplicableToCommonShares": 9600000}, {"maxAge": 1, "endDate": "2019-09-30", "totalRevenue": 605100000, "costOfRevenue": 327500000, "grossProfit": 277600000, "researchDevelopment": {}, "sellingGeneralAdministrative": 156300000, "nonRecurring": {}, "otherOperatingExpenses": 58100000, "totalOperatingExpenses": 574900000, "operatingIncome": 30200000, "totalOtherIncomeExpenseNet": 133100000, "ebit": 30200000, "interestExpense": -23700000, "incomeBeforeTax": 163300000, "incomeTaxExpense": 0, "minorityInterest": {}, "netIncomeFromContinuingOps": 163300000, "discontinuedOperations": {}, "extraordinaryItems": {}, "effectOfAccountingCharges": {}, "otherItems": {}, "netIncome": 163300000, "netIncomeApplicableToCommonShares": 163300000}], "maxAge": 86400}, "cashflowStatementHistoryQuarterly": {"cashflowStatements": [{"maxAge": 1, "endDate": "2020-06-30", "netIncome": -93900000, "changeToLiabilities": 0}, {"maxAge": 1, "endDate": "2020-03-31", "netIncome": -200000, "changeToLiabilities": 0}, {"maxAge": 1, "endDate": "2019-12-31", "netIncome": 9600000, "changeToLiabilities": 0}, {"maxAge": 1, "endDate": "2019-09-30", "netIncome": 163300000, "changeToLiabilities": 0}], "maxAge": 86400}, "insiderHolders": {"holders": [{"maxAge": 1, "name": "Davos International Fund", "relation": "Institution- Corporation", "url": "", "transactionDescription": "Acquisition", "latestTransDate": "2013-01-23", "positionDirect": 2100000, "positionDirectDate": "2013-01-23"}, {"maxAge": 1, "name": "Naresh (V V)", "relation": "UNREPORTED", "url": "", "transactionDescription": "Sale", "latestTransDate": "2010-03-31", "positionDirect": 0, "positionDirectDate": "2010-03-31"}, {"maxAge": 1, "name": "Narsimhan (Charath Ram)", "relation": "Managing Director", "url": "", "transactionDescription": "Other", "latestTransDate": "2017-03-04", "positionDirect": 2340255, "positionDirectDate": "2017-03-04"}, {"maxAge": 1, "name": "Rajagopal (Rama)", "relation": "Director (Executive)", "url": "", "transactionDescription": "Other", "latestTransDate": "2017-03-04", "positionDirect": 2191060, "positionDirectDate": "2017-03-04"}, {"maxAge": 1, "name": "Rajagopal (Venkatesh)", "relation": "Executive Chairman", "url": "", "transactionDescription": "Other", "latestTransDate": "2017-03-04", "positionDirect": 1314636, "positionDirectDate": "2017-03-04"}, {"maxAge": 1, "name": "Rajagopal (Vidyuth)", "relation": "Joint Managing director", "url": "", "transactionDescription": "Acquisition", "latestTransDate": "2018-05-08", "positionDirect": 32000, "positionDirectDate": "2018-05-08"}], "maxAge": 1}, "earnings": {"maxAge": 86400, "earningsChart": {"quarterly": [], "earningsDate": []}, "financialsChart": {"yearly": [{"date": 2017, "revenue": 1920500000, "earnings": -128700000}, {"date": 2018, "revenue": 2035400000, "earnings": -8800000}, {"date": 2019, "revenue": 2313900000, "earnings": 32400000}, {"date": 2020, "revenue": 2325000000, "earnings": 168400000}], "quarterly": [{"date": "3Q2019", "revenue": 605100000, "earnings": 163300000}, {"date": "4Q2019", "revenue": 451400000, "earnings": 9600000}, {"date": "1Q2020", "revenue": 745400000, "earnings": -200000}, {"date": "2Q2020", "revenue": 335700000, "earnings": -93900000}]}, "financialCurrency": "INR"}, "calendarEvents": {"maxAge": 1, "earnings": {"earningsDate": []}}, "price": {"maxAge": 1, "regularMarketChangePercent": 0.011214943, "regularMarketChange": 0.059999943, "regularMarketTime": "2021-04-30 15:24:43", "priceHint": 2, "regularMarketPrice": 5.41, "regularMarketDayHigh": 5.41, "regularMarketDayLow": 5.29, "regularMarketVolume": 1451, "averageDailyVolume10Day": 4859, "averageDailyVolume3Month": 16933, "regularMarketPreviousClose": 5.35, "regularMarketSource": "FREE_REALTIME", "regularMarketOpen": 5.29, "exchange": "BSE", "exchangeName": "BSE", "exchangeDataDelayedBy": 0, "marketState": "CLOSED", "quoteType": "EQUITY", "symbol": "CELEBRITY.BO", "underlyingSymbol": null, "shortName": "CELEBRITY FASHIONS LTD.", "longName": "Celebrity Fashions Limited", "currency": "INR", "quoteSourceName": "Delayed Quote", "currencySymbol": "\u20b9", "fromCurrency": null, "toCurrency": null, "lastMarket": null, "marketCap": 258424880}, "balanceSheetHistory": {"balanceSheetStatements": [{"maxAge": 1, "endDate": "2020-03-31", "cash": 2400000, "shortTermInvestments": 10900000, "netReceivables": 330600000, "inventory": 615100000, "otherCurrentAssets": 30600000, "totalCurrentAssets": 993800000, "propertyPlantEquipment": 392400000, "intangibleAssets": 600000, "otherAssets": 64000000, "totalAssets": 1450800000, "accountsPayable": 218200000, "otherCurrentLiab": 96900000, "longTermDebt": 267400000, "otherLiab": 2000000, "totalCurrentLiabilities": 967800000, "totalLiab": 1354100000, "commonStock": 477700000, "retainedEarnings": -413800000, "capitalSurplus": 32800000, "totalStockholderEquity": 96700000, "netTangibleAssets": 96100000}, {"maxAge": 1, "endDate": "2019-03-31", "cash": 20900000, "shortTermInvestments": 2100000, "netReceivables": 403900000, "inventory": 512800000, "otherCurrentAssets": 30200000, "totalCurrentAssets": 975200000, "propertyPlantEquipment": 285600000, "intangibleAssets": 900000, "otherAssets": 76900000, "totalAssets": 1338600000, "accountsPayable": 206400000, "shortLongTermDebt": 29100000, "otherCurrentLiab": 9500000, "longTermDebt": 426900000, "otherLiab": 2300000, "totalCurrentLiabilities": 971900000, "totalLiab": 1401100000, "commonStock": 477700000, "retainedEarnings": -573100000, "treasuryStock": -540200000, "capitalSurplus": 32900000, "otherStockholderEquity": -540200000, "totalStockholderEquity": -62500000, "netTangibleAssets": -63400000}, {"maxAge": 1, "endDate": "2018-03-31", "cash": 6200000, "shortTermInvestments": 1900000, "netReceivables": 416300000, "inventory": 415800000, "otherCurrentAssets": 25800000, "totalCurrentAssets": 871300000, "propertyPlantEquipment": 330000000, "otherAssets": 76100000, "totalAssets": 1277400000, "accountsPayable": 258000000, "shortLongTermDebt": 25900000, "otherCurrentLiab": 12400000, "longTermDebt": 454100000, "otherLiab": 300000, "totalCurrentLiabilities": 927400000, "totalLiab": 1381800000, "commonStock": 455800000, "retainedEarnings": -596200000, "treasuryStock": 6300000, "capitalSurplus": 29700000, "otherStockholderEquity": 6300000, "totalStockholderEquity": -104400000, "netTangibleAssets": -104400000}, {"maxAge": 1, "endDate": "2017-03-31", "cash": 3600000, "shortTermInvestments": 1800000, "netReceivables": 290300000, "inventory": 394600000, "otherCurrentAssets": 25400000, "totalCurrentAssets": 719100000, "propertyPlantEquipment": 386600000, "intangibleAssets": 100000, "otherAssets": 77300000, "totalAssets": 1183100000, "accountsPayable": 229000000, "shortLongTermDebt": 21700000, "otherCurrentLiab": 12100000, "longTermDebt": 488000000, "otherLiab": 200000, "totalCurrentLiabilities": 816300000, "totalLiab": 1304500000, "commonStock": 420700000, "retainedEarnings": -583200000, "treasuryStock": 16300000, "capitalSurplus": 24800000, "otherStockholderEquity": 16300000, "totalStockholderEquity": -121400000, "netTangibleAssets": -121500000}], "maxAge": 86400}, "earningsTrend": {"trend": [{"maxAge": 1, "period": "0q", "endDate": null, "growth": {}, "earningsEstimate": {"avg": 0.0, "low": 0.0, "high": 0.0, "yearAgoEps": {}, "numberOfAnalysts": 0, "growth": {}}, "revenueEstimate": {"avg": 0, "low": 0, "high": 0, "numberOfAnalysts": 0, "yearAgoRevenue": {}, "growth": {}}, "epsTrend": {"current": 0.0, "7daysAgo": 0.0, "30daysAgo": 0.0, "60daysAgo": 0.0, "90daysAgo": 0.0}, "epsRevisions": {"upLast7days": 0, "upLast30days": 0, "downLast30days": 0, "downLast90days": {}}}, {"maxAge": 1, "period": "+1q", "endDate": null, "growth": {}, "earningsEstimate": {"avg": 0.0, "low": 0.0, "high": 0.0, "yearAgoEps": {}, "numberOfAnalysts": 0, "growth": {}}, "revenueEstimate": {"avg": 0, "low": 0, "high": 0, "numberOfAnalysts": 0, "yearAgoRevenue": {}, "growth": {}}, "epsTrend": {"current": 0.0, "7daysAgo": 0.0, "30daysAgo": 0.0, "60daysAgo": 0.0, "90daysAgo": 0.0}, "epsRevisions": {"upLast7days": 0, "upLast30days": 0, "downLast30days": 0, "downLast90days": {}}}, {"maxAge": 1, "period": "0y", "endDate": null, "growth": {}, "earningsEstimate": {"avg": 0.0, "low": 0.0, "high": 0.0, "yearAgoEps": {}, "numberOfAnalysts": 0, "growth": {}}, "revenueEstimate": {"avg": 0, "low": 0, "high": 0, "numberOfAnalysts": 0, "yearAgoRevenue": {}, "growth": {}}, "epsTrend": {"current": 0.0, "7daysAgo": 0.0, "30daysAgo": 0.0, "60daysAgo": 0.0, "90daysAgo": 0.0}, "epsRevisions": {"upLast7days": 0, "upLast30days": 0, "downLast30days": 0, "downLast90days": {}}}, {"maxAge": 1, "period": "+1y", "endDate": null, "growth": {}, "earningsEstimate": {"avg": 0.0, "low": 0.0, "high": 0.0, "yearAgoEps": {}, "numberOfAnalysts": 0, "growth": {}}, "revenueEstimate": {"avg": 0, "low": 0, "high": 0, "numberOfAnalysts": 0, "yearAgoRevenue": {}, "growth": {}}, "epsTrend": {"current": 0.0, "7daysAgo": 0.0, "30daysAgo": 0.0, "60daysAgo": 0.0, "90daysAgo": 0.0}, "epsRevisions": {"upLast7days": 0, "upLast30days": 0, "downLast30days": 0, "downLast90days": {}}}, {"maxAge": 1, "period": "+5y", "endDate": null, "growth": {}, "earningsEstimate": {"avg": {}, "low": {}, "high": {}, "yearAgoEps": {}, "numberOfAnalysts": {}, "growth": {}}, "revenueEstimate": {"avg": {}, "low": {}, "high": {}, "numberOfAnalysts": {}, "yearAgoRevenue": {}, "growth": {}}, "epsTrend": {"current": {}, "7daysAgo": {}, "30daysAgo": {}, "60daysAgo": {}, "90daysAgo": {}}, "epsRevisions": {"upLast7days": {}, "upLast30days": {}, "downLast30days": {}, "downLast90days": {}}}, {"maxAge": 1, "period": "-5y", "endDate": null, "growth": {}, "earningsEstimate": {"avg": {}, "low": {}, "high": {}, "yearAgoEps": {}, "numberOfAnalysts": {}, "growth": {}}, "revenueEstimate": {"avg": {}, "low": {}, "high": {}, "numberOfAnalysts": {}, "yearAgoRevenue": {}, "growth": {}}, "epsTrend": {"current": {}, "7daysAgo": {}, "30daysAgo": {}, "60daysAgo": {}, "90daysAgo": {}}, "epsRevisions": {"upLast7days": {}, "upLast30days": {}, "downLast30days": {}, "downLast90days": {}}}], "maxAge": 1}, "financialData": {"maxAge": 86400, "currentPrice": 5.41, "recommendationKey": "none", "grossProfits": 1099400000, "financialCurrency": "INR"}}}