{"CENLUB.BO": {"recommendationTrend": {"trend": [{"period": "0m", "strongBuy": 0, "buy": 0, "hold": 0, "sell": 0, "strongSell": 0}, {"period": "-1m", "strongBuy": 0, "buy": 0, "hold": 0, "sell": 0, "strongSell": 0}, {"period": "-2m", "strongBuy": 0, "buy": 0, "hold": 0, "sell": 0, "strongSell": 0}, {"period": "-3m", "strongBuy": 0, "buy": 0, "hold": 0, "sell": 0, "strongSell": 0}], "maxAge": 86400}, "cashflowStatementHistory": {"cashflowStatements": [{"maxAge": 1, "endDate": "2020-03-31", "netIncome": 27634000, "depreciation": 9531000, "changeToNetincome": -5330000, "changeToAccountReceivables": 3830000, "changeToLiabilities": -3325000, "changeToInventory": -12201000, "changeToOperatingActivities": -14046000, "totalCashFromOperatingActivities": 6216000, "capitalExpenditures": -8199000, "investments": -10591000, "otherCashflowsFromInvestingActivities": 12108000, "totalCashflowsFromInvestingActivities": 3269000, "dividendsPaid": -14121000, "netBorrowings": 16312000, "otherCashflowsFromFinancingActivities": -10562000, "totalCashFromFinancingActivities": -8371000, "changeInCash": 1115000}, {"maxAge": 1, "endDate": "2019-03-31", "netIncome": 49415000, "depreciation": 7717000, "changeToNetincome": 3392000, "changeToAccountReceivables": -22554000, "changeToLiabilities": 6452000, "changeToInventory": 15668000, "changeToOperatingActivities": 14636000, "totalCashFromOperatingActivities": 74997000, "capitalExpenditures": -25993000, "investments": -37503000, "otherCashflowsFromInvestingActivities": 2811000, "totalCashflowsFromInvestingActivities": -52033000, "dividendsPaid": -14121000, "netBorrowings": -9267000, "otherCashflowsFromFinancingActivities": -11227000, "totalCashFromFinancingActivities": -20494000, "changeInCash": 2470000}, {"maxAge": 1, "endDate": "2018-03-31", "netIncome": 34822000, "depreciation": 7025000, "changeToNetincome": 3078000, "changeToAccountReceivables": -1161000, "changeToLiabilities": 9053000, "changeToInventory": -21000, "changeToOperatingActivities": 14289000, "totalCashFromOperatingActivities": 67345000, "capitalExpenditures": -2328000, "investments": -10453000, "otherCashflowsFromInvestingActivities": 4952000, "totalCashflowsFromInvestingActivities": 7231000, "dividendsPaid": -14121000, "netBorrowings": -67429000, "otherCashflowsFromFinancingActivities": -11161000, "totalCashFromFinancingActivities": -78590000, "changeInCash": -4014000}, {"maxAge": 1, "endDate": "2017-03-31", "netIncome": 21891000, "depreciation": 7233000, "changeToNetincome": 11239000, "changeToAccountReceivables": -22118000, "changeToLiabilities": 1280000, "changeToInventory": 10399000, "changeToOperatingActivities": 4982000, "totalCashFromOperatingActivities": 35128000, "capitalExpenditures": -6083000, "investments": -5544000, "otherCashflowsFromInvestingActivities": 5045000, "totalCashflowsFromInvestingActivities": -3335000, "dividendsPaid": -14121000, "netBorrowings": -8616000, "otherCashflowsFromFinancingActivities": -17038000, "totalCashFromFinancingActivities": -25654000, "changeInCash": 6140000}], "maxAge": 86400}, "institutionOwnership": {"maxAge": 1, "ownershipList": []}, "balanceSheetHistoryQuarterly": {"balanceSheetStatements": [{"maxAge": 1, "endDate": "2020-06-30", "totalStockholderEquity": 294315884, "netTangibleAssets": 293957375}, {"maxAge": 1, "endDate": "2020-03-31", "cash": 12459000, "shortTermInvestments": 84134000, "netReceivables": 127000000, "inventory": 48418000, "otherCurrentAssets": 8268000, "totalCurrentAssets": 280802000, "longTermInvestments": 41431000, "propertyPlantEquipment": 188423000, "intangibleAssets": 359000, "otherAssets": 28902000, "totalAssets": 539917000, "accountsPayable": 72042000, "shortLongTermDebt": 21682000, "otherCurrentLiab": 21593000, "longTermDebt": 22220000, "otherLiab": 16713000, "totalCurrentLiabilities": 206669000, "totalLiab": 245602000, "commonStock": 46629000, "retainedEarnings": 240067000, "treasuryStock": 6281000, "capitalSurplus": 1338000, "otherStockholderEquity": 6281000, "totalStockholderEquity": 294315000, "netTangibleAssets": 293956000}, {"maxAge": 1, "endDate": "2019-12-31", "totalStockholderEquity": 280385000, "netTangibleAssets": 279965000}, {"maxAge": 1, "endDate": "2019-09-30", "cash": 71490000, "netReceivables": 135175000, "inventory": 36491000, "otherCurrentAssets": 14518000, "totalCurrentAssets": 257674000, "longTermInvestments": 46575000, "propertyPlantEquipment": 191114000, "intangibleAssets": 420000, "otherAssets": 29573000, "totalAssets": 525356000, "accountsPayable": 77257000, "shortLongTermDebt": 3401000, "otherCurrentLiab": 47621000, "longTermDebt": 39743000, "otherLiab": 11793000, "totalCurrentLiabilities": 193435000, "totalLiab": 244971000, "commonStock": 46629000, "treasuryStock": 233756000, "otherStockholderEquity": 233756000, "totalStockholderEquity": 280385000, "netTangibleAssets": 279965000}], "maxAge": 86400}, "earningsHistory": {"history": [{"maxAge": 1, "epsActual": {}, "epsEstimate": {}, "epsDifference": {}, "surprisePercent": {}, "quarter": {}, "period": "-4q"}, {"maxAge": 1, "epsActual": {}, "epsEstimate": {}, "epsDifference": {}, "surprisePercent": {}, "quarter": {}, "period": "-3q"}, {"maxAge": 1, "epsActual": {}, "epsEstimate": {}, "epsDifference": {}, "surprisePercent": {}, "quarter": {}, "period": "-2q"}, {"maxAge": 1, "epsActual": {}, "epsEstimate": {}, "epsDifference": {}, "surprisePercent": {}, "quarter": {}, "period": "-1q"}], "maxAge": 86400}, "indexTrend": {"maxAge": 1, "symbol": "SP5", "peRatio": 19.7411, "pegRatio": 1.34172, "estimates": [{"period": "0q", "growth": 0.549}, {"period": "+1q", "growth": 0.431}, {"period": "0y", "growth": 0.305}, {"period": "+1y", "growth": 0.109}, {"period": "+5y", "growth": 0.120859005}, {"period": "-5y"}]}, "industryTrend": {"maxAge": 1, "symbol": null, "estimates": []}, "insiderTransactions": {"transactions": [{"maxAge": 1, "shares": 48594, "filerUrl": "", "transactionText": "", "filerName": "Mittal (Vijendra Kumar)", "filerRelation": "Executive Chairman", "moneyText": "", "startDate": "2020-03-20", "ownership": "D"}, {"maxAge": 1, "shares": 2000, "filerUrl": "", "transactionText": "", "filerName": "Mittal (Vijendra Kumar)", "filerRelation": "Executive Chairman", "moneyText": "", "startDate": "2019-01-11", "ownership": "D"}, {"maxAge": 1, "shares": 8819, "filerUrl": "", "transactionText": "", "filerName": "Mittal (Swati)", "filerRelation": "Promoter", "moneyText": "", "startDate": "2019-01-09", "ownership": "D"}, {"maxAge": 1, "shares": 1002, "filerUrl": "", "transactionText": "", "filerName": "Mittal (Vijendra Kumar)", "filerRelation": "Executive Chairman", "moneyText": "", "startDate": "2019-01-08", "ownership": "D"}, {"maxAge": 1, "shares": 2158, "filerUrl": "", "transactionText": "", "filerName": "Mittal (Vijendra Kumar)", "filerRelation": "Executive Chairman", "moneyText": "", "startDate": "2019-01-07", "ownership": "D"}, {"maxAge": 1, "shares": 394112, "filerUrl": "", "transactionText": "", "filerName": "Mittal (Vijendra Kumar)", "filerRelation": "Executive Chairman", "moneyText": "", "startDate": "2018-10-24", "ownership": "D"}], "maxAge": 1}, "quoteType": {"exchange": "BSE", "quoteType": "EQUITY", "symbol": "CENLUB.BO", "underlyingSymbol": "CENLUB.BO", "shortName": "CENLUB INDUSTRIES LTD.", "longName": "Cenlub Industries Limited", "firstTradeDateEpochUtc": "2001-03-21 09:15:00", "timeZoneFullName": "Asia/Kolkata", "timeZoneShortName": "IST", "uuid": "eba3709a-9016-35cd-b0be-66e4fe4e3e3b", "messageBoardId": null, "gmtOffSetMilliseconds": 19800000, "maxAge": 1}, "incomeStatementHistory": {"incomeStatementHistory": [{"maxAge": 1, "endDate": "2020-03-31", "totalRevenue": 390372000, "costOfRevenue": 208408000, "grossProfit": 181964000, "researchDevelopment": {}, "sellingGeneralAdministrative": 93998000, "nonRecurring": {}, "otherOperatingExpenses": 45497000, "totalOperatingExpenses": 357742000, "operatingIncome": 32630000, "totalOtherIncomeExpenseNet": 8056000, "ebit": 32630000, "interestExpense": -10562000, "incomeBeforeTax": 40686000, "incomeTaxExpense": 13052000, "minorityInterest": {}, "netIncomeFromContinuingOps": 27634000, "discontinuedOperations": {}, "extraordinaryItems": {}, "effectOfAccountingCharges": {}, "otherItems": {}, "netIncome": 27634000, "netIncomeApplicableToCommonShares": 27634000}, {"maxAge": 1, "endDate": "2019-03-31", "totalRevenue": 481047000, "costOfRevenue": 277068000, "grossProfit": 203979000, "researchDevelopment": {}, "sellingGeneralAdministrative": 82742000, "nonRecurring": {}, "otherOperatingExpenses": 41033000, "totalOperatingExpenses": 411282000, "operatingIncome": 69765000, "totalOtherIncomeExpenseNet": 2126000, "ebit": 69765000, "interestExpense": -11227000, "incomeBeforeTax": 71891000, "incomeTaxExpense": 22476000, "minorityInterest": {}, "netIncomeFromContinuingOps": 49415000, "discontinuedOperations": {}, "extraordinaryItems": {}, "effectOfAccountingCharges": {}, "otherItems": {}, "netIncome": 49415000, "netIncomeApplicableToCommonShares": 49415000}, {"maxAge": 1, "endDate": "2018-03-31", "totalRevenue": 371075000, "costOfRevenue": 203486000, "grossProfit": 167589000, "researchDevelopment": {}, "sellingGeneralAdministrative": 73475000, "nonRecurring": {}, "otherOperatingExpenses": 36527000, "totalOperatingExpenses": 321493000, "operatingIncome": 49582000, "totalOtherIncomeExpenseNet": -2042000, "ebit": 49582000, "interestExpense": -11161000, "incomeBeforeTax": 47540000, "incomeTaxExpense": 12718000, "minorityInterest": {}, "netIncomeFromContinuingOps": 34822000, "discontinuedOperations": {}, "extraordinaryItems": {}, "effectOfAccountingCharges": {}, "otherItems": {}, "netIncome": 34822000, "netIncomeApplicableToCommonShares": 34822000}, {"maxAge": 1, "endDate": "2017-03-31", "totalRevenue": 356622000, "costOfRevenue": 198253000, "grossProfit": 158369000, "researchDevelopment": {}, "sellingGeneralAdministrative": 63895000, "nonRecurring": {}, "otherOperatingExpenses": 41403000, "totalOperatingExpenses": 313942000, "operatingIncome": 42680000, "totalOtherIncomeExpenseNet": -8949000, "ebit": 42680000, "interestExpense": -17037590, "incomeBeforeTax": 33731000, "incomeTaxExpense": 11840000, "minorityInterest": {}, "netIncomeFromContinuingOps": 21891000, "discontinuedOperations": {}, "extraordinaryItems": {}, "effectOfAccountingCharges": {}, "otherItems": {}, "netIncome": 21891000, "netIncomeApplicableToCommonShares": 21891000}], "maxAge": 86400}, "fundOwnership": {"maxAge": 1, "ownershipList": []}, "summaryDetail": {"maxAge": 1, "priceHint": 2, "previousClose": 63.4, "open": 67.95, "dayLow": 60.0, "dayHigh": 67.95, "regularMarketPreviousClose": 63.4, "regularMarketOpen": 67.95, "regularMarketDayLow": 60.0, "regularMarketDayHigh": 67.95, "trailingPE": 12.48983, "volume": 6121, "regularMarketVolume": 6121, "averageVolume": 4113, "averageVolume10days": 2542, "averageDailyVolume10Day": 2542, "bid": 61.0, "ask": 62.0, "bidSize": 0, "askSize": 0, "marketCap": 286302080, "fiftyTwoWeekLow": 20.0, "fiftyTwoWeekHigh": 67.95, "fiftyDayAverage": 44.05147, "twoHundredDayAverage": 37.95956, "currency": "INR", "fromCurrency": null, "toCurrency": null, "lastMarket": null, "algorithm": null, "tradeable": false}, "sectorTrend": {"maxAge": 1, "symbol": null, "estimates": []}, "incomeStatementHistoryQuarterly": {"incomeStatementHistory": [{"maxAge": 1, "endDate": "2020-06-30", "totalRevenue": 44619000, "costOfRevenue": 24239000, "grossProfit": 20380000, "researchDevelopment": {}, "sellingGeneralAdministrative": 9367000, "nonRecurring": {}, "otherOperatingExpenses": 5459000, "totalOperatingExpenses": 41445000, "operatingIncome": 3174000, "totalOtherIncomeExpenseNet": -483000, "ebit": 3174000, "interestExpense": -2818000, "incomeBeforeTax": 2691000, "incomeTaxExpense": 677000, "minorityInterest": {}, "netIncomeFromContinuingOps": 2014000, "discontinuedOperations": {}, "extraordinaryItems": {}, "effectOfAccountingCharges": {}, "otherItems": {}, "netIncome": 2014000, "netIncomeApplicableToCommonShares": 2014000}, {"maxAge": 1, "endDate": "2020-03-31", "totalRevenue": 107802000, "costOfRevenue": 54390000, "grossProfit": 53412000, "researchDevelopment": {}, "sellingGeneralAdministrative": 26449000, "nonRecurring": {}, "otherOperatingExpenses": 3285000, "totalOperatingExpenses": 87101000, "operatingIncome": 20701000, "totalOtherIncomeExpenseNet": -3770000, "ebit": 20701000, "interestExpense": -2689000, "incomeBeforeTax": 16931000, "incomeTaxExpense": 7951000, "minorityInterest": {}, "netIncomeFromContinuingOps": 8980000, "discontinuedOperations": {}, "extraordinaryItems": {}, "effectOfAccountingCharges": {}, "otherItems": {}, "netIncome": 8980000, "netIncomeApplicableToCommonShares": 8980000}, {"maxAge": 1, "endDate": "2019-12-31", "totalRevenue": 73550000, "costOfRevenue": 39785000, "grossProfit": 33765000, "researchDevelopment": {}, "sellingGeneralAdministrative": 23314000, "nonRecurring": {}, "otherOperatingExpenses": 13688000, "totalOperatingExpenses": 79075000, "operatingIncome": -5525000, "totalOtherIncomeExpenseNet": 11861000, "ebit": -5525000, "interestExpense": -2903000, "incomeBeforeTax": 6336000, "incomeTaxExpense": 92000, "minorityInterest": {}, "netIncomeFromContinuingOps": 6244000, "discontinuedOperations": {}, "extraordinaryItems": {}, "effectOfAccountingCharges": {}, "otherItems": {}, "netIncome": 6244000, "netIncomeApplicableToCommonShares": 6244000}, {"maxAge": 1, "endDate": "2019-09-30", "totalRevenue": 105728000, "costOfRevenue": 57648000, "grossProfit": 48080000, "researchDevelopment": {}, "sellingGeneralAdministrative": 22378000, "nonRecurring": {}, "otherOperatingExpenses": 16032000, "totalOperatingExpenses": 98117000, "operatingIncome": 7611000, "totalOtherIncomeExpenseNet": 534000, "ebit": 7611000, "interestExpense": -2315000, "incomeBeforeTax": 8145000, "incomeTaxExpense": 2430000, "minorityInterest": {}, "netIncomeFromContinuingOps": 5715000, "discontinuedOperations": {}, "extraordinaryItems": {}, "effectOfAccountingCharges": {}, "otherItems": {}, "netIncome": 5715000, "netIncomeApplicableToCommonShares": 5715000}], "maxAge": 86400}, "cashflowStatementHistoryQuarterly": {"cashflowStatements": [{"maxAge": 1, "endDate": "2020-06-30", "netIncome": 2014000, "changeToLiabilities": 0}, {"maxAge": 1, "endDate": "2020-03-31", "netIncome": 8980000, "changeToLiabilities": 0}, {"maxAge": 1, "endDate": "2019-12-31", "netIncome": 6244000, "changeToLiabilities": 0}, {"maxAge": 1, "endDate": "2019-09-30", "netIncome": 5715000, "changeToLiabilities": 0}], "maxAge": 86400}, "insiderHolders": {"holders": [{"maxAge": 1, "name": "Mittal (Swati)", "relation": "Promoter", "url": "", "transactionDescription": "Sale", "latestTransDate": "2019-01-09", "positionDirect": 5631, "positionDirectDate": "2019-01-09"}, {"maxAge": 1, "name": "Mittal (Vijendra Kumar)", "relation": "Executive Chairman", "url": "", "transactionDescription": "Acquisition", "latestTransDate": "2020-03-20", "positionDirect": 878525, "positionDirectDate": "2020-03-20"}], "maxAge": 1}, "earnings": {"maxAge": 86400, "earningsChart": {"quarterly": [], "earningsDate": ["2020-06-29 05:30:S"]}, "financialsChart": {"yearly": [{"date": 2017, "revenue": 356622000, "earnings": 21891000}, {"date": 2018, "revenue": 371075000, "earnings": 34822000}, {"date": 2019, "revenue": 481047000, "earnings": 49415000}, {"date": 2020, "revenue": 390372000, "earnings": 27634000}], "quarterly": [{"date": "3Q2019", "revenue": 105728000, "earnings": 5715000}, {"date": "4Q2019", "revenue": 73550000, "earnings": 6244000}, {"date": "1Q2020", "revenue": 107802000, "earnings": 8980000}, {"date": "2Q2020", "revenue": 44619000, "earnings": 2014000}]}, "financialCurrency": "INR"}, "calendarEvents": {"maxAge": 1, "earnings": {"earningsDate": ["2020-06-29 05:30:S"]}}, "price": {"maxAge": 1, "regularMarketChangePercent": -0.03154574, "regularMarketChange": -2.0, "regularMarketTime": "2021-04-30 15:41:40", "priceHint": 2, "regularMarketPrice": 61.4, "regularMarketDayHigh": 67.95, "regularMarketDayLow": 60.0, "regularMarketVolume": 6121, "averageDailyVolume10Day": 2542, "averageDailyVolume3Month": 4113, "regularMarketPreviousClose": 63.4, "regularMarketSource": "FREE_REALTIME", "regularMarketOpen": 67.95, "exchange": "BSE", "exchangeName": "BSE", "exchangeDataDelayedBy": 0, "marketState": "CLOSED", "quoteType": "EQUITY", "symbol": "CENLUB.BO", "underlyingSymbol": null, "shortName": "CENLUB INDUSTRIES LTD.", "longName": "Cenlub Industries Limited", "currency": "INR", "quoteSourceName": "Delayed Quote", "currencySymbol": "\u20b9", "fromCurrency": null, "toCurrency": null, "lastMarket": null, "marketCap": 286302080}, "balanceSheetHistory": {"balanceSheetStatements": [{"maxAge": 1, "endDate": "2020-03-31", "cash": 12459000, "shortTermInvestments": 84134000, "netReceivables": 127000000, "inventory": 48418000, "otherCurrentAssets": 8268000, "totalCurrentAssets": 280802000, "longTermInvestments": 41431000, "propertyPlantEquipment": 188423000, "intangibleAssets": 359000, "otherAssets": 28902000, "totalAssets": 539917000, "accountsPayable": 72042000, "shortLongTermDebt": 21682000, "otherCurrentLiab": 21593000, "longTermDebt": 22220000, "otherLiab": 16713000, "totalCurrentLiabilities": 206669000, "totalLiab": 245602000, "commonStock": 46629000, "retainedEarnings": 240067000, "treasuryStock": 6281000, "capitalSurplus": 1338000, "otherStockholderEquity": 6281000, "totalStockholderEquity": 294315000, "netTangibleAssets": 293956000}, {"maxAge": 1, "endDate": "2019-03-31", "cash": 11344000, "shortTermInvestments": 75400000, "netReceivables": 131453000, "inventory": 36216000, "otherCurrentAssets": 6275000, "totalCurrentAssets": 261207000, "longTermInvestments": 39830000, "propertyPlantEquipment": 190479000, "intangibleAssets": 481000, "otherAssets": 31162000, "totalAssets": 523159000, "accountsPayable": 75367000, "shortLongTermDebt": 15336000, "otherCurrentLiab": 36310000, "longTermDebt": 34816000, "otherLiab": 13211000, "totalCurrentLiabilities": 192990000, "totalLiab": 241017000, "commonStock": 46629000, "retainedEarnings": 226555000, "treasuryStock": 7620000, "capitalSurplus": 1338000, "otherStockholderEquity": 7620000, "totalStockholderEquity": 282142000, "netTangibleAssets": 281661000}, {"maxAge": 1, "endDate": "2018-03-31", "cash": 8874000, "shortTermInvestments": 68400000, "netReceivables": 107341000, "inventory": 51884000, "otherCurrentAssets": 6955000, "totalCurrentAssets": 243700000, "longTermInvestments": 11498000, "propertyPlantEquipment": 175263000, "intangibleAssets": 669000, "otherAssets": 24338000, "totalAssets": 455468000, "accountsPayable": 68915000, "shortLongTermDebt": 10906000, "otherCurrentLiab": 22870000, "longTermDebt": 43297000, "otherLiab": 10959000, "totalCurrentLiabilities": 168060000, "totalLiab": 222316000, "commonStock": 46629000, "retainedEarnings": 177438000, "treasuryStock": 7747000, "capitalSurplus": 1338000, "otherStockholderEquity": 7747000, "totalStockholderEquity": 233152000, "netTangibleAssets": 232483000}, {"maxAge": 1, "endDate": "2017-03-31", "cash": 12888000, "shortTermInvestments": 60676000, "netReceivables": 106460000, "inventory": 51863000, "otherCurrentAssets": 7122000, "totalCurrentAssets": 239237000, "longTermInvestments": 9195000, "propertyPlantEquipment": 190926000, "intangibleAssets": 587000, "otherAssets": 23609000, "totalAssets": 463554000, "accountsPayable": 59862000, "shortLongTermDebt": 5760000, "otherCurrentLiab": 19284000, "longTermDebt": 71202000, "otherLiab": 9649000, "totalCurrentLiabilities": 184465000, "totalLiab": 265316000, "commonStock": 46629000, "retainedEarnings": 142548000, "treasuryStock": 7723000, "capitalSurplus": 1338000, "otherStockholderEquity": 7723000, "totalStockholderEquity": 198238000, "netTangibleAssets": 197651000}], "maxAge": 86400}, "earningsTrend": {"trend": [{"maxAge": 1, "period": "0q", "endDate": null, "growth": {}, "earningsEstimate": {"avg": 0.0, "low": 0.0, "high": 0.0, "yearAgoEps": {}, "numberOfAnalysts": 0, "growth": {}}, "revenueEstimate": {"avg": 0, "low": 0, "high": 0, "numberOfAnalysts": 0, "yearAgoRevenue": {}, "growth": {}}, "epsTrend": {"current": 0.0, "7daysAgo": 0.0, "30daysAgo": 0.0, "60daysAgo": 0.0, "90daysAgo": 0.0}, "epsRevisions": {"upLast7days": 0, "upLast30days": 0, "downLast30days": 0, "downLast90days": {}}}, {"maxAge": 1, "period": "+1q", "endDate": null, "growth": {}, "earningsEstimate": {"avg": 0.0, "low": 0.0, "high": 0.0, "yearAgoEps": {}, "numberOfAnalysts": 0, "growth": {}}, "revenueEstimate": {"avg": 0, "low": 0, "high": 0, "numberOfAnalysts": 0, "yearAgoRevenue": {}, "growth": {}}, "epsTrend": {"current": 0.0, "7daysAgo": 0.0, "30daysAgo": 0.0, "60daysAgo": 0.0, "90daysAgo": 0.0}, "epsRevisions": {"upLast7days": 0, "upLast30days": 0, "downLast30days": 0, "downLast90days": {}}}, {"maxAge": 1, "period": "0y", "endDate": null, "growth": {}, "earningsEstimate": {"avg": 0.0, "low": 0.0, "high": 0.0, "yearAgoEps": {}, "numberOfAnalysts": 0, "growth": {}}, "revenueEstimate": {"avg": 0, "low": 0, "high": 0, "numberOfAnalysts": 0, "yearAgoRevenue": {}, "growth": {}}, "epsTrend": {"current": 0.0, "7daysAgo": 0.0, "30daysAgo": 0.0, "60daysAgo": 0.0, "90daysAgo": 0.0}, "epsRevisions": {"upLast7days": 0, "upLast30days": 0, "downLast30days": 0, "downLast90days": {}}}, {"maxAge": 1, "period": "+1y", "endDate": null, "growth": {}, "earningsEstimate": {"avg": 0.0, "low": 0.0, "high": 0.0, "yearAgoEps": {}, "numberOfAnalysts": 0, "growth": {}}, "revenueEstimate": {"avg": 0, "low": 0, "high": 0, "numberOfAnalysts": 0, "yearAgoRevenue": {}, "growth": {}}, "epsTrend": {"current": 0.0, "7daysAgo": 0.0, "30daysAgo": 0.0, "60daysAgo": 0.0, "90daysAgo": 0.0}, "epsRevisions": {"upLast7days": 0, "upLast30days": 0, "downLast30days": 0, "downLast90days": {}}}, {"maxAge": 1, "period": "+5y", "endDate": null, "growth": {}, "earningsEstimate": {"avg": {}, "low": {}, "high": {}, "yearAgoEps": {}, "numberOfAnalysts": {}, "growth": {}}, "revenueEstimate": {"avg": {}, "low": {}, "high": {}, "numberOfAnalysts": {}, "yearAgoRevenue": {}, "growth": {}}, "epsTrend": {"current": {}, "7daysAgo": {}, "30daysAgo": {}, "60daysAgo": {}, "90daysAgo": {}}, "epsRevisions": {"upLast7days": {}, "upLast30days": {}, "downLast30days": {}, "downLast90days": {}}}, {"maxAge": 1, "period": "-5y", "endDate": null, "growth": {}, "earningsEstimate": {"avg": {}, "low": {}, "high": {}, "yearAgoEps": {}, "numberOfAnalysts": {}, "growth": {}}, "revenueEstimate": {"avg": {}, "low": {}, "high": {}, "numberOfAnalysts": {}, "yearAgoRevenue": {}, "growth": {}}, "epsTrend": {"current": {}, "7daysAgo": {}, "30daysAgo": {}, "60daysAgo": {}, "90daysAgo": {}}, "epsRevisions": {"upLast7days": {}, "upLast30days": {}, "downLast30days": {}, "downLast90days": {}}}], "maxAge": 1}, "financialData": {"maxAge": 86400, "currentPrice": 61.4, "targetHighPrice": 38.0, "targetLowPrice": 38.0, "targetMeanPrice": 38.0, "targetMedianPrice": 38.0, "recommendationKey": "none", "numberOfAnalystOpinions": 1, "grossProfits": 181964000, "financialCurrency": "INR"}}}