{"CENTURYTEX.NS": {"assetProfile": {"address1": "Century Bhavan", "address2": "Dr. Annie Besant Road Worli", "city": "Mumbai", "zip": "400030", "country": "India", "phone": "91 22 2495 7000", "fax": "91 22 2430 9491", "website": "http://www.centurytextind.com", "industry": "Paper & Paper Products", "sector": "Basic Materials", "longBusinessSummary": "Century Textiles and Industries Limited manufactures and sells cement, textiles, and pulp and paper products in India. It operates through Textiles, Pulp and Paper, Real Estate, and Others segments. The Textile segment offers yarn, fabric, viscose filament yarn, and tire yarn; and leases viscose filament yarn and tire yarn plant. Its products include shirting, suiting fabrics, finer fabrics, and bed linen. The Pulp and Paper segment offers pulp, writing and printing papers, tissue papers, and multi-layer packaging boards. The Real Estate segment develops commercial and residential projects; and leases properties. The Others segment engages in the salt works and chemicals related businesses. It also exports its products. Century Textiles and Industries Limited was founded in 1897 and is based in Mumbai, India.", "fullTimeEmployees": 4492, "companyOfficers": [{"maxAge": 1, "name": "Mr. Jagdish Chandra Laddha", "title": "MD & Director", "fiscalYear": 2020, "totalPay": 11402721, "exercisedValue": 0, "unexercisedValue": 0}, {"maxAge": 1, "name": "Mr. Atul K. Kedia", "title": "VP of Legal, Company Sec. & Compliance Officer", "fiscalYear": 2020, "totalPay": 7200000, "exercisedValue": 0, "unexercisedValue": 0}, {"maxAge": 1, "name": "Mr. R. K. Dalmia", "age": 65, "title": "Sr. Pres of Century Textile & Whole-time Director", "yearBorn": 1955, "fiscalYear": 2020, "totalPay": 46797547, "exercisedValue": 0, "unexercisedValue": 0}, {"maxAge": 1, "name": "Mr. Snehal  Shah", "title": "Chief Financial Officer", "fiscalYear": 2019, "exercisedValue": 0, "unexercisedValue": 0}, {"maxAge": 1, "name": "Mr. Anurag  Sharma", "title": "Chief Marketing Officer of Home Textiles - Birla Century", "exercisedValue": 0, "unexercisedValue": 0}, {"maxAge": 1, "name": "Mr. Arun  Gaur B.Sc., MA(SW), DLL", "age": 60, "title": "Chief HR Officer", "yearBorn": 1960, "exercisedValue": 0, "unexercisedValue": 0}, {"maxAge": 1, "name": "Mr. R. C. Panwar", "title": "Joint Pres of Marketing - Birla Century", "exercisedValue": 0, "unexercisedValue": 0}, {"maxAge": 1, "name": "Mr. J. P. Narain", "title": "Chief Exec. Officer of Century Pulp & Paper", "exercisedValue": 0, "unexercisedValue": 0}, {"maxAge": 1, "name": "Mr. Nilay  Rathi", "title": "Sr. VP of Commercial", "exercisedValue": 0, "unexercisedValue": 0}, {"maxAge": 1, "name": "Mr. R. K. Udge", "title": "Exec. Pres of Mines - Manikgarh Cement Units I & II", "exercisedValue": 0, "unexercisedValue": 0}], "compensationAsOfEpochDate": "2020-12-31 05:30:00", "maxAge": 86400}, "cashflowStatementHistory": {"cashflowStatements": [{"maxAge": 1, "endDate": "2020-03-31", "netIncome": 3652500000, "depreciation": 2271900000, "changeToNetincome": -1756900000, "changeToAccountReceivables": 227700000, "changeToLiabilities": -185700000, "changeToInventory": -3896800000, "changeToOperatingActivities": -554700000, "totalCashFromOperatingActivities": -228100000, "capitalExpenditures": -2076500000, "investments": -94600000, "otherCashflowsFromInvestingActivities": 82300000, "totalCashflowsFromInvestingActivities": -2410300000, "dividendsPaid": -837700000, "netBorrowings": 4352200000, "otherCashflowsFromFinancingActivities": 401900000, "totalCashFromFinancingActivities": 3916400000, "changeInCash": 1278000000}, {"maxAge": 1, "endDate": "2019-03-31", "netIncome": 60631600000, "depreciation": 2083400000, "changeToNetincome": -54935400000, "changeToAccountReceivables": -807400000, "changeToLiabilities": 3829100000, "changeToInventory": -1809100000, "changeToOperatingActivities": -3527100000, "totalCashFromOperatingActivities": 5477000000, "capitalExpenditures": -936700000, "investments": -4900000, "otherCashflowsFromInvestingActivities": 109100000, "totalCashflowsFromInvestingActivities": -1228900000, "dividendsPaid": -726000000, "netBorrowings": -3228500000, "otherCashflowsFromFinancingActivities": -2818700000, "totalCashFromFinancingActivities": -6773200000, "changeInCash": -2525100000}, {"maxAge": 1, "endDate": "2018-03-31", "netIncome": 3716600000, "depreciation": 3166900000, "changeToNetincome": 4445700000, "changeToAccountReceivables": 822800000, "changeToLiabilities": 223000000, "changeToInventory": 859500000, "changeToOperatingActivities": 8844100000, "totalCashFromOperatingActivities": 22090500000, "capitalExpenditures": -1702100000, "investments": -1500000, "otherCashflowsFromInvestingActivities": 190900000, "totalCashflowsFromInvestingActivities": -1949100000, "dividendsPaid": -614300000, "netBorrowings": -12681600000, "otherCashflowsFromFinancingActivities": -4655800000, "totalCashFromFinancingActivities": -17951700000, "changeInCash": 2189700000}, {"maxAge": 1, "endDate": "2017-03-31", "netIncome": 1049900000, "depreciation": 3161000000, "changeToNetincome": 4437500000, "changeToAccountReceivables": 211500000, "changeToLiabilities": 1243800000, "changeToInventory": 86400000, "changeToOperatingActivities": -799400000, "totalCashFromOperatingActivities": 9400300000, "capitalExpenditures": -1568500000, "investments": -24600000, "otherCashflowsFromInvestingActivities": 29900000, "totalCashflowsFromInvestingActivities": -2470000000, "dividendsPaid": -614300000, "netBorrowings": 4078700000, "otherCashflowsFromFinancingActivities": -5216100000, "totalCashFromFinancingActivities": -1751700000, "changeInCash": 5178600000}], "maxAge": 86400}, "institutionOwnership": {"maxAge": 1, "ownershipList": []}, "majorHoldersBreakdown": {"maxAge": 1, "insidersPercentHeld": 0.56732, "institutionsPercentHeld": 0.17754, "institutionsFloatPercentHeld": 0.41030997, "institutionsCount": 36}, "balanceSheetHistoryQuarterly": {"balanceSheetStatements": [{"maxAge": 1, "endDate": "2020-12-31", "totalStockholderEquity": 34245200000, "netTangibleAssets": 34162100000}, {"maxAge": 1, "endDate": "2020-09-30", "cash": 1134500000, "shortTermInvestments": 1192000000, "netReceivables": 1627400000, "inventory": 13384000000, "otherCurrentAssets": 1103300000, "totalCurrentAssets": 18441200000, "longTermInvestments": 1384200000, "propertyPlantEquipment": 34929300000, "intangibleAssets": 83100000, "otherAssets": 11748900000, "deferredLongTermAssetCharges": 796600000, "totalAssets": 66586700000, "accountsPayable": 4509100000, "shortLongTermDebt": 2463200000, "otherCurrentLiab": 4513800000, "longTermDebt": 7997500000, "otherLiab": 6838900000, "minorityInterest": 1310100000, "totalCurrentLiabilities": 16034200000, "totalLiab": 31031400000, "commonStock": 1116900000, "treasuryStock": 33128300000, "otherStockholderEquity": 33128300000, "totalStockholderEquity": 34245200000, "netTangibleAssets": 34162100000}, {"maxAge": 1, "endDate": "2020-06-30", "totalStockholderEquity": 34794900000, "netTangibleAssets": 34705700000}, {"maxAge": 1, "endDate": "2020-03-31", "cash": 587000000, "shortTermInvestments": 157900000, "netReceivables": 2145300000, "inventory": 13376800000, "otherCurrentAssets": 1580100000, "totalCurrentAssets": 18040000000, "longTermInvestments": 1066900000, "propertyPlantEquipment": 35266500000, "intangibleAssets": 89200000, "otherAssets": 13012300000, "deferredLongTermAssetCharges": 645600000, "totalAssets": 67474900000, "accountsPayable": 4926100000, "shortLongTermDebt": 7985600000, "otherCurrentLiab": 4676800000, "longTermDebt": 5499200000, "otherLiab": 6890700000, "minorityInterest": 1320900000, "totalCurrentLiabilities": 18814800000, "totalLiab": 31359100000, "commonStock": 1116900000, "retainedEarnings": 24315300000, "treasuryStock": 2930500000, "capitalSurplus": 6432200000, "otherStockholderEquity": 2930500000, "totalStockholderEquity": 34794900000, "netTangibleAssets": 34705700000}], "maxAge": 86400}, "indexTrend": {"maxAge": 1, "symbol": "SP5", "peRatio": 19.7411, "pegRatio": 1.34172, "estimates": [{"period": "0q", "growth": 0.549}, {"period": "+1q", "growth": 0.431}, {"period": "0y", "growth": 0.305}, {"period": "+1y", "growth": 0.109}, {"period": "+5y", "growth": 0.120865}, {"period": "-5y"}]}, "defaultKeyStatistics": {"maxAge": 1, "priceHint": 2, "enterpriseValue": 69154160640, "profitMargins": 0.02299, "floatShares": 50072580, "sharesOutstanding": 111696000, "heldPercentInsiders": 0.56732, "heldPercentInstitutions": 0.17754, "beta": 0.821379, "category": null, "bookValue": 307.795, "priceToBook": 1.5646777, "fundFamily": null, "legalType": null, "lastFiscalYearEnd": "2020-03-31 05:30:00", "nextFiscalYearEnd": "2022-03-31 05:30:00", "mostRecentQuarter": "2020-12-31 05:30:00", "earningsQuarterlyGrowth": -0.105, "netIncomeToCommon": 762899968, "trailingEps": 5.374, "lastSplitFactor": null, "enterpriseToRevenue": 2.646, "enterpriseToEbitda": 29.691, "52WeekChange": 0.7820537, "SandP52WeekChange": 0.48148263, "lastDividendValue": 3.0, "lastDividendDate": 1597363200}, "summaryProfile": {"address1": "Century Bhavan", "address2": "Dr. Annie Besant Road Worli", "city": "Mumbai", "zip": "400030", "country": "India", "phone": "91 22 2495 7000", "fax": "91 22 2430 9491", "website": "http://www.centurytextind.com", "industry": "Paper & Paper Products", "sector": "Basic Materials", "longBusinessSummary": "Century Textiles and Industries Limited manufactures and sells cement, textiles, and pulp and paper products in India. It operates through Textiles, Pulp and Paper, Real Estate, and Others segments. The Textile segment offers yarn, fabric, viscose filament yarn, and tire yarn; and leases viscose filament yarn and tire yarn plant. Its products include shirting, suiting fabrics, finer fabrics, and bed linen. The Pulp and Paper segment offers pulp, writing and printing papers, tissue papers, and multi-layer packaging boards. The Real Estate segment develops commercial and residential projects; and leases properties. The Others segment engages in the salt works and chemicals related businesses. It also exports its products. Century Textiles and Industries Limited was founded in 1897 and is based in Mumbai, India.", "fullTimeEmployees": 4492, "companyOfficers": [], "maxAge": 86400}, "netSharePurchaseActivity": {"maxAge": 1, "period": "6m", "buyInfoCount": 0, "buyInfoShares": 0, "sellInfoCount": 0, "netInfoCount": 0, "netInfoShares": 0, "netPercentInsiderShares": 0.0, "totalInsiderShares": 63472632}, "insiderTransactions": {"transactions": [{"maxAge": 1, "shares": 11950, "filerUrl": "", "transactionText": "", "filerName": "Manav Investment & Trading Company Ltd", "filerRelation": "Promoter", "moneyText": "", "startDate": "2018-09-28", "ownership": "D"}, {"maxAge": 1, "shares": 1456736, "filerUrl": "", "transactionText": "", "filerName": "Cygnet Industries Ltd", "filerRelation": "Promoter", "moneyText": "", "startDate": "2018-06-14", "ownership": "D"}, {"maxAge": 1, "shares": 1289364, "filerUrl": "", "transactionText": "", "filerName": "Cygnet Industries Ltd", "filerRelation": "Promoter", "moneyText": "", "startDate": "2018-06-07", "ownership": "D"}, {"maxAge": 1, "shares": 1289364, "filerUrl": "", "transactionText": "", "filerName": "Pilani Investment & Industries Corporation Ltd", "filerRelation": "Promoter", "moneyText": "", "startDate": "2018-06-07", "ownership": "D"}, {"maxAge": 1, "shares": 961005, "filerUrl": "", "transactionText": "", "filerName": "Cygnet Industries Ltd", "filerRelation": "Promoter", "moneyText": "", "startDate": "2017-12-12", "ownership": "D"}, {"maxAge": 1, "shares": 1785095, "filerUrl": "", "transactionText": "", "filerName": "Cygnet Industries Ltd", "filerRelation": "Promoter", "moneyText": "", "startDate": "2017-12-05", "ownership": "D"}, {"maxAge": 1, "shares": 2746100, "filerUrl": "", "transactionText": "", "filerName": "Kesoram Industries Ltd", "filerRelation": "Promoter", "moneyText": "", "startDate": "2016-03-22", "ownership": "D"}, {"maxAge": 1, "shares": 67900, "filerUrl": "", "transactionText": "", "filerName": "Birla (Basant Kumar)", "filerRelation": "Non Executive Chairman", "moneyText": "", "startDate": "2015-04-29", "ownership": "D"}, {"maxAge": 1, "shares": 5070000, "filerUrl": "", "transactionText": "", "filerName": "IGH Holdings Pvt Ltd", "filerRelation": "Promoter", "moneyText": "", "startDate": "2015-03-31", "ownership": "D"}, {"maxAge": 1, "shares": 3400000, "filerUrl": "", "transactionText": "", "filerName": "Aditya Marketing & Manufacturing Company, Ltd.", "filerRelation": "Promoter", "moneyText": "", "startDate": "2015-03-31", "ownership": "D"}, {"maxAge": 1, "shares": 200000, "filerUrl": "", "transactionText": "", "filerName": "SBI Mutual Fund - Magnum Tax Gain 1993", "filerRelation": "Management Subsidary of bank", "moneyText": "", "startDate": "2011-12-21", "ownership": "D"}, {"maxAge": 1, "shares": 5000, "filerUrl": "", "transactionText": "", "filerName": "Birla (Basant Kumar)", "filerRelation": "Chairman of the Board", "moneyText": "", "startDate": "2009-11-30", "ownership": "D"}], "maxAge": 1}, "quoteType": {"exchange": "NSI", "quoteType": "EQUITY", "symbol": "CENTURYTEX.NS", "underlyingSymbol": "CENTURYTEX.NS", "shortName": "CENTURY TEXT & IND", "longName": "Century Textiles and Industries Limited", "firstTradeDateEpochUtc": "1996-01-01 09:15:00", "timeZoneFullName": "Asia/Kolkata", "timeZoneShortName": "IST", "uuid": "10ccc9bf-5e63-3097-8e86-87692d82d8c2", "messageBoardId": "finmb_878410", "gmtOffSetMilliseconds": 19800000, "maxAge": 1}, "incomeStatementHistory": {"incomeStatementHistory": [{"maxAge": 1, "endDate": "2020-03-31", "totalRevenue": 34277700000, "costOfRevenue": 17683000000, "grossProfit": 16594700000, "researchDevelopment": {}, "sellingGeneralAdministrative": 3347100000, "nonRecurring": {}, "otherOperatingExpenses": 7555600000, "totalOperatingExpenses": 30871500000, "operatingIncome": 3406200000, "totalOtherIncomeExpenseNet": -562300000, "ebit": 3406200000, "interestExpense": -773800000, "incomeBeforeTax": 2843900000, "incomeTaxExpense": -936900000, "minorityInterest": 1320900000, "netIncomeFromContinuingOps": 3780800000, "discontinuedOperations": -176500000, "extraordinaryItems": {}, "effectOfAccountingCharges": {}, "otherItems": {}, "netIncome": 3652500000, "netIncomeApplicableToCommonShares": 3652500000}, {"maxAge": 1, "endDate": "2019-03-31", "totalRevenue": 39536700000, "costOfRevenue": 18657500000, "grossProfit": 20879200000, "researchDevelopment": {}, "sellingGeneralAdministrative": 2886100000, "nonRecurring": {}, "otherOperatingExpenses": 8378200000, "totalOperatingExpenses": 31851800000, "operatingIncome": 7684900000, "totalOtherIncomeExpenseNet": -21100000, "ebit": 7684900000, "interestExpense": -922500000, "incomeBeforeTax": 7663800000, "incomeTaxExpense": 2669100000, "minorityInterest": 1320900000, "netIncomeFromContinuingOps": 4994700000, "discontinuedOperations": 55636900000, "extraordinaryItems": {}, "effectOfAccountingCharges": {}, "otherItems": {}, "netIncome": 60631600000, "netIncomeApplicableToCommonShares": 60631600000}, {"maxAge": 1, "endDate": "2018-03-31", "totalRevenue": 38977900000, "costOfRevenue": 16736500000, "grossProfit": 22241400000, "researchDevelopment": {}, "sellingGeneralAdministrative": 4173900000, "nonRecurring": {}, "otherOperatingExpenses": 10012700000, "totalOperatingExpenses": 32916200000, "operatingIncome": 6061700000, "totalOtherIncomeExpenseNet": -1661100000, "ebit": 6061700000, "interestExpense": -2076300000, "incomeBeforeTax": 4400600000, "incomeTaxExpense": 1605600000, "minorityInterest": 1320900000, "netIncomeFromContinuingOps": 2795000000, "discontinuedOperations": 921600000, "extraordinaryItems": {}, "effectOfAccountingCharges": {}, "otherItems": {}, "netIncome": 3716600000, "netIncomeApplicableToCommonShares": 3716600000}, {"maxAge": 1, "endDate": "2017-03-31", "totalRevenue": 76447500000, "costOfRevenue": 25066600000, "grossProfit": 51380900000, "researchDevelopment": {}, "sellingGeneralAdministrative": 7049200000, "nonRecurring": {}, "otherOperatingExpenses": 35028600000, "totalOperatingExpenses": 70277800000, "operatingIncome": 6169700000, "totalOtherIncomeExpenseNet": -4763700000, "ebit": 6169700000, "interestExpense": -5476300000, "incomeBeforeTax": 1406000000, "incomeTaxExpense": 167100000, "minorityInterest": 1320900000, "netIncomeFromContinuingOps": 1238900000, "discontinuedOperations": -189000000, "extraordinaryItems": {}, "effectOfAccountingCharges": {}, "otherItems": {}, "netIncome": 1049900000, "netIncomeApplicableToCommonShares": 1049900000}], "maxAge": 86400}, "fundOwnership": {"maxAge": 1, "ownershipList": [{"maxAge": 1, "reportDate": "2021-01-31", "organization": "Vanguard International Stock Index-Total Intl Stock Indx", "pctHeld": 0.0037, "position": 414868, "value": 173788205}, {"maxAge": 1, "reportDate": "2021-01-31", "organization": "Vanguard International Stock Index-Emerging Markets Stk", "pctHeld": 0.0033000002, "position": 371197, "value": 155494423}, {"maxAge": 1, "reportDate": "2021-01-31", "organization": "DFA Emerging Markets Core Equity Portfolio", "pctHeld": 0.0022, "position": 247353, "value": 103616171}, {"maxAge": 1, "reportDate": "2021-03-31", "organization": "iShares Core MSCI Total International Stock ETF", "pctHeld": 0.0011999999, "position": 134215, "value": 62416685}, {"maxAge": 1, "reportDate": "2021-01-31", "organization": "DFA Emerging Markets Small Cap Series", "pctHeld": 0.0011999999, "position": 129847, "value": 54392908}, {"maxAge": 1, "reportDate": "2021-02-28", "organization": "WisdomTree Tr-WisdomTree India Earnings Fd", "pctHeld": 0.001, "position": 109791, "value": 52853387}, {"maxAge": 1, "reportDate": "2021-01-31", "organization": "Vanguard Intl Equity Index Fds-FTSE All World ex U.S.Small Cap Index", "pctHeld": 0.00090000004, "position": 95016, "value": 39802202}, {"maxAge": 1, "reportDate": "2021-03-31", "organization": "iShares MSCI India Small Cap ETF", "pctHeld": 0.0007, "position": 83671, "value": 38911198}, {"maxAge": 1, "reportDate": "2020-12-31", "organization": "Parametric Tax-Managed Emerging Markets Fund", "pctHeld": 0.0004, "position": 50000, "value": 20545000}, {"maxAge": 1, "reportDate": "2020-12-31", "organization": "College Retirement Equities Fund-Stock Account", "pctHeld": 0.00029999999, "position": 31432, "value": 12915408}]}, "summaryDetail": {"maxAge": 1, "priceHint": 2, "previousClose": 491.6, "open": 485.0, "dayLow": 473.8, "dayHigh": 498.0, "regularMarketPreviousClose": 491.6, "regularMarketOpen": 485.0, "regularMarketDayLow": 473.8, "regularMarketDayHigh": 498.0, "dividendRate": 3.0, "dividendYield": 0.0061000003, "exDividendDate": "2020-08-14 05:30:00", "payoutRatio": 0.43919998, "fiveYearAvgDividendYield": 0.89, "beta": 0.821379, "trailingPE": 89.61668, "volume": 440518, "regularMarketVolume": 440518, "averageVolume": 698660, "averageVolume10days": 550136, "averageDailyVolume10Day": 550136, "bid": 0.0, "ask": 0.0, "bidSize": 0, "askSize": 0, "marketCap": 53573664768, "fiftyTwoWeekLow": 254.1, "fiftyTwoWeekHigh": 549.75, "priceToSalesTrailing12Months": 2.0498426, "fiftyDayAverage": 469.50555, "twoHundredDayAverage": 414.06482, "trailingAnnualDividendRate": 3.0, "trailingAnnualDividendYield": 0.0061025224, "currency": "INR", "fromCurrency": null, "toCurrency": null, "lastMarket": null, "algorithm": null, "tradeable": false}, "incomeStatementHistoryQuarterly": {"incomeStatementHistory": [{"maxAge": 1, "endDate": "2020-12-31", "totalRevenue": 7575200000, "costOfRevenue": 5506600000, "grossProfit": 2068600000, "researchDevelopment": {}, "sellingGeneralAdministrative": 854800000, "nonRecurring": {}, "otherOperatingExpenses": 463400000, "totalOperatingExpenses": 7406500000, "operatingIncome": 168700000, "totalOtherIncomeExpenseNet": 172500000, "ebit": 168700000, "interestExpense": -162100000, "incomeBeforeTax": 341200000, "incomeTaxExpense": -24100000, "minorityInterest": {}, "netIncomeFromContinuingOps": 365300000, "discontinuedOperations": -51200000, "extraordinaryItems": {}, "effectOfAccountingCharges": {}, "otherItems": {}, "netIncome": 321100000, "netIncomeApplicableToCommonShares": 321100000}, {"maxAge": 1, "endDate": "2020-09-30", "totalRevenue": 5957700000, "costOfRevenue": 4299800000, "grossProfit": 1657900000, "researchDevelopment": {}, "sellingGeneralAdministrative": 789800000, "nonRecurring": {}, "otherOperatingExpenses": 336100000, "totalOperatingExpenses": 6002600000, "operatingIncome": -44900000, "totalOtherIncomeExpenseNet": -42000000, "ebit": -44900000, "interestExpense": -172500000, "incomeBeforeTax": -86900000, "incomeTaxExpense": 16600000, "minorityInterest": 1310100000, "netIncomeFromContinuingOps": -103500000, "discontinuedOperations": -44300000, "extraordinaryItems": {}, "effectOfAccountingCharges": {}, "otherItems": {}, "netIncome": -141300000, "netIncomeApplicableToCommonShares": -141300000}, {"maxAge": 1, "endDate": "2020-06-30", "totalRevenue": 3933900000, "costOfRevenue": 2580400000, "grossProfit": 1353500000, "researchDevelopment": {}, "sellingGeneralAdministrative": 623200000, "nonRecurring": {}, "otherOperatingExpenses": 388700000, "totalOperatingExpenses": 4159300000, "operatingIncome": -225400000, "totalOtherIncomeExpenseNet": -123400000, "ebit": -225400000, "interestExpense": -256500000, "incomeBeforeTax": -348800000, "incomeTaxExpense": -120700000, "minorityInterest": 1310100000, "netIncomeFromContinuingOps": -228100000, "discontinuedOperations": -40700000, "extraordinaryItems": {}, "effectOfAccountingCharges": {}, "otherItems": {}, "netIncome": -268800000, "netIncomeApplicableToCommonShares": -268800000}, {"maxAge": 1, "endDate": "2020-03-31", "totalRevenue": 8664000000, "costOfRevenue": 587600000, "grossProfit": 8076400000, "researchDevelopment": {}, "sellingGeneralAdministrative": 760400000, "nonRecurring": {}, "otherOperatingExpenses": 6527600000, "totalOperatingExpenses": 8457000000, "operatingIncome": 207000000, "totalOtherIncomeExpenseNet": -145100000, "ebit": 207000000, "interestExpense": -154500000, "incomeBeforeTax": 61900000, "incomeTaxExpense": -736900000, "minorityInterest": 1320900000, "netIncomeFromContinuingOps": 798800000, "discontinuedOperations": -25900000, "extraordinaryItems": {}, "effectOfAccountingCharges": {}, "otherItems": {}, "netIncome": 821100000, "netIncomeApplicableToCommonShares": 821100000}], "maxAge": 86400}, "cashflowStatementHistoryQuarterly": {"cashflowStatements": [{"maxAge": 1, "endDate": "2020-12-31", "netIncome": 321100000, "changeToLiabilities": 0}, {"maxAge": 1, "endDate": "2020-09-30", "netIncome": -141300000, "changeToLiabilities": 0}, {"maxAge": 1, "endDate": "2020-06-30", "netIncome": -268800000, "changeToLiabilities": 0}, {"maxAge": 1, "endDate": "2020-03-31", "netIncome": 821100000, "changeToLiabilities": 0}], "maxAge": 86400}, "insiderHolders": {"holders": [{"maxAge": 1, "name": "Aditya Marketing & Manufacturing Company, Ltd.", "relation": "Promoter", "url": "", "transactionDescription": "Exercise", "latestTransDate": "2015-03-31", "positionDirect": 3460900, "positionDirectDate": "2015-03-31"}, {"maxAge": 1, "name": "Birla (Basant Kumar)", "relation": "Non Executive Chairman", "url": "", "transactionDescription": "Other", "latestTransDate": "2015-04-29", "positionDirect": 199800, "positionDirectDate": "2015-04-29"}, {"maxAge": 1, "name": "Cygnet Industries Ltd", "relation": "Promoter", "url": "", "transactionDescription": "Sale", "latestTransDate": "2018-06-14", "positionDirectDate": "2018-06-14"}, {"maxAge": 1, "name": "IGH Holdings Pvt Ltd", "relation": "Promoter", "url": "", "transactionDescription": "Exercise", "latestTransDate": "2015-03-31", "positionDirect": 5070000, "positionDirectDate": "2015-03-31"}, {"maxAge": 1, "name": "Kesoram Industries Ltd", "relation": "Promoter", "url": "", "transactionDescription": "Sale", "latestTransDate": "2016-03-22", "positionDirect": 0, "positionDirectDate": "2016-03-22"}, {"maxAge": 1, "name": "Manav Investment & Trading Company Ltd", "relation": "Promoter", "url": "", "transactionDescription": "Sale", "latestTransDate": "2018-09-28", "positionDirectDate": "2018-09-28"}, {"maxAge": 1, "name": "Pilani Investment & Industries Corporation Ltd", "relation": "Promoter", "url": "", "transactionDescription": "Other", "latestTransDate": "2018-06-07", "positionDirect": 35509884, "positionDirectDate": "2018-06-07"}, {"maxAge": 1, "name": "SBI Mutual Fund - Magnum Tax Gain 1993", "relation": "Management Subsidary of bank", "url": "", "transactionDescription": "Acquisition", "latestTransDate": "2011-12-21", "positionDirect": 2723517, "positionDirectDate": "2011-12-21"}], "maxAge": 1}, "calendarEvents": {"maxAge": 1, "earnings": {"earningsDate": []}, "exDividendDate": "2020-08-14 05:30:00"}, "price": {"maxAge": 1, "regularMarketChangePercent": -0.020341743, "regularMarketChange": -10.0, "regularMarketTime": "2021-04-30 15:29:59", "priceHint": 2, "regularMarketPrice": 481.6, "regularMarketDayHigh": 498.0, "regularMarketDayLow": 473.8, "regularMarketVolume": 440518, "averageDailyVolume10Day": 550136, "averageDailyVolume3Month": 698660, "regularMarketPreviousClose": 491.6, "regularMarketSource": "FREE_REALTIME", "regularMarketOpen": 485.0, "exchange": "NSI", "exchangeName": "NSE", "exchangeDataDelayedBy": 15, "marketState": "CLOSED", "quoteType": "EQUITY", "symbol": "CENTURYTEX.NS", "underlyingSymbol": null, "shortName": "CENTURY TEXT & IND", "longName": "Century Textiles and Industries Limited", "currency": "INR", "quoteSourceName": "Delayed Quote", "currencySymbol": "\u20b9", "fromCurrency": null, "toCurrency": null, "lastMarket": null, "marketCap": 53573664768}, "balanceSheetHistory": {"balanceSheetStatements": [{"maxAge": 1, "endDate": "2020-03-31", "cash": 587000000, "shortTermInvestments": 157900000, "netReceivables": 2145300000, "inventory": 13376800000, "otherCurrentAssets": 1580100000, "totalCurrentAssets": 18040000000, "longTermInvestments": 1066900000, "propertyPlantEquipment": 35266500000, "intangibleAssets": 89200000, "otherAssets": 13012300000, "deferredLongTermAssetCharges": 645600000, "totalAssets": 67474900000, "accountsPayable": 4926100000, "shortLongTermDebt": 7985600000, "otherCurrentLiab": 4676800000, "longTermDebt": 5499200000, "otherLiab": 6890700000, "minorityInterest": 1320900000, "totalCurrentLiabilities": 18814800000, "totalLiab": 31359100000, "commonStock": 1116900000, "retainedEarnings": 24315300000, "treasuryStock": 2930500000, "capitalSurplus": 6432200000, "otherStockholderEquity": 2930500000, "totalStockholderEquity": 34794900000, "netTangibleAssets": 34705700000}, {"maxAge": 1, "endDate": "2019-03-31", "cash": 212500000, "shortTermInvestments": 53800000, "netReceivables": 2341800000, "inventory": 6990000000, "otherCurrentAssets": 1437500000, "totalCurrentAssets": 11108500000, "longTermInvestments": 1828400000, "propertyPlantEquipment": 35399300000, "intangibleAssets": 25800000, "otherAssets": 13386100000, "totalAssets": 61748100000, "accountsPayable": 5193500000, "shortLongTermDebt": 1059300000, "otherCurrentLiab": 3873800000, "longTermDebt": 7015800000, "otherLiab": 8728900000, "totalCurrentLiabilities": 12940500000, "totalLiab": 28807200000, "commonStock": 1116900000, "retainedEarnings": 21712700000, "treasuryStock": 3679100000, "capitalSurplus": 6432200000, "otherStockholderEquity": 3679100000, "totalStockholderEquity": 32940900000, "netTangibleAssets": 32915100000}, {"maxAge": 1, "endDate": "2018-03-31", "cash": 1893600000, "shortTermInvestments": 253300000, "netReceivables": 5837300000, "inventory": 11785500000, "otherCurrentAssets": 3815400000, "totalCurrentAssets": 23585100000, "longTermInvestments": 2233600000, "propertyPlantEquipment": 61496600000, "intangibleAssets": 48100000, "otherAssets": 15949900000, "totalAssets": 103313300000, "accountsPayable": 6818000000, "shortLongTermDebt": 5142900000, "otherCurrentLiab": 10474900000, "longTermDebt": 23802100000, "otherLiab": 11351500000, "totalCurrentLiabilities": 40558700000, "totalLiab": 75834400000, "commonStock": 1116900000, "retainedEarnings": 16432800000, "treasuryStock": 3497000000, "capitalSurplus": 6432200000, "otherStockholderEquity": 3497000000, "totalStockholderEquity": 27478900000, "netTangibleAssets": 27430800000}, {"maxAge": 1, "endDate": "2017-03-31", "cash": 392400000, "shortTermInvestments": 49800000, "netReceivables": 6477900000, "inventory": 12645000000, "otherCurrentAssets": 2979200000, "totalCurrentAssets": 22544300000, "longTermInvestments": 2604400000, "propertyPlantEquipment": 62363600000, "intangibleAssets": 28500000, "otherAssets": 15822400000, "totalAssets": 103363200000, "accountsPayable": 7058200000, "shortLongTermDebt": 9862900000, "otherCurrentLiab": 8507800000, "longTermDebt": 31259500000, "otherLiab": 2813800000, "totalCurrentLiabilities": 44471300000, "totalLiab": 78544600000, "commonStock": 1116900000, "retainedEarnings": 14027200000, "treasuryStock": 3242300000, "capitalSurplus": 6432200000, "otherStockholderEquity": 3242300000, "totalStockholderEquity": 24818600000, "netTangibleAssets": 24790100000}], "maxAge": 86400}, "financialData": {"maxAge": 86400, "currentPrice": 481.6, "recommendationKey": "none", "totalCash": 2326500096, "totalCashPerShare": 20.794, "ebitda": 2329100032, "totalDebt": 15169599488, "totalRevenue": 26135500800, "debtToEquity": 42.665, "revenuePerShare": 233.776, "grossProfits": 16594700000, "earningsGrowth": -0.109, "revenueGrowth": -0.113, "grossMargins": 0.50342, "ebitdaMargins": 0.08912, "operatingMargins": -0.0014200001, "profitMargins": 0.02299, "financialCurrency": "INR"}}}