{"CENTENKA.BO": {"recommendationTrend": {"trend": [{"period": "0m", "strongBuy": 0, "buy": 0, "hold": 0, "sell": 0, "strongSell": 0}, {"period": "-1m", "strongBuy": 0, "buy": 0, "hold": 0, "sell": 0, "strongSell": 0}, {"period": "-2m", "strongBuy": 0, "buy": 0, "hold": 0, "sell": 0, "strongSell": 0}, {"period": "-3m", "strongBuy": 0, "buy": 0, "hold": 0, "sell": 0, "strongSell": 0}], "maxAge": 86400}, "cashflowStatementHistory": {"cashflowStatements": [{"maxAge": 1, "endDate": "2020-03-31", "netIncome": 955300000, "depreciation": 442600000, "changeToNetincome": -419500000, "changeToAccountReceivables": 509000000, "changeToLiabilities": 119100000, "changeToInventory": -153200000, "changeToOperatingActivities": -49600000, "totalCashFromOperatingActivities": 1416100000, "capitalExpenditures": -282300000, "investments": -865100000, "otherCashflowsFromInvestingActivities": 5900000, "totalCashflowsFromInvestingActivities": -1044500000, "dividendsPaid": -153000000, "netBorrowings": -157200000, "otherCashflowsFromFinancingActivities": -67400000, "totalCashFromFinancingActivities": -377600000, "changeInCash": -6000000}, {"maxAge": 1, "endDate": "2019-03-31", "netIncome": 765800000, "depreciation": 438700000, "changeToNetincome": -86700000, "changeToAccountReceivables": 21300000, "changeToLiabilities": 238100000, "changeToInventory": 16700000, "changeToOperatingActivities": -181000000, "totalCashFromOperatingActivities": 1224600000, "capitalExpenditures": -394100000, "investments": -774600000, "otherCashflowsFromInvestingActivities": 50000000, "totalCashflowsFromInvestingActivities": -1101900000, "dividendsPaid": -153000000, "netBorrowings": -86000000, "otherCashflowsFromFinancingActivities": -67000000, "totalCashFromFinancingActivities": -306000000, "changeInCash": -183300000}, {"maxAge": 1, "endDate": "2018-03-31", "netIncome": 700900000, "depreciation": 415800000, "changeToNetincome": -280600000, "changeToAccountReceivables": -183100000, "changeToLiabilities": 30000000, "changeToInventory": 120500000, "changeToOperatingActivities": -245800000, "totalCashFromOperatingActivities": 561300000, "capitalExpenditures": -513000000, "investments": 128600000, "otherCashflowsFromInvestingActivities": 1900000, "totalCashflowsFromInvestingActivities": -82700000, "dividendsPaid": -153000000, "netBorrowings": -55900000, "otherCashflowsFromFinancingActivities": -66100000, "totalCashFromFinancingActivities": -275000000, "changeInCash": 203600000}, {"maxAge": 1, "endDate": "2017-03-31", "netIncome": 909700000, "depreciation": 423700000, "changeToNetincome": 58300000, "changeToAccountReceivables": -330200000, "changeToLiabilities": 423700000, "changeToInventory": -841700000, "changeToOperatingActivities": -38200000, "totalCashFromOperatingActivities": 605300000, "capitalExpenditures": -230900000, "investments": -48200000, "otherCashflowsFromInvestingActivities": 70300000, "totalCashflowsFromInvestingActivities": -198400000, "dividendsPaid": -131120000, "netBorrowings": -171700000, "otherCashflowsFromFinancingActivities": -91300000, "totalCashFromFinancingActivities": -426900000, "changeInCash": -20000000}], "maxAge": 86400}, "institutionOwnership": {"maxAge": 1, "ownershipList": []}, "balanceSheetHistoryQuarterly": {"balanceSheetStatements": [{"maxAge": 1, "endDate": "2020-06-30", "totalStockholderEquity": 10247400000, "netTangibleAssets": 10203300000}, {"maxAge": 1, "endDate": "2020-03-31", "cash": 41800000, "shortTermInvestments": 2609800000, "netReceivables": 1939800000, "inventory": 2324100000, "otherCurrentAssets": 121800000, "totalCurrentAssets": 7047000000, "longTermInvestments": 34700000, "propertyPlantEquipment": 5263200000, "intangibleAssets": 44100000, "otherAssets": 249700000, "totalAssets": 12638700000, "accountsPayable": 1040500000, "shortLongTermDebt": 72800000, "otherCurrentLiab": 83500000, "longTermDebt": 97400000, "otherLiab": 979400000, "totalCurrentLiabilities": 1265000000, "totalLiab": 2391300000, "commonStock": 218500000, "retainedEarnings": 9736600000, "treasuryStock": -30200000, "capitalSurplus": 322500000, "otherStockholderEquity": -30200000, "totalStockholderEquity": 10247400000, "netTangibleAssets": 10203300000}, {"maxAge": 1, "endDate": "2019-12-31", "totalStockholderEquity": 9978700000, "netTangibleAssets": 9929900000}, {"maxAge": 1, "endDate": "2019-09-30", "cash": 30000000, "shortTermInvestments": 2083100000, "netReceivables": 1420700000, "inventory": 2472000000, "otherCurrentAssets": 485800000, "totalCurrentAssets": 6491600000, "longTermInvestments": 98500000, "propertyPlantEquipment": 5311600000, "intangibleAssets": 48800000, "otherAssets": 94800000, "totalAssets": 12045300000, "accountsPayable": 669600000, "shortLongTermDebt": 169300000, "otherCurrentLiab": 107500000, "longTermDebt": 84500000, "otherLiab": 958200000, "totalCurrentLiabilities": 972200000, "totalLiab": 2066600000, "commonStock": 218500000, "treasuryStock": 9760200000, "otherStockholderEquity": 9760200000, "totalStockholderEquity": 9978700000, "netTangibleAssets": 9929900000}], "maxAge": 86400}, "earningsHistory": {"history": [{"maxAge": 1, "epsActual": {}, "epsEstimate": {}, "epsDifference": {}, "surprisePercent": {}, "quarter": {}, "period": "-4q"}, {"maxAge": 1, "epsActual": {}, "epsEstimate": {}, "epsDifference": {}, "surprisePercent": {}, "quarter": {}, "period": "-3q"}, {"maxAge": 1, "epsActual": {}, "epsEstimate": {}, "epsDifference": {}, "surprisePercent": {}, "quarter": {}, "period": "-2q"}, {"maxAge": 1, "epsActual": {}, "epsEstimate": {}, "epsDifference": {}, "surprisePercent": {}, "quarter": {}, "period": "-1q"}], "maxAge": 86400}, "indexTrend": {"maxAge": 1, "symbol": "SP5", "peRatio": 19.7411, "pegRatio": 1.34172, "estimates": [{"period": "0q", "growth": 0.549}, {"period": "+1q", "growth": 0.431}, {"period": "0y", "growth": 0.305}, {"period": "+1y", "growth": 0.109}, {"period": "+5y", "growth": 0.120865}, {"period": "-5y"}]}, "industryTrend": {"maxAge": 1, "symbol": null, "estimates": []}, "insiderTransactions": {"transactions": [{"maxAge": 1, "shares": 10600, "filerUrl": "", "transactionText": "", "filerName": "Jayshree Investment & Finance Ltd", "filerRelation": "Promoter", "moneyText": "", "startDate": "2019-11-25", "ownership": "D"}, {"maxAge": 1, "shares": 45490, "filerUrl": "", "transactionText": "", "filerName": "Jayshree Investment & Finance Ltd", "filerRelation": "Promoter", "moneyText": "", "startDate": "2019-11-25", "ownership": "D"}, {"maxAge": 1, "shares": 2902, "filerUrl": "", "transactionText": "", "filerName": "Jayshree Investment & Finance Ltd", "filerRelation": "Promoter", "moneyText": "", "startDate": "2019-11-22", "ownership": "D"}, {"maxAge": 1, "shares": 40259, "filerUrl": "", "transactionText": "", "filerName": "Jayshree Investment & Finance Ltd", "filerRelation": "Promoter", "moneyText": "", "startDate": "2019-11-22", "ownership": "D"}, {"maxAge": 1, "shares": 40075, "filerUrl": "", "transactionText": "", "filerName": "Jayshree Investment & Finance Ltd", "filerRelation": "Promoter", "moneyText": "", "startDate": "2019-11-21", "ownership": "D"}, {"maxAge": 1, "shares": 40075, "filerUrl": "", "transactionText": "", "filerName": "Jayshree Investment & Finance Ltd", "filerRelation": "Promoter", "moneyText": "", "startDate": "2019-11-21", "ownership": "D"}], "maxAge": 1}, "quoteType": {"exchange": "BSE", "quoteType": "EQUITY", "symbol": "CENTENKA.BO", "underlyingSymbol": "CENTENKA.BO", "shortName": "CENTURY ENKA LTD.", "longName": "Century Enka Limited", "firstTradeDateEpochUtc": "2000-01-03 09:15:00", "timeZoneFullName": "Asia/Kolkata", "timeZoneShortName": "IST", "uuid": "bf7fa3d5-3e66-36a6-b1fa-505a153bed27", "messageBoardId": null, "gmtOffSetMilliseconds": 19800000, "maxAge": 1}, "incomeStatementHistory": {"incomeStatementHistory": [{"maxAge": 1, "endDate": "2020-03-31", "totalRevenue": 14234800000, "costOfRevenue": 10945600000, "grossProfit": 3289200000, "researchDevelopment": {}, "sellingGeneralAdministrative": 1008700000, "nonRecurring": {}, "otherOperatingExpenses": 1348400000, "totalOperatingExpenses": 13757700000, "operatingIncome": 477100000, "totalOtherIncomeExpenseNet": 387400000, "ebit": 477100000, "interestExpense": -33000000, "incomeBeforeTax": 864500000, "incomeTaxExpense": -90800000, "minorityInterest": {}, "netIncomeFromContinuingOps": 955300000, "discontinuedOperations": {}, "extraordinaryItems": {}, "effectOfAccountingCharges": {}, "otherItems": {}, "netIncome": 955300000, "netIncomeApplicableToCommonShares": 955300000}, {"maxAge": 1, "endDate": "2019-03-31", "totalRevenue": 17913800000, "costOfRevenue": 14095000000, "grossProfit": 3818800000, "researchDevelopment": {}, "sellingGeneralAdministrative": 958700000, "nonRecurring": {}, "otherOperatingExpenses": 1355500000, "totalOperatingExpenses": 16859100000, "operatingIncome": 1054700000, "totalOtherIncomeExpenseNet": 136300000, "ebit": 1054700000, "interestExpense": -31800000, "incomeBeforeTax": 1191000000, "incomeTaxExpense": 425200000, "minorityInterest": {}, "netIncomeFromContinuingOps": 765800000, "discontinuedOperations": {}, "extraordinaryItems": {}, "effectOfAccountingCharges": {}, "otherItems": {}, "netIncome": 765800000, "netIncomeApplicableToCommonShares": 765800000}, {"maxAge": 1, "endDate": "2018-03-31", "totalRevenue": 14164800000, "costOfRevenue": 10826300000, "grossProfit": 3338500000, "researchDevelopment": {}, "sellingGeneralAdministrative": 894500000, "nonRecurring": {}, "otherOperatingExpenses": 1299200000, "totalOperatingExpenses": 13439000000, "operatingIncome": 725800000, "totalOtherIncomeExpenseNet": 364500000, "ebit": 725800000, "interestExpense": -34000000, "incomeBeforeTax": 1090300000, "incomeTaxExpense": 389400000, "minorityInterest": {}, "netIncomeFromContinuingOps": 700900000, "discontinuedOperations": {}, "extraordinaryItems": {}, "effectOfAccountingCharges": {}, "otherItems": {}, "netIncome": 700900000, "netIncomeApplicableToCommonShares": 700900000}, {"maxAge": 1, "endDate": "2017-03-31", "totalRevenue": 11853100000, "costOfRevenue": 8422800000, "grossProfit": 3430300000, "researchDevelopment": {}, "sellingGeneralAdministrative": 785900000, "nonRecurring": {}, "otherOperatingExpenses": 777800000, "totalOperatingExpenses": 10409800000, "operatingIncome": 1443300000, "totalOtherIncomeExpenseNet": -45400000, "ebit": 1443300000, "interestExpense": -56200000, "incomeBeforeTax": 1397900000, "incomeTaxExpense": 488200000, "minorityInterest": {}, "netIncomeFromContinuingOps": 909700000, "discontinuedOperations": {}, "extraordinaryItems": {}, "effectOfAccountingCharges": {}, "otherItems": {}, "netIncome": 909700000, "netIncomeApplicableToCommonShares": 909700000}], "maxAge": 86400}, "fundOwnership": {"maxAge": 1, "ownershipList": []}, "summaryDetail": {"maxAge": 1, "priceHint": 2, "previousClose": 255.75, "open": 252.95, "dayLow": 248.0, "dayHigh": 258.7, "regularMarketPreviousClose": 255.75, "regularMarketOpen": 252.95, "regularMarketDayLow": 248.0, "regularMarketDayHigh": 258.7, "trailingPE": 10.545941, "forwardPE": 4.0472746, "volume": 4747, "regularMarketVolume": 4747, "averageVolume": 13212, "averageVolume10days": 11303, "averageDailyVolume10Day": 11303, "bid": 250.0, "ask": 253.0, "bidSize": 0, "askSize": 0, "marketCap": 5499795968, "fiftyTwoWeekLow": 100.0, "fiftyTwoWeekHigh": 272.4, "fiftyDayAverage": 233.56857, "twoHundredDayAverage": 195.0938, "trailingAnnualDividendRate": 8.0, "trailingAnnualDividendYield": 0.031280547, "currency": "INR", "fromCurrency": null, "toCurrency": null, "lastMarket": null, "algorithm": null, "tradeable": false}, "sectorTrend": {"maxAge": 1, "symbol": null, "estimates": []}, "incomeStatementHistoryQuarterly": {"incomeStatementHistory": [{"maxAge": 1, "endDate": "2020-06-30", "totalRevenue": 1024200000, "costOfRevenue": 949200000, "grossProfit": 75000000, "researchDevelopment": {}, "sellingGeneralAdministrative": 219900000, "nonRecurring": {}, "otherOperatingExpenses": 164700000, "totalOperatingExpenses": 1436000000, "operatingIncome": -411800000, "totalOtherIncomeExpenseNet": 71500000, "ebit": -411800000, "interestExpense": -3800000, "incomeBeforeTax": -340300000, "incomeTaxExpense": -91300000, "minorityInterest": {}, "netIncomeFromContinuingOps": -249000000, "discontinuedOperations": {}, "extraordinaryItems": {}, "effectOfAccountingCharges": {}, "otherItems": {}, "netIncome": -249000000, "netIncomeApplicableToCommonShares": -249000000}, {"maxAge": 1, "endDate": "2020-03-31", "totalRevenue": 3442700000, "costOfRevenue": 2720100000, "grossProfit": 722600000, "researchDevelopment": {}, "sellingGeneralAdministrative": 276500000, "nonRecurring": {}, "otherOperatingExpenses": 193800000, "totalOperatingExpenses": 3301000000, "operatingIncome": 141700000, "totalOtherIncomeExpenseNet": 141200000, "ebit": 141700000, "interestExpense": -12600000, "incomeBeforeTax": 282900000, "incomeTaxExpense": 64100000, "minorityInterest": {}, "netIncomeFromContinuingOps": 218800000, "discontinuedOperations": {}, "extraordinaryItems": {}, "effectOfAccountingCharges": {}, "otherItems": {}, "netIncome": 218800000, "netIncomeApplicableToCommonShares": 218800000}, {"maxAge": 1, "endDate": "2019-12-31", "totalRevenue": 3695600000, "costOfRevenue": 2889200000, "grossProfit": 806400000, "researchDevelopment": {}, "sellingGeneralAdministrative": 247100000, "nonRecurring": {}, "otherOperatingExpenses": 369300000, "totalOperatingExpenses": 3618300000, "operatingIncome": 77300000, "totalOtherIncomeExpenseNet": 61700000, "ebit": 77300000, "interestExpense": -6200000, "incomeBeforeTax": 139000000, "incomeTaxExpense": 47300000, "minorityInterest": {}, "netIncomeFromContinuingOps": 91700000, "discontinuedOperations": {}, "extraordinaryItems": {}, "effectOfAccountingCharges": {}, "otherItems": {}, "netIncome": 91700000, "netIncomeApplicableToCommonShares": 91700000}, {"maxAge": 1, "endDate": "2019-09-30", "totalRevenue": 3344100000, "costOfRevenue": 2539100000, "grossProfit": 805000000, "researchDevelopment": {}, "sellingGeneralAdministrative": 246100000, "nonRecurring": {}, "otherOperatingExpenses": 432300000, "totalOperatingExpenses": 3332100000, "operatingIncome": 12000000, "totalOtherIncomeExpenseNet": 140500000, "ebit": 12000000, "interestExpense": -6800000, "incomeBeforeTax": 152500000, "incomeTaxExpense": -307500000, "minorityInterest": {}, "netIncomeFromContinuingOps": 460000000, "discontinuedOperations": {}, "extraordinaryItems": {}, "effectOfAccountingCharges": {}, "otherItems": {}, "netIncome": 460000000, "netIncomeApplicableToCommonShares": 460000000}], "maxAge": 86400}, "cashflowStatementHistoryQuarterly": {"cashflowStatements": [{"maxAge": 1, "endDate": "2020-06-30", "netIncome": -249000000, "changeToLiabilities": 0}, {"maxAge": 1, "endDate": "2020-03-31", "netIncome": 218800000, "changeToLiabilities": 0}, {"maxAge": 1, "endDate": "2019-12-31", "netIncome": 91700000, "changeToLiabilities": 0}, {"maxAge": 1, "endDate": "2019-09-30", "netIncome": 460000000, "changeToLiabilities": 0}], "maxAge": 86400}, "insiderHolders": {"holders": [{"maxAge": 1, "name": "Jayshree Investment & Finance Ltd", "relation": "Promoter", "url": "", "transactionDescription": "Sale", "latestTransDate": "2019-11-25", "positionDirect": 45490, "positionDirectDate": "2019-11-25"}], "maxAge": 1}, "earnings": {"maxAge": 86400, "earningsChart": {"quarterly": [], "earningsDate": []}, "financialsChart": {"yearly": [{"date": 2017, "revenue": 11853100000, "earnings": 909700000}, {"date": 2018, "revenue": 14164800000, "earnings": 700900000}, {"date": 2019, "revenue": 17913800000, "earnings": 765800000}, {"date": 2020, "revenue": 14234800000, "earnings": 955300000}], "quarterly": [{"date": "3Q2019", "revenue": 3344100000, "earnings": 460000000}, {"date": "4Q2019", "revenue": 3695600000, "earnings": 91700000}, {"date": "1Q2020", "revenue": 3442700000, "earnings": 218800000}, {"date": "2Q2020", "revenue": 1024200000, "earnings": -249000000}]}, "financialCurrency": "INR"}, "calendarEvents": {"maxAge": 1, "earnings": {"earningsDate": []}}, "price": {"maxAge": 1, "regularMarketChangePercent": -0.01583579, "regularMarketChange": -4.050003, "regularMarketTime": "2021-04-30 15:27:39", "priceHint": 2, "regularMarketPrice": 251.7, "regularMarketDayHigh": 258.7, "regularMarketDayLow": 248.0, "regularMarketVolume": 4747, "averageDailyVolume10Day": 11303, "averageDailyVolume3Month": 13212, "regularMarketPreviousClose": 255.75, "regularMarketSource": "FREE_REALTIME", "regularMarketOpen": 252.95, "exchange": "BSE", "exchangeName": "BSE", "exchangeDataDelayedBy": 0, "marketState": "CLOSED", "quoteType": "EQUITY", "symbol": "CENTENKA.BO", "underlyingSymbol": null, "shortName": "CENTURY ENKA LTD.", "longName": "Century Enka Limited", "currency": "INR", "quoteSourceName": "Delayed Quote", "currencySymbol": "\u20b9", "fromCurrency": null, "toCurrency": null, "lastMarket": null, "marketCap": 5499795968}, "balanceSheetHistory": {"balanceSheetStatements": [{"maxAge": 1, "endDate": "2020-03-31", "cash": 41800000, "shortTermInvestments": 2609800000, "netReceivables": 1939800000, "inventory": 2324100000, "otherCurrentAssets": 121800000, "totalCurrentAssets": 7047000000, "longTermInvestments": 34700000, "propertyPlantEquipment": 5263200000, "intangibleAssets": 44100000, "otherAssets": 249700000, "totalAssets": 12638700000, "accountsPayable": 1040500000, "shortLongTermDebt": 72800000, "otherCurrentLiab": 83500000, "longTermDebt": 97400000, "otherLiab": 979400000, "totalCurrentLiabilities": 1265000000, "totalLiab": 2391300000, "commonStock": 218500000, "retainedEarnings": 9736600000, "treasuryStock": -30200000, "capitalSurplus": 322500000, "otherStockholderEquity": -30200000, "totalStockholderEquity": 10247400000, "netTangibleAssets": 10203300000}, {"maxAge": 1, "endDate": "2019-03-31", "cash": 47800000, "shortTermInvestments": 1587300000, "netReceivables": 2505900000, "inventory": 2170900000, "otherCurrentAssets": 102000000, "totalCurrentAssets": 6423200000, "longTermInvestments": 105900000, "propertyPlantEquipment": 5446200000, "intangibleAssets": 54800000, "otherAssets": 282100000, "totalAssets": 12312200000, "accountsPayable": 933600000, "shortLongTermDebt": 169300000, "otherCurrentLiab": 118800000, "longTermDebt": 156300000, "otherLiab": 1264000000, "totalCurrentLiabilities": 1289300000, "totalLiab": 2763500000, "commonStock": 218500000, "retainedEarnings": 8965700000, "treasuryStock": 42000000, "capitalSurplus": 322500000, "otherStockholderEquity": 42000000, "totalStockholderEquity": 9548700000, "netTangibleAssets": 9493900000}, {"maxAge": 1, "endDate": "2018-03-31", "cash": 231100000, "shortTermInvestments": 737500000, "netReceivables": 2352800000, "inventory": 2187600000, "otherCurrentAssets": 59600000, "totalCurrentAssets": 5572100000, "longTermInvestments": 156100000, "propertyPlantEquipment": 5724200000, "intangibleAssets": 61600000, "otherAssets": 123100000, "totalAssets": 11637100000, "accountsPayable": 723000000, "shortLongTermDebt": 163300000, "otherCurrentLiab": 87600000, "longTermDebt": 306100000, "otherLiab": 1272300000, "totalCurrentLiabilities": 1049700000, "totalLiab": 2628100000, "commonStock": 218500000, "retainedEarnings": 8375500000, "treasuryStock": 92500000, "capitalSurplus": 322500000, "otherStockholderEquity": 92500000, "totalStockholderEquity": 9009000000, "netTangibleAssets": 8947400000}, {"maxAge": 1, "endDate": "2017-03-31", "cash": 27500000, "shortTermInvestments": 785900000, "netReceivables": 1935100000, "inventory": 2308100000, "otherCurrentAssets": 66700000, "totalCurrentAssets": 5131100000, "longTermInvestments": 204600000, "propertyPlantEquipment": 5724300000, "intangibleAssets": 24500000, "otherAssets": 110100000, "totalAssets": 11194600000, "accountsPayable": 682700000, "shortLongTermDebt": 143600000, "otherCurrentLiab": 154800000, "longTermDebt": 370800000, "otherLiab": 1196900000, "totalCurrentLiabilities": 1083300000, "totalLiab": 2651000000, "commonStock": 218500000, "retainedEarnings": 7861700000, "treasuryStock": 140900000, "capitalSurplus": 322500000, "otherStockholderEquity": 140900000, "totalStockholderEquity": 8543600000, "netTangibleAssets": 8519100000}], "maxAge": 86400}, "earningsTrend": {"trend": [{"maxAge": 1, "period": "0q", "endDate": null, "growth": {}, "earningsEstimate": {"avg": 0.0, "low": 0.0, "high": 0.0, "yearAgoEps": {}, "numberOfAnalysts": 0, "growth": {}}, "revenueEstimate": {"avg": 0, "low": 0, "high": 0, "numberOfAnalysts": 0, "yearAgoRevenue": {}, "growth": {}}, "epsTrend": {"current": 0.0, "7daysAgo": 0.0, "30daysAgo": 0.0, "60daysAgo": 0.0, "90daysAgo": 0.0}, "epsRevisions": {"upLast7days": 0, "upLast30days": 0, "downLast30days": 0, "downLast90days": {}}}, {"maxAge": 1, "period": "+1q", "endDate": null, "growth": {}, "earningsEstimate": {"avg": 0.0, "low": 0.0, "high": 0.0, "yearAgoEps": {}, "numberOfAnalysts": 0, "growth": {}}, "revenueEstimate": {"avg": 0, "low": 0, "high": 0, "numberOfAnalysts": 0, "yearAgoRevenue": {}, "growth": {}}, "epsTrend": {"current": 0.0, "7daysAgo": 0.0, "30daysAgo": 0.0, "60daysAgo": 0.0, "90daysAgo": 0.0}, "epsRevisions": {"upLast7days": 0, "upLast30days": 0, "downLast30days": 0, "downLast90days": {}}}, {"maxAge": 1, "period": "0y", "endDate": null, "growth": {}, "earningsEstimate": {"avg": 0.0, "low": 0.0, "high": 0.0, "yearAgoEps": {}, "numberOfAnalysts": 0, "growth": {}}, "revenueEstimate": {"avg": 0, "low": 0, "high": 0, "numberOfAnalysts": 0, "yearAgoRevenue": {}, "growth": {}}, "epsTrend": {"current": 0.0, "7daysAgo": 0.0, "30daysAgo": 0.0, "60daysAgo": 0.0, "90daysAgo": 0.0}, "epsRevisions": {"upLast7days": 0, "upLast30days": 0, "downLast30days": 0, "downLast90days": {}}}, {"maxAge": 1, "period": "+1y", "endDate": null, "growth": {}, "earningsEstimate": {"avg": 0.0, "low": 0.0, "high": 0.0, "yearAgoEps": {}, "numberOfAnalysts": 0, "growth": {}}, "revenueEstimate": {"avg": 0, "low": 0, "high": 0, "numberOfAnalysts": 0, "yearAgoRevenue": {}, "growth": {}}, "epsTrend": {"current": 0.0, "7daysAgo": 0.0, "30daysAgo": 0.0, "60daysAgo": 0.0, "90daysAgo": 0.0}, "epsRevisions": {"upLast7days": 0, "upLast30days": 0, "downLast30days": 0, "downLast90days": {}}}, {"maxAge": 1, "period": "+5y", "endDate": null, "growth": {}, "earningsEstimate": {"avg": {}, "low": {}, "high": {}, "yearAgoEps": {}, "numberOfAnalysts": {}, "growth": {}}, "revenueEstimate": {"avg": {}, "low": {}, "high": {}, "numberOfAnalysts": {}, "yearAgoRevenue": {}, "growth": {}}, "epsTrend": {"current": {}, "7daysAgo": {}, "30daysAgo": {}, "60daysAgo": {}, "90daysAgo": {}}, "epsRevisions": {"upLast7days": {}, "upLast30days": {}, "downLast30days": {}, "downLast90days": {}}}, {"maxAge": 1, "period": "-5y", "endDate": null, "growth": {}, "earningsEstimate": {"avg": {}, "low": {}, "high": {}, "yearAgoEps": {}, "numberOfAnalysts": {}, "growth": {}}, "revenueEstimate": {"avg": {}, "low": {}, "high": {}, "numberOfAnalysts": {}, "yearAgoRevenue": {}, "growth": {}}, "epsTrend": {"current": {}, "7daysAgo": {}, "30daysAgo": {}, "60daysAgo": {}, "90daysAgo": {}}, "epsRevisions": {"upLast7days": {}, "upLast30days": {}, "downLast30days": {}, "downLast90days": {}}}], "maxAge": 1}, "financialData": {"maxAge": 86400, "currentPrice": 251.7, "targetHighPrice": 535.0, "targetLowPrice": 535.0, "targetMeanPrice": 535.0, "targetMedianPrice": 535.0, "recommendationKey": "none", "numberOfAnalystOpinions": 1, "grossProfits": 3289200000, "financialCurrency": "INR"}}}