{"CENTURYPLY.BO": {"recommendationTrend": {"trend": [{"period": "0m", "strongBuy": 0, "buy": 0, "hold": 0, "sell": 0, "strongSell": 0}, {"period": "-1m", "strongBuy": 0, "buy": 0, "hold": 0, "sell": 0, "strongSell": 0}, {"period": "-2m", "strongBuy": 0, "buy": 0, "hold": 0, "sell": 0, "strongSell": 0}, {"period": "-3m", "strongBuy": 0, "buy": 0, "hold": 0, "sell": 0, "strongSell": 0}], "maxAge": 86400}, "cashflowStatementHistory": {"cashflowStatements": [{"maxAge": 1, "endDate": "2020-03-31", "netIncome": 1505815000, "depreciation": 760547000, "changeToNetincome": 885724000, "changeToAccountReceivables": 388955000, "changeToLiabilities": -79134000, "changeToInventory": 499525000, "changeToOperatingActivities": 37282000, "totalCashFromOperatingActivities": 4001274000, "capitalExpenditures": -1219021000, "investments": -14860000, "otherCashflowsFromInvestingActivities": 4488000, "totalCashflowsFromInvestingActivities": -245491000, "dividendsPaid": -443975000, "netBorrowings": -2838803000, "otherCashflowsFromFinancingActivities": -491192000, "totalCashFromFinancingActivities": -3773970000, "changeInCash": -18187000}, {"maxAge": 1, "endDate": "2019-03-31", "netIncome": 1484501000, "depreciation": 592430000, "changeToNetincome": 633172000, "changeToAccountReceivables": 594127000, "changeToLiabilities": -142143000, "changeToInventory": -785512000, "changeToOperatingActivities": 279278000, "totalCashFromOperatingActivities": 2658181000, "capitalExpenditures": -1636198000, "investments": -3175000, "otherCashflowsFromInvestingActivities": 18598000, "totalCashflowsFromInvestingActivities": -1469893000, "dividendsPaid": -222121000, "netBorrowings": -512795000, "otherCashflowsFromFinancingActivities": -424238000, "totalCashFromFinancingActivities": -1159154000, "changeInCash": 29134000}, {"maxAge": 1, "endDate": "2018-03-31", "netIncome": 1630607000, "depreciation": 901993000, "changeToNetincome": 290618000, "changeToAccountReceivables": -155373000, "changeToLiabilities": 341214000, "changeToInventory": -821324000, "changeToOperatingActivities": 853616000, "totalCashFromOperatingActivities": 3046002000, "capitalExpenditures": -2475168000, "investments": 16833000, "otherCashflowsFromInvestingActivities": 29083000, "totalCashflowsFromInvestingActivities": -2503741000, "dividendsPaid": -222046000, "netBorrowings": -408829000, "otherCashflowsFromFinancingActivities": -372210000, "totalCashFromFinancingActivities": -1003085000, "changeInCash": -460824000}, {"maxAge": 1, "endDate": "2017-03-31", "netIncome": 1904606000, "depreciation": 593395000, "changeToNetincome": 242784000, "changeToAccountReceivables": -555014000, "changeToLiabilities": 565248000, "changeToInventory": -31280000, "changeToOperatingActivities": -514729000, "totalCashFromOperatingActivities": 2205010000, "capitalExpenditures": -3070208000, "investments": 1932000, "otherCashflowsFromInvestingActivities": 1326000, "totalCashflowsFromInvestingActivities": -3043479000, "dividendsPaid": -121000, "netBorrowings": 1409340000, "otherCashflowsFromFinancingActivities": -287123000, "totalCashFromFinancingActivities": 1122096000, "changeInCash": 283627000}], "maxAge": 86400}, "institutionOwnership": {"maxAge": 1, "ownershipList": []}, "balanceSheetHistoryQuarterly": {"balanceSheetStatements": [{"maxAge": 1, "endDate": "2020-06-30", "totalStockholderEquity": 10906101000, "netTangibleAssets": 10884476000}, {"maxAge": 1, "endDate": "2020-03-31", "cash": 213830000, "netReceivables": 2859401000, "inventory": 3979803000, "otherCurrentAssets": 536641000, "totalCurrentAssets": 7633550000, "longTermInvestments": 2177000, "propertyPlantEquipment": 7924126000, "goodWill": 12849000, "intangibleAssets": 8776000, "otherAssets": 1018780000, "deferredLongTermAssetCharges": 578221000, "totalAssets": 16600258000, "accountsPayable": 1515487000, "shortLongTermDebt": 271657000, "otherCurrentLiab": 624369000, "longTermDebt": 515044000, "otherLiab": 100631000, "minorityInterest": -17425000, "totalCurrentLiabilities": 4868883000, "totalLiab": 5711582000, "commonStock": 222173000, "retainedEarnings": 10197883000, "treasuryStock": 296768000, "capitalSurplus": 189277000, "otherStockholderEquity": 296768000, "totalStockholderEquity": 10906101000, "netTangibleAssets": 10884476000}, {"maxAge": 1, "endDate": "2019-12-31", "totalStockholderEquity": 10361073000, "netTangibleAssets": 10345866000}, {"maxAge": 1, "endDate": "2019-09-30", "cash": 247634000, "shortTermInvestments": 295674000, "netReceivables": 3186493000, "inventory": 4408890000, "otherCurrentAssets": 342730000, "totalCurrentAssets": 8481421000, "longTermInvestments": 2177000, "propertyPlantEquipment": 8656270000, "goodWill": 2809000, "intangibleAssets": 12398000, "otherAssets": 1044391000, "deferredLongTermAssetCharges": 568034000, "totalAssets": 18199466000, "accountsPayable": 1661842000, "otherCurrentLiab": 1638097000, "longTermDebt": 1117185000, "otherLiab": 56039000, "minorityInterest": 252519000, "totalCurrentLiabilities": 6412650000, "totalLiab": 7585874000, "commonStock": 222527000, "treasuryStock": 10138546000, "otherStockholderEquity": 10138546000, "totalStockholderEquity": 10361073000, "netTangibleAssets": 10345866000}], "maxAge": 86400}, "earningsHistory": {"history": [{"maxAge": 1, "epsActual": 2.1, "epsEstimate": 1.85, "epsDifference": 0.25, "surprisePercent": 0.135, "quarter": "2017-12-31", "period": "-4q"}, {"maxAge": 1, "epsActual": 1.61, "epsEstimate": 2.22, "epsDifference": -0.61, "surprisePercent": -0.275, "quarter": "2018-03-31", "period": "-3q"}, {"maxAge": 1, "epsActual": 2.04, "epsEstimate": 1.77, "epsDifference": 0.27, "surprisePercent": 0.153, "quarter": "2018-06-30", "period": "-2q"}, {"maxAge": 1, "epsActual": 1.7, "epsEstimate": 1.97, "epsDifference": -0.27, "surprisePercent": -0.137, "quarter": "2018-09-30", "period": "-1q"}], "maxAge": 86400}, "indexTrend": {"maxAge": 1, "symbol": "SP5", "peRatio": 19.7411, "pegRatio": 1.34172, "estimates": [{"period": "0q", "growth": 0.549}, {"period": "+1q", "growth": 0.431}, {"period": "0y", "growth": 0.305}, {"period": "+1y", "growth": 0.109}, {"period": "+5y", "growth": 0.120865}, {"period": "-5y"}]}, "industryTrend": {"maxAge": 1, "symbol": null, "estimates": []}, "insiderTransactions": {"transactions": [{"maxAge": 1, "shares": 45126, "filerUrl": "", "transactionText": "", "filerName": "Agarwal (Bhawna)", "filerRelation": "Promoter", "moneyText": "", "startDate": "2020-03-25", "ownership": "D"}, {"maxAge": 1, "shares": 15814, "filerUrl": "", "transactionText": "", "filerName": "Agarwala (Hari Prasad)", "filerRelation": "Vice Chairman", "moneyText": "", "startDate": "2020-03-24", "ownership": "D"}, {"maxAge": 1, "shares": 35564, "filerUrl": "", "transactionText": "", "filerName": "Bhajanka (Prem Kumar)", "filerRelation": "Managing Director", "moneyText": "", "startDate": "2020-03-24", "ownership": "D"}, {"maxAge": 1, "shares": 12500, "filerUrl": "", "transactionText": "", "filerName": "Agarwala (Sumitra Devi)", "filerRelation": "Promoter", "moneyText": "", "startDate": "2020-03-23", "ownership": "D"}, {"maxAge": 1, "shares": 9000, "filerUrl": "", "transactionText": "", "filerName": "Agarwal (Shraddha)", "filerRelation": "UNREPORTED", "moneyText": "", "startDate": "2020-03-20", "ownership": "D"}, {"maxAge": 1, "shares": 150368, "filerUrl": "", "transactionText": "", "filerName": "Bhajanka (Sajjan)", "filerRelation": "Chairman of the Board", "moneyText": "", "startDate": "2020-03-20", "ownership": "D"}, {"maxAge": 1, "shares": 10000, "filerUrl": "", "transactionText": "", "filerName": "Khemani (Vishnuprasad)", "filerRelation": "Director (Executive)", "moneyText": "", "startDate": "2020-03-19", "ownership": "D"}, {"maxAge": 1, "shares": 129422, "filerUrl": "", "transactionText": "", "filerName": "Bhajanka (Sajjan)", "filerRelation": "Chairman of the Board", "moneyText": "", "startDate": "2020-03-13", "ownership": "D"}, {"maxAge": 1, "shares": 20000, "filerUrl": "", "transactionText": "", "filerName": "Khemani (Vishnuprasad)", "filerRelation": "Director (Executive)", "moneyText": "", "startDate": "2020-03-13", "ownership": "D"}, {"maxAge": 1, "shares": 10000, "filerUrl": "", "transactionText": "", "filerName": "Khemani (Vishnuprasad)", "filerRelation": "Director (Executive)", "moneyText": "", "startDate": "2020-03-05", "ownership": "D"}, {"maxAge": 1, "shares": 7200, "filerUrl": "", "transactionText": "", "filerName": "Bansal (Nikita)", "filerRelation": "Wholetime Director", "moneyText": "", "startDate": "2019-09-20", "ownership": "D"}, {"maxAge": 1, "shares": 4000, "filerUrl": "", "transactionText": "", "filerName": "Bansal (Nikita)", "filerRelation": "Wholetime Director", "moneyText": "", "startDate": "2019-08-22", "ownership": "D"}, {"maxAge": 1, "shares": 75000, "filerUrl": "", "transactionText": "", "filerName": "Bhajanka (Sajjan)", "filerRelation": "Executive Chairman", "moneyText": "", "startDate": "2019-08-22", "ownership": "D"}, {"maxAge": 1, "shares": 4204, "filerUrl": "", "transactionText": "", "filerName": "Bansal (Nikita)", "filerRelation": "Wholetime Director", "moneyText": "", "startDate": "2019-08-19", "ownership": "D"}, {"maxAge": 1, "shares": 25000, "filerUrl": "", "transactionText": "", "filerName": "Agarwal (Sanjay)", "filerRelation": "Director (Executive)", "moneyText": "", "startDate": "2019-08-14", "ownership": "D"}, {"maxAge": 1, "shares": 3796, "filerUrl": "", "transactionText": "", "filerName": "Bansal (Nikita)", "filerRelation": "Director (Executive)", "moneyText": "", "startDate": "2019-08-14", "ownership": "D"}, {"maxAge": 1, "shares": 25000, "filerUrl": "", "transactionText": "", "filerName": "Bhajanka (Sajjan)", "filerRelation": "Chairman of the Board", "moneyText": "", "startDate": "2019-08-14", "ownership": "D"}, {"maxAge": 1, "shares": 25000, "filerUrl": "", "transactionText": "", "filerName": "Agarwal (Sanjay)", "filerRelation": "Managing Director", "moneyText": "", "startDate": "2019-08-13", "ownership": "D"}, {"maxAge": 1, "shares": 25620, "filerUrl": "", "transactionText": "", "filerName": "Bhajanka (Sajjan)", "filerRelation": "Chairman of the Board", "moneyText": "", "startDate": "2019-08-13", "ownership": "D"}, {"maxAge": 1, "shares": 35000, "filerUrl": "", "transactionText": "", "filerName": "Kajaria (Sonu)", "filerRelation": "Promoter", "moneyText": "", "startDate": "2019-08-13", "ownership": "D"}, {"maxAge": 1, "shares": 74077, "filerUrl": "", "transactionText": "", "filerName": "Agarwal (Sanjay)", "filerRelation": "Managing Director", "moneyText": "", "startDate": "2019-06-26", "ownership": "D"}, {"maxAge": 1, "shares": 74225, "filerUrl": "", "transactionText": "", "filerName": "Bhajanka (Sajjan)", "filerRelation": "Executive Chairman", "moneyText": "", "startDate": "2019-06-26", "ownership": "D"}], "maxAge": 1}, "quoteType": {"exchange": "BSE", "quoteType": "EQUITY", "symbol": "CENTURYPLY.BO", "underlyingSymbol": "CENTURYPLY.BO", "shortName": "CENTURY PLYBOARDS (I) LTD.", "longName": "Century Plyboards (India) Limited", "firstTradeDateEpochUtc": "2004-10-27 09:15:00", "timeZoneFullName": "Asia/Kolkata", "timeZoneShortName": "IST", "uuid": "86a1019b-d12c-328d-b0ad-2665bb52ba83", "messageBoardId": null, "gmtOffSetMilliseconds": 19800000, "maxAge": 1}, "incomeStatementHistory": {"incomeStatementHistory": [{"maxAge": 1, "endDate": "2020-03-31", "totalRevenue": 23170284000, "costOfRevenue": 11832603000, "grossProfit": 11337681000, "researchDevelopment": {}, "sellingGeneralAdministrative": 4580603000, "nonRecurring": {}, "otherOperatingExpenses": 3432005000, "totalOperatingExpenses": 20615026000, "operatingIncome": 2555258000, "totalOtherIncomeExpenseNet": -783074000, "ebit": 2555258000, "interestExpense": -376656000, "incomeBeforeTax": 1772184000, "incomeTaxExpense": 519330000, "minorityInterest": -17425000, "netIncomeFromContinuingOps": 1252854000, "discontinuedOperations": {}, "extraordinaryItems": {}, "effectOfAccountingCharges": {}, "otherItems": {}, "netIncome": 1505815000, "netIncomeApplicableToCommonShares": 1505815000}, {"maxAge": 1, "endDate": "2019-03-31", "totalRevenue": 22803936000, "costOfRevenue": 11753996000, "grossProfit": 11049940000, "researchDevelopment": {}, "sellingGeneralAdministrative": 4416757000, "nonRecurring": {}, "otherOperatingExpenses": 3493920000, "totalOperatingExpenses": 20275069000, "operatingIncome": 2528867000, "totalOtherIncomeExpenseNet": -505545000, "ebit": 2528867000, "interestExpense": -431558000, "incomeBeforeTax": 2023322000, "incomeTaxExpense": 534608000, "minorityInterest": 253173000, "netIncomeFromContinuingOps": 1488714000, "discontinuedOperations": {}, "extraordinaryItems": {}, "effectOfAccountingCharges": {}, "otherItems": {}, "netIncome": 1484501000, "netIncomeApplicableToCommonShares": 1484501000}, {"maxAge": 1, "endDate": "2018-03-31", "totalRevenue": 20239442000, "costOfRevenue": 10026135000, "grossProfit": 10213307000, "researchDevelopment": {}, "sellingGeneralAdministrative": 3867089000, "nonRecurring": {}, "otherOperatingExpenses": 2999485000, "totalOperatingExpenses": 17811823000, "operatingIncome": 2427619000, "totalOtherIncomeExpenseNet": -303356000, "ebit": 2427619000, "interestExpense": -325020000, "incomeBeforeTax": 2124263000, "incomeTaxExpense": 462866000, "minorityInterest": 183936000, "netIncomeFromContinuingOps": 1661397000, "discontinuedOperations": {}, "extraordinaryItems": {}, "effectOfAccountingCharges": {}, "otherItems": {}, "netIncome": 1630607000, "netIncomeApplicableToCommonShares": 1630607000}, {"maxAge": 1, "endDate": "2017-03-31", "totalRevenue": 18187308000, "costOfRevenue": 9096212000, "grossProfit": 9091096000, "researchDevelopment": {}, "sellingGeneralAdministrative": 3680927000, "nonRecurring": {}, "otherOperatingExpenses": 2268056000, "totalOperatingExpenses": 15639535000, "operatingIncome": 2547773000, "totalOtherIncomeExpenseNet": -97994000, "ebit": 2547773000, "interestExpense": -269860000, "incomeBeforeTax": 2449779000, "incomeTaxExpense": 514987000, "minorityInterest": 119924000, "netIncomeFromContinuingOps": 1934792000, "discontinuedOperations": {}, "extraordinaryItems": {}, "effectOfAccountingCharges": {}, "otherItems": {}, "netIncome": 1904606000, "netIncomeApplicableToCommonShares": 1904606000}], "maxAge": 86400}, "fundOwnership": {"maxAge": 1, "ownershipList": [{"maxAge": 1, "reportDate": "2020-07-31", "organization": "DFA Emerging Markets Core Equity Portfolio", "pctHeld": 0.0026, "position": 583254, "value": 74948139}, {"maxAge": 1, "reportDate": "2020-07-31", "organization": "DFA Emerging Markets Small Cap Series", "pctHeld": 0.0017, "position": 381605, "value": 49036242}, {"maxAge": 1, "reportDate": "2020-07-31", "organization": "DFA Investment Dimensions-Emerging Markets Social Core Equity", "pctHeld": 0.0002, "position": 37659, "value": 4839181}, {"maxAge": 1, "reportDate": "2020-07-31", "organization": "DFA T.A. World Ex U.S. Core Equity Portfolio", "pctHeld": 0.0001, "position": 29747, "value": 3822489}, {"maxAge": 1, "reportDate": "2020-07-31", "organization": "DFA Investment Dimensions-World Ex U.S. Core Equity Port", "pctHeld": 0.0001, "position": 21503, "value": 2763135}, {"maxAge": 1, "reportDate": "2020-08-31", "organization": "WisdomTree Tr-WisdomTree India Earnings Fd", "pctHeld": 0.0001, "position": 19974, "value": 2977124}, {"maxAge": 1, "reportDate": "2020-08-31", "organization": "SPDR (R) Idx Shares-SPDR (R) Emerging Markets Small Cap ETF", "pctHeld": 0.0001, "position": 17873, "value": 2663970}, {"maxAge": 1, "reportDate": "2020-07-31", "organization": "DFA Emerging Markets Sustainability Core 1 Portfolio", "pctHeld": 0.0001, "position": 14781, "value": 1899358}]}, "summaryDetail": {"maxAge": 1, "priceHint": 2, "previousClose": 335.75, "open": 336.0, "dayLow": 334.65, "dayHigh": 362.0, "regularMarketPreviousClose": 335.75, "regularMarketOpen": 336.0, "regularMarketDayLow": 334.65, "regularMarketDayHigh": 362.0, "trailingPE": 77.65295, "forwardPE": 32.80545, "volume": 56069, "regularMarketVolume": 56069, "averageVolume": 36342, "averageVolume10days": 20450, "averageDailyVolume10Day": 20450, "bid": 348.0, "ask": 351.3, "bidSize": 0, "askSize": 0, "marketCap": 77549477888, "fiftyTwoWeekLow": 95.0, "fiftyTwoWeekHigh": 362.0, "fiftyDayAverage": 269.5186, "twoHundredDayAverage": 204.75912, "trailingAnnualDividendRate": 1.0, "trailingAnnualDividendYield": 0.0029784066, "currency": "INR", "fromCurrency": null, "toCurrency": null, "lastMarket": null, "algorithm": null, "tradeable": false}, "sectorTrend": {"maxAge": 1, "symbol": null, "estimates": []}, "incomeStatementHistoryQuarterly": {"incomeStatementHistory": [{"maxAge": 1, "endDate": "2020-06-30", "totalRevenue": 2030265000, "costOfRevenue": 931755000, "grossProfit": 1098510000, "researchDevelopment": {}, "sellingGeneralAdministrative": 586111000, "nonRecurring": {}, "otherOperatingExpenses": 518251000, "totalOperatingExpenses": 2193139000, "operatingIncome": -162874000, "totalOtherIncomeExpenseNet": -8832000, "ebit": -162874000, "interestExpense": -54560000, "incomeBeforeTax": -171706000, "incomeTaxExpense": -53740000, "minorityInterest": {}, "netIncomeFromContinuingOps": -117966000, "discontinuedOperations": {}, "extraordinaryItems": {}, "effectOfAccountingCharges": {}, "otherItems": {}, "netIncome": -112528000, "netIncomeApplicableToCommonShares": -112528000}, {"maxAge": 1, "endDate": "2020-03-31", "totalRevenue": 5302303000, "costOfRevenue": 2771918000, "grossProfit": 2530385000, "researchDevelopment": {}, "sellingGeneralAdministrative": 1896682000, "nonRecurring": {}, "otherOperatingExpenses": -58869000, "totalOperatingExpenses": 4793766000, "operatingIncome": 508537000, "totalOtherIncomeExpenseNet": -85491000, "ebit": 508537000, "interestExpense": -75178000, "incomeBeforeTax": 423046000, "incomeTaxExpense": 60343000, "minorityInterest": -17425000, "netIncomeFromContinuingOps": 362703000, "discontinuedOperations": {}, "extraordinaryItems": {}, "effectOfAccountingCharges": {}, "otherItems": {}, "netIncome": 370090000, "netIncomeApplicableToCommonShares": 370090000}, {"maxAge": 1, "endDate": "2019-12-31", "totalRevenue": 6050447000, "costOfRevenue": 3136024000, "grossProfit": 2914423000, "researchDevelopment": {}, "sellingGeneralAdministrative": 884580000, "nonRecurring": {}, "otherOperatingExpenses": 1188565000, "totalOperatingExpenses": 5409180000, "operatingIncome": 641267000, "totalOtherIncomeExpenseNet": -593354000, "ebit": 641267000, "interestExpense": -95628000, "incomeBeforeTax": 47913000, "incomeTaxExpense": 44158000, "minorityInterest": -17425000, "netIncomeFromContinuingOps": 3755000, "discontinuedOperations": {}, "extraordinaryItems": {}, "effectOfAccountingCharges": {}, "otherItems": {}, "netIncome": 249919000, "netIncomeApplicableToCommonShares": 249919000}, {"maxAge": 1, "endDate": "2019-09-30", "totalRevenue": 5994754000, "costOfRevenue": 2957551000, "grossProfit": 3037203000, "researchDevelopment": {}, "sellingGeneralAdministrative": 919425000, "nonRecurring": {}, "otherOperatingExpenses": 1197440000, "totalOperatingExpenses": 5267558000, "operatingIncome": 727196000, "totalOtherIncomeExpenseNet": -24171000, "ebit": 727196000, "interestExpense": -112466000, "incomeBeforeTax": 703025000, "incomeTaxExpense": 215774000, "minorityInterest": 252519000, "netIncomeFromContinuingOps": 487251000, "discontinuedOperations": {}, "extraordinaryItems": {}, "effectOfAccountingCharges": {}, "otherItems": {}, "netIncome": 484357000, "netIncomeApplicableToCommonShares": 484357000}], "maxAge": 86400}, "cashflowStatementHistoryQuarterly": {"cashflowStatements": [{"maxAge": 1, "endDate": "2020-06-30", "netIncome": -112528000, "changeToLiabilities": 0}, {"maxAge": 1, "endDate": "2020-03-31", "netIncome": 370090000, "changeToLiabilities": 0}, {"maxAge": 1, "endDate": "2019-12-31", "netIncome": 249919000, "changeToLiabilities": 0}, {"maxAge": 1, "endDate": "2019-09-30", "netIncome": 484357000, "changeToLiabilities": 0}], "maxAge": 86400}, "insiderHolders": {"holders": [{"maxAge": 1, "name": "Agarwal (Bhawna)", "relation": "Promoter", "url": "", "transactionDescription": "Acquisition", "latestTransDate": "2020-03-25", "positionDirect": 3144816, "positionDirectDate": "2020-03-25"}, {"maxAge": 1, "name": "Agarwal (Sanjay)", "relation": "Director (Executive)", "url": "", "transactionDescription": "Acquisition", "latestTransDate": "2019-08-14", "positionDirect": 24880460, "positionDirectDate": "2019-08-14"}, {"maxAge": 1, "name": "Agarwal (Shraddha)", "relation": "UNREPORTED", "url": "", "transactionDescription": "Acquisition", "latestTransDate": "2020-03-20", "positionDirect": 609000, "positionDirectDate": "2020-03-20"}, {"maxAge": 1, "name": "Agarwala (Hari Prasad)", "relation": "Vice Chairman", "url": "", "transactionDescription": "Acquisition", "latestTransDate": "2020-03-24", "positionDirect": 2451574, "positionDirectDate": "2020-03-24"}, {"maxAge": 1, "name": "Agarwala (Sumitra Devi)", "relation": "Promoter", "url": "", "transactionDescription": "Acquisition", "latestTransDate": "2020-03-23", "positionDirect": 1716150, "positionDirectDate": "2020-03-23"}, {"maxAge": 1, "name": "Bansal (Nikita)", "relation": "Wholetime Director", "url": "", "transactionDescription": "Acquisition", "latestTransDate": "2019-09-20", "positionDirect": 69200, "positionDirectDate": "2019-09-20"}, {"maxAge": 1, "name": "Bhajanka (Prem Kumar)", "relation": "Managing Director", "url": "", "transactionDescription": "Acquisition", "latestTransDate": "2020-03-24", "positionDirect": 4672561, "positionDirectDate": "2020-03-24"}, {"maxAge": 1, "name": "Bhajanka (Sajjan)", "relation": "Chairman of the Board", "url": "", "transactionDescription": "Acquisition", "latestTransDate": "2020-03-20", "positionDirect": 26214037, "positionDirectDate": "2020-03-20"}, {"maxAge": 1, "name": "Kajaria (Sonu)", "relation": "Promoter", "url": "", "transactionDescription": "Acquisition", "latestTransDate": "2019-08-13", "positionDirect": 663500, "positionDirectDate": "2019-08-13"}, {"maxAge": 1, "name": "Khemani (Vishnuprasad)", "relation": "Director (Executive)", "url": "", "transactionDescription": "Acquisition", "latestTransDate": "2020-03-19", "positionDirect": 12787000, "positionDirectDate": "2020-03-19"}], "maxAge": 1}, "earnings": {"maxAge": 86400, "earningsChart": {"quarterly": [{"date": "4Q2017", "actual": 2.1, "estimate": 1.85}, {"date": "1Q2018", "actual": 1.61, "estimate": 2.22}, {"date": "2Q2018", "actual": 2.04, "estimate": 1.77}, {"date": "3Q2018", "actual": 1.7, "estimate": 1.97}], "currentQuarterEstimateDate": "4Q", "currentQuarterEstimateYear": 2018, "earningsDate": []}, "financialsChart": {"yearly": [{"date": 2017, "revenue": 18187308000, "earnings": 1904606000}, {"date": 2018, "revenue": 20239442000, "earnings": 1630607000}, {"date": 2019, "revenue": 22803936000, "earnings": 1484501000}, {"date": 2020, "revenue": 23170284000, "earnings": 1505815000}], "quarterly": [{"date": "3Q2019", "revenue": 5994754000, "earnings": 484357000}, {"date": "4Q2019", "revenue": 6050447000, "earnings": 249919000}, {"date": "1Q2020", "revenue": 5302303000, "earnings": 370090000}, {"date": "2Q2020", "revenue": 2030265000, "earnings": -112528000}]}, "financialCurrency": "INR"}, "calendarEvents": {"maxAge": 1, "earnings": {"earningsDate": [], "revenueAverage": 5558000000, "revenueLow": 5558000000, "revenueHigh": 5558000000}}, "price": {"maxAge": 1, "regularMarketChangePercent": 0.03961277, "regularMarketChange": 13.299988, "regularMarketTime": "2021-04-30 15:48:41", "priceHint": 2, "regularMarketPrice": 349.05, "regularMarketDayHigh": 362.0, "regularMarketDayLow": 334.65, "regularMarketVolume": 56069, "averageDailyVolume10Day": 20450, "averageDailyVolume3Month": 36342, "regularMarketPreviousClose": 335.75, "regularMarketSource": "FREE_REALTIME", "regularMarketOpen": 336.0, "exchange": "BSE", "exchangeName": "BSE", "exchangeDataDelayedBy": 0, "marketState": "CLOSED", "quoteType": "EQUITY", "symbol": "CENTURYPLY.BO", "underlyingSymbol": null, "shortName": "CENTURY PLYBOARDS (I) LTD.", "longName": "Century Plyboards (India) Limited", "currency": "INR", "quoteSourceName": "Delayed Quote", "currencySymbol": "\u20b9", "fromCurrency": null, "toCurrency": null, "lastMarket": null, "marketCap": 77549477888}, "balanceSheetHistory": {"balanceSheetStatements": [{"maxAge": 1, "endDate": "2020-03-31", "cash": 213830000, "netReceivables": 2859401000, "inventory": 3979803000, "otherCurrentAssets": 536641000, "totalCurrentAssets": 7633550000, "longTermInvestments": 2177000, "propertyPlantEquipment": 7924126000, "goodWill": 12849000, "intangibleAssets": 8776000, "otherAssets": 1018780000, "deferredLongTermAssetCharges": 578221000, "totalAssets": 16600258000, "accountsPayable": 1515487000, "shortLongTermDebt": 271657000, "otherCurrentLiab": 624369000, "longTermDebt": 515044000, "otherLiab": 100631000, "minorityInterest": -17425000, "totalCurrentLiabilities": 4868883000, "totalLiab": 5711582000, "commonStock": 222173000, "retainedEarnings": 10197883000, "treasuryStock": 296768000, "capitalSurplus": 189277000, "otherStockholderEquity": 296768000, "totalStockholderEquity": 10906101000, "netTangibleAssets": 10884476000}, {"maxAge": 1, "endDate": "2019-03-31", "cash": 232017000, "netReceivables": 3262186000, "inventory": 4613084000, "otherCurrentAssets": 357071000, "totalCurrentAssets": 8526209000, "longTermInvestments": 3377000, "propertyPlantEquipment": 8616361000, "goodWill": 2809000, "intangibleAssets": 13606000, "otherAssets": 956067000, "deferredLongTermAssetCharges": 615084000, "totalAssets": 18118429000, "accountsPayable": 1594988000, "shortLongTermDebt": 451024000, "otherCurrentLiab": 439811000, "longTermDebt": 1261146000, "otherLiab": 38722000, "minorityInterest": 253173000, "totalCurrentLiabilities": 6754670000, "totalLiab": 8116049000, "commonStock": 222173000, "retainedEarnings": 9227514000, "treasuryStock": 110243000, "capitalSurplus": 189277000, "otherStockholderEquity": 110243000, "totalStockholderEquity": 9749207000, "netTangibleAssets": 9732792000}, {"maxAge": 1, "endDate": "2018-03-31", "cash": 202883000, "netReceivables": 3958752000, "inventory": 3827572000, "otherCurrentAssets": 415263000, "totalCurrentAssets": 8457556000, "longTermInvestments": 202000, "propertyPlantEquipment": 7736071000, "goodWill": 2809000, "intangibleAssets": 14826000, "otherAssets": 1042834000, "deferredLongTermAssetCharges": 690278000, "totalAssets": 17254298000, "accountsPayable": 1752827000, "shortLongTermDebt": 360280000, "otherCurrentLiab": 433512000, "longTermDebt": 1646317000, "otherLiab": 85161000, "minorityInterest": 183936000, "totalCurrentLiabilities": 6800280000, "totalLiab": 8554822000, "commonStock": 222173000, "retainedEarnings": 8017375000, "treasuryStock": 86715000, "capitalSurplus": 189277000, "otherStockholderEquity": 86715000, "totalStockholderEquity": 8515540000, "netTangibleAssets": 8497905000}, {"maxAge": 1, "endDate": "2017-03-31", "cash": 663707000, "netReceivables": 3573450000, "inventory": 3006248000, "otherCurrentAssets": 1395992000, "totalCurrentAssets": 8702683000, "propertyPlantEquipment": 6029283000, "goodWill": 2809000, "intangibleAssets": 18279000, "otherAssets": 1095881000, "deferredLongTermAssetCharges": 688691000, "totalAssets": 15848935000, "accountsPayable": 1409819000, "shortLongTermDebt": 383844000, "otherCurrentLiab": 353118000, "longTermDebt": 1418913000, "otherLiab": 123764000, "minorityInterest": 119924000, "totalCurrentLiabilities": 6988689000, "totalLiab": 8579939000, "commonStock": 222173000, "retainedEarnings": 6658596000, "treasuryStock": 79026000, "capitalSurplus": 189277000, "otherStockholderEquity": 79026000, "totalStockholderEquity": 7149072000, "netTangibleAssets": 7127984000}], "maxAge": 86400}, "earningsTrend": {"trend": [{"maxAge": 1, "period": "0q", "endDate": "2018-12-31", "growth": {}, "earningsEstimate": {"avg": 0.0, "low": 0.0, "high": 0.0, "yearAgoEps": 2.1, "numberOfAnalysts": 0, "growth": {}}, "revenueEstimate": {"avg": 5558000000, "low": 5558000000, "high": 5558000000, "numberOfAnalysts": 1, "yearAgoRevenue": 5099300000, "growth": 0.09}, "epsTrend": {"current": 0.0, "7daysAgo": 1.62, "30daysAgo": 1.62, "60daysAgo": 1.62, "90daysAgo": 1.62}, "epsRevisions": {"upLast7days": 0, "upLast30days": 0, "downLast30days": 0, "downLast90days": {}}}, {"maxAge": 1, "period": "+1q", "endDate": "2019-03-31", "growth": {}, "earningsEstimate": {"avg": 0.0, "low": 0.0, "high": 0.0, "yearAgoEps": 1.61, "numberOfAnalysts": 0, "growth": {}}, "revenueEstimate": {"avg": 5607000000, "low": 5607000000, "high": 5607000000, "numberOfAnalysts": 1, "yearAgoRevenue": 5441300000, "growth": 0.03}, "epsTrend": {"current": 0.0, "7daysAgo": 1.63, "30daysAgo": 1.63, "60daysAgo": 1.63, "90daysAgo": 1.63}, "epsRevisions": {"upLast7days": 0, "upLast30days": 0, "downLast30days": 0, "downLast90days": {}}}, {"maxAge": 1, "period": "0y", "endDate": "2019-03-31", "growth": {}, "earningsEstimate": {"avg": 0.0, "low": 0.0, "high": 0.0, "yearAgoEps": {}, "numberOfAnalysts": 0, "growth": {}}, "revenueEstimate": {"avg": 23213700000, "low": 22789000000, "high": 24015000000, "numberOfAnalysts": 7, "yearAgoRevenue": 19672100000, "growth": 0.18}, "epsTrend": {"current": 0.0, "7daysAgo": 8.29, "30daysAgo": 8.29, "60daysAgo": 8.29, "90daysAgo": 8.29}, "epsRevisions": {"upLast7days": 0, "upLast30days": 0, "downLast30days": 1, "downLast90days": {}}}, {"maxAge": 1, "period": "+1y", "endDate": "2020-03-31", "growth": {}, "earningsEstimate": {"avg": 0.0, "low": 0.0, "high": 0.0, "yearAgoEps": {}, "numberOfAnalysts": 0, "growth": {}}, "revenueEstimate": {"avg": 26821500000, "low": 26007500000, "high": 27984100000, "numberOfAnalysts": 7, "yearAgoRevenue": 23213700000, "growth": 0.155}, "epsTrend": {"current": 0.0, "7daysAgo": 10.64, "30daysAgo": 10.64, "60daysAgo": 10.64, "90daysAgo": 10.64}, "epsRevisions": {"upLast7days": 0, "upLast30days": 0, "downLast30days": 1, "downLast90days": {}}}, {"maxAge": 1, "period": "+5y", "endDate": null, "growth": 0.073, "earningsEstimate": {"avg": {}, "low": {}, "high": {}, "yearAgoEps": {}, "numberOfAnalysts": {}, "growth": {}}, "revenueEstimate": {"avg": {}, "low": {}, "high": {}, "numberOfAnalysts": {}, "yearAgoRevenue": {}, "growth": {}}, "epsTrend": {"current": {}, "7daysAgo": {}, "30daysAgo": {}, "60daysAgo": {}, "90daysAgo": {}}, "epsRevisions": {"upLast7days": {}, "upLast30days": {}, "downLast30days": {}, "downLast90days": {}}}, {"maxAge": 1, "period": "-5y", "endDate": null, "growth": {}, "earningsEstimate": {"avg": {}, "low": {}, "high": {}, "yearAgoEps": {}, "numberOfAnalysts": {}, "growth": {}}, "revenueEstimate": {"avg": {}, "low": {}, "high": {}, "numberOfAnalysts": {}, "yearAgoRevenue": {}, "growth": {}}, "epsTrend": {"current": {}, "7daysAgo": {}, "30daysAgo": {}, "60daysAgo": {}, "90daysAgo": {}}, "epsRevisions": {"upLast7days": {}, "upLast30days": {}, "downLast30days": {}, "downLast90days": {}}}], "maxAge": 1}, "financialData": {"maxAge": 86400, "currentPrice": 349.05, "targetHighPrice": 286.0, "targetLowPrice": 195.0, "targetMeanPrice": 235.65, "targetMedianPrice": 235.0, "recommendationKey": "none", "numberOfAnalystOpinions": 17, "grossProfits": 11337681000, "financialCurrency": "INR"}}}