{"CENTRALBK.BO": {"recommendationTrend": {"trend": [{"period": "0m", "strongBuy": 0, "buy": 0, "hold": 0, "sell": 0, "strongSell": 0}, {"period": "-1m", "strongBuy": 0, "buy": 0, "hold": 0, "sell": 0, "strongSell": 0}, {"period": "-2m", "strongBuy": 0, "buy": 0, "hold": 0, "sell": 0, "strongSell": 0}, {"period": "-3m", "strongBuy": 0, "buy": 0, "hold": 0, "sell": 0, "strongSell": 0}], "maxAge": 86400}, "cashflowStatementHistory": {"cashflowStatements": [{"maxAge": 1, "endDate": "2020-03-31", "netIncome": -12557234000, "depreciation": 2854800000, "changeToNetincome": 55077834000, "changeToLiabilities": 0, "changeToOperatingActivities": -165902300000, "totalCashFromOperatingActivities": -122018700000, "capitalExpenditures": -3219600000, "totalCashflowsFromInvestingActivities": -3147800000, "dividendsPaid": -70000000, "otherCashflowsFromFinancingActivities": 138893200000, "totalCashFromFinancingActivities": 172855400000, "changeInCash": 47688900000, "issuanceOfStock": 34032200000}, {"maxAge": 1, "endDate": "2019-03-31", "netIncome": -56169251000, "depreciation": 2779300000, "changeToNetincome": 87880851000, "changeToLiabilities": 0, "changeToOperatingActivities": -230946100000, "totalCashFromOperatingActivities": -194668800000, "capitalExpenditures": -2544200000, "totalCashflowsFromInvestingActivities": -2509400000, "dividendsPaid": -70000000, "otherCashflowsFromFinancingActivities": 49554700000, "totalCashFromFinancingActivities": 117530100000, "changeInCash": -79648200000, "issuanceOfStock": 68045400000}, {"maxAge": 1, "endDate": "2018-03-31", "netIncome": -51396029000, "depreciation": 2605000000, "changeToNetincome": 78604729000, "changeToLiabilities": 0, "changeToOperatingActivities": -451020300000, "totalCashFromOperatingActivities": -424216800000, "capitalExpenditures": -3143600000, "totalCashflowsFromInvestingActivities": -3102300000, "dividendsPaid": -32500000, "otherCashflowsFromFinancingActivities": -19554000000, "totalCashFromFinancingActivities": 31993500000, "changeInCash": -395325600000, "issuanceOfStock": 51580000000}, {"maxAge": 1, "endDate": "2017-03-31", "netIncome": -24593610000, "depreciation": 2576900000, "changeToNetincome": 55614110000, "changeToLiabilities": 0, "changeToOperatingActivities": 289876400000, "totalCashFromOperatingActivities": 312477500000, "capitalExpenditures": -1916800000, "totalCashflowsFromInvestingActivities": -1886200000, "dividendsPaid": -87500000, "otherCashflowsFromFinancingActivities": 306211400000, "totalCashFromFinancingActivities": 321661800000, "changeInCash": 632253100000, "issuanceOfStock": 15537900000}], "maxAge": 86400}, "institutionOwnership": {"maxAge": 1, "ownershipList": []}, "balanceSheetHistoryQuarterly": {"balanceSheetStatements": [{"maxAge": 1, "endDate": "2020-06-30", "cash": 269902584000, "netReceivables": 16856823000, "totalCurrentAssets": 286759407000, "longTermInvestments": 1451701593000, "propertyPlantEquipment": 42790860000, "goodWill": 88896000, "otherAssets": 1865490973000, "totalAssets": 3646831729000, "accountsPayable": 3216764092000, "longTermDebt": 71045395000, "otherLiab": 141725846000, "minorityInterest": 459322000, "totalCurrentLiabilities": 3216764092000, "totalLiab": 3429535333000, "commonStock": 57097627000, "treasuryStock": 159739447000, "otherStockholderEquity": 159739447000, "totalStockholderEquity": 216837074000, "netTangibleAssets": 216748178000}, {"maxAge": 1, "endDate": "2020-03-31", "cash": 76739937000, "otherCurrentAssets": 357616008000, "totalCurrentAssets": 434355945000, "longTermInvestments": 1425256688000, "propertyPlantEquipment": 43368183000, "goodWill": 88896000, "otherAssets": 1670304755000, "deferredLongTermAssetCharges": 76068866000, "totalAssets": 3573374467000, "accountsPayable": 3142011415000, "otherCurrentLiab": 6203584000, "longTermDebt": 60760328000, "otherLiab": 140517548000, "minorityInterest": 453179000, "totalCurrentLiabilities": 3156278392000, "totalLiab": 3357556268000, "commonStock": 57097627000, "retainedEarnings": -125654287000, "treasuryStock": 42851411000, "capitalSurplus": 241070269000, "otherStockholderEquity": 42851411000, "totalStockholderEquity": 215365020000, "netTangibleAssets": 215276124000}, {"maxAge": 1, "endDate": "2019-12-31", "cash": 261216850000, "netReceivables": 39480424000, "totalCurrentAssets": 300697274000, "longTermInvestments": 1395652651000, "propertyPlantEquipment": 42777216000, "goodWill": 88896000, "otherAssets": 1750459368000, "totalAssets": 3489675405000, "accountsPayable": 3089308456000, "longTermDebt": 54939635000, "otherLiab": 112811831000, "minorityInterest": 448537000, "totalCurrentLiabilities": 3089308456000, "totalLiab": 3257059922000, "commonStock": 57097627000, "treasuryStock": 175069319000, "otherStockholderEquity": 175069319000, "totalStockholderEquity": 232166946000, "netTangibleAssets": 232078050000}, {"maxAge": 1, "endDate": "2019-06-30", "cash": 264774986000, "netReceivables": 6738030000, "totalCurrentAssets": 271513016000, "longTermInvestments": 1285629143000, "propertyPlantEquipment": 43414834000, "goodWill": 88896000, "otherAssets": 1711306354000, "totalAssets": 3311952243000, "accountsPayable": 2982433837000, "longTermDebt": 50938905000, "otherLiab": 83620476000, "totalCurrentLiabilities": 2982433837000, "totalLiab": 3116993218000, "commonStock": 41259177000, "treasuryStock": 153699848000, "otherStockholderEquity": 153699848000, "totalStockholderEquity": 194959025000, "netTangibleAssets": 194870129000}], "maxAge": 86400}, "earningsHistory": {"history": [{"maxAge": 1, "epsActual": {}, "epsEstimate": {}, "epsDifference": {}, "surprisePercent": {}, "quarter": {}, "period": "-4q"}, {"maxAge": 1, "epsActual": {}, "epsEstimate": {}, "epsDifference": {}, "surprisePercent": {}, "quarter": {}, "period": "-3q"}, {"maxAge": 1, "epsActual": {}, "epsEstimate": {}, "epsDifference": {}, "surprisePercent": {}, "quarter": {}, "period": "-2q"}, {"maxAge": 1, "epsActual": {}, "epsEstimate": {}, "epsDifference": {}, "surprisePercent": {}, "quarter": {}, "period": "-1q"}], "maxAge": 86400}, "indexTrend": {"maxAge": 1, "symbol": "SP5", "peRatio": 19.7411, "pegRatio": 1.34172, "estimates": [{"period": "0q", "growth": 0.549}, {"period": "+1q", "growth": 0.431}, {"period": "0y", "growth": 0.305}, {"period": "+1y", "growth": 0.109}, {"period": "+5y", "growth": 0.120865}, {"period": "-5y"}]}, "industryTrend": {"maxAge": 1, "symbol": null, "estimates": []}, "insiderTransactions": {"transactions": [{"maxAge": 1, "shares": 153868113, "filerUrl": "", "transactionText": "", "filerName": "President of India", "filerRelation": "Promoter", "moneyText": "", "startDate": "2015-03-24", "ownership": "D"}, {"maxAge": 1, "shares": 1350, "filerUrl": "", "transactionText": "", "filerName": "Naresh (Ram S)", "filerRelation": "UNREPORTED", "moneyText": "", "startDate": "2015-01-19", "ownership": "D"}, {"maxAge": 1, "shares": 3000, "filerUrl": "", "transactionText": "", "filerName": "Naresh (Ram S)", "filerRelation": "UNREPORTED", "moneyText": "", "startDate": "2015-01-16", "ownership": "D"}, {"maxAge": 1, "shares": 71075753, "filerUrl": "", "transactionText": "", "filerName": "Life Insurance Corporation of India", "filerRelation": "Institution- Corporation", "moneyText": "", "startDate": "2014-08-13", "ownership": "D"}, {"maxAge": 1, "shares": 305862361, "filerUrl": "", "transactionText": "", "filerName": "President of India", "filerRelation": "Promoter", "moneyText": "", "startDate": "2013-12-11", "ownership": "D"}, {"maxAge": 1, "shares": 308461538, "filerUrl": "", "transactionText": "", "filerName": "President of India", "filerRelation": "Promoter", "moneyText": "", "startDate": "2013-03-20", "ownership": "D"}], "maxAge": 1}, "quoteType": {"exchange": "BSE", "quoteType": "EQUITY", "symbol": "CENTRALBK.BO", "underlyingSymbol": "CENTRALBK.BO", "shortName": "CENTRAL BANK OF INDIA", "longName": "Central Bank of India", "firstTradeDateEpochUtc": "2007-08-21 09:15:00", "timeZoneFullName": "Asia/Kolkata", "timeZoneShortName": "IST", "uuid": "70b8d31f-e145-338b-abd0-a246f369ebc5", "messageBoardId": null, "gmtOffSetMilliseconds": 19800000, "maxAge": 1}, "incomeStatementHistory": {"incomeStatementHistory": [{"maxAge": 1, "endDate": "2020-03-31", "totalRevenue": 58116830000, "costOfRevenue": 0, "grossProfit": 58116830000, "researchDevelopment": {}, "sellingGeneralAdministrative": 56871728000, "nonRecurring": {}, "otherOperatingExpenses": 12518220000, "totalOperatingExpenses": 69389948000, "operatingIncome": -11273118000, "totalOtherIncomeExpenseNet": -1247709000, "ebit": 0, "interestExpense": {}, "incomeBeforeTax": -12520827000, "incomeTaxExpense": 0, "minorityInterest": 453179000, "netIncomeFromContinuingOps": -12520827000, "discontinuedOperations": {}, "extraordinaryItems": {}, "effectOfAccountingCharges": {}, "otherItems": {}, "netIncome": -12557234000, "netIncomeApplicableToCommonShares": -12557234000}, {"maxAge": 1, "endDate": "2019-03-31", "totalRevenue": 4520661000, "costOfRevenue": 0, "grossProfit": 4520661000, "researchDevelopment": {}, "sellingGeneralAdministrative": 49059192000, "nonRecurring": {}, "otherOperatingExpenses": 11738637000, "totalOperatingExpenses": 60797829000, "operatingIncome": -56277168000, "totalOtherIncomeExpenseNet": 165860000, "ebit": 0, "interestExpense": {}, "incomeBeforeTax": -56111308000, "incomeTaxExpense": -25200000000, "minorityInterest": 434572000, "netIncomeFromContinuingOps": -56111308000, "discontinuedOperations": {}, "extraordinaryItems": {}, "effectOfAccountingCharges": {}, "otherItems": {}, "netIncome": -56169251000, "netIncomeApplicableToCommonShares": -56169251000}, {"maxAge": 1, "endDate": "2018-03-31", "totalRevenue": 13301302000, "costOfRevenue": 0, "grossProfit": 13301302000, "researchDevelopment": {}, "sellingGeneralAdministrative": 53649690000, "nonRecurring": {}, "otherOperatingExpenses": 10607319000, "totalOperatingExpenses": 64257009000, "operatingIncome": -50955707000, "totalOtherIncomeExpenseNet": -383429000, "ebit": 0, "interestExpense": {}, "incomeBeforeTax": -51336093000, "incomeTaxExpense": 0, "minorityInterest": 398088000, "netIncomeFromContinuingOps": -51336093000, "discontinuedOperations": {}, "extraordinaryItems": {}, "effectOfAccountingCharges": {}, "otherItems": {}, "netIncome": -51396029000, "netIncomeApplicableToCommonShares": -51396029000}, {"maxAge": 1, "endDate": "2017-03-31", "totalRevenue": 39364686000, "costOfRevenue": 0, "grossProfit": 39364686000, "researchDevelopment": {}, "sellingGeneralAdministrative": 55505333000, "nonRecurring": {}, "otherOperatingExpenses": 8272269000, "totalOperatingExpenses": 63777602000, "operatingIncome": -24412916000, "totalOtherIncomeExpenseNet": -154888000, "ebit": 0, "interestExpense": {}, "incomeBeforeTax": -24567804000, "incomeTaxExpense": 0, "minorityInterest": 346226000, "netIncomeFromContinuingOps": -24567804000, "discontinuedOperations": {}, "extraordinaryItems": {}, "effectOfAccountingCharges": {}, "otherItems": {}, "netIncome": -24593610000, "netIncomeApplicableToCommonShares": -24593610000}], "maxAge": 86400}, "fundOwnership": {"maxAge": 1, "ownershipList": [{"maxAge": 1, "reportDate": "2020-07-31", "organization": "Vanguard International Stock Index-Total Intl Stock Indx", "pctHeld": 0.0008, "position": 4757757, "value": 85401738}, {"maxAge": 1, "reportDate": "2020-07-31", "organization": "Vanguard International Stock Index-Emerging Markets Stk", "pctHeld": 0.0007, "position": 4394869, "value": 78887898}, {"maxAge": 1, "reportDate": "2020-07-31", "organization": "Vanguard Intl Equity Index Fds-FTSE All World ex U.S.Small Cap Index", "pctHeld": 0.0002, "position": 1029237, "value": 18474804}, {"maxAge": 1, "reportDate": "2020-08-31", "organization": "SPDR (R) Idx Shares-SPDR (R) Emerging Markets Small Cap ETF", "pctHeld": 0.0001, "position": 433357, "value": 7670418}]}, "summaryDetail": {"maxAge": 1, "priceHint": 2, "previousClose": 16.35, "open": 16.2, "dayLow": 16.15, "dayHigh": 16.4, "regularMarketPreviousClose": 16.35, "regularMarketOpen": 16.2, "regularMarketDayLow": 16.15, "regularMarketDayHigh": 16.4, "volume": 340962, "regularMarketVolume": 340962, "averageVolume": 2464734, "averageVolume10days": 14027121, "averageDailyVolume10Day": 14027121, "bid": 16.3, "ask": 16.35, "bidSize": 0, "askSize": 0, "marketCap": 96065404928, "fiftyTwoWeekLow": 10.04, "fiftyTwoWeekHigh": 26.4, "fiftyDayAverage": 14.958571, "twoHundredDayAverage": 14.456131, "trailingAnnualDividendRate": 0.5, "trailingAnnualDividendYield": 0.030581038, "currency": "INR", "fromCurrency": null, "toCurrency": null, "lastMarket": null, "algorithm": null, "tradeable": false}, "sectorTrend": {"maxAge": 1, "symbol": null, "estimates": []}, "incomeStatementHistoryQuarterly": {"incomeStatementHistory": [{"maxAge": 1, "endDate": "2020-06-30", "totalRevenue": 18885100000, "costOfRevenue": 0, "grossProfit": 18885100000, "researchDevelopment": {}, "sellingGeneralAdministrative": 10406300000, "nonRecurring": {}, "otherOperatingExpenses": 5278100000, "totalOperatingExpenses": 15684400000, "operatingIncome": 3200700000, "totalOtherIncomeExpenseNet": 104000000, "ebit": 0, "interestExpense": {}, "incomeBeforeTax": 3304700000, "incomeTaxExpense": 1826500000, "minorityInterest": 459322000, "netIncomeFromContinuingOps": 1478200000, "discontinuedOperations": {}, "extraordinaryItems": {}, "effectOfAccountingCharges": {}, "otherItems": {}, "netIncome": 1472100000, "netIncomeApplicableToCommonShares": 1472100000}, {"maxAge": 1, "endDate": "2020-03-31", "totalRevenue": 3252530000, "costOfRevenue": 0, "grossProfit": 3252530000, "researchDevelopment": {}, "sellingGeneralAdministrative": 29048228000, "nonRecurring": {}, "otherOperatingExpenses": -6979480000, "totalOperatingExpenses": 22068748000, "operatingIncome": -18816218000, "totalOtherIncomeExpenseNet": -1464609000, "ebit": 0, "interestExpense": {}, "incomeBeforeTax": -20280827000, "incomeTaxExpense": -3483500000, "minorityInterest": 453179000, "netIncomeFromContinuingOps": -16797327000, "discontinuedOperations": {}, "extraordinaryItems": {}, "effectOfAccountingCharges": {}, "otherItems": {}, "netIncome": -16801934000, "netIncomeApplicableToCommonShares": -16801934000}, {"maxAge": 1, "endDate": "2019-12-31", "totalRevenue": 20335400000, "costOfRevenue": 0, "grossProfit": 20335400000, "researchDevelopment": {}, "sellingGeneralAdministrative": 9141800000, "nonRecurring": {}, "otherOperatingExpenses": 6649200000, "totalOperatingExpenses": 15791000000, "operatingIncome": 4544400000, "totalOtherIncomeExpenseNet": 56000000, "ebit": 0, "interestExpense": {}, "incomeBeforeTax": 4600400000, "incomeTaxExpense": 2941200000, "minorityInterest": 448537000, "netIncomeFromContinuingOps": 1659200000, "discontinuedOperations": {}, "extraordinaryItems": {}, "effectOfAccountingCharges": {}, "otherItems": {}, "netIncome": 1642800000, "netIncomeApplicableToCommonShares": 1642800000}, {"maxAge": 1, "endDate": "2019-06-30", "totalRevenue": 15378400000, "costOfRevenue": 0, "grossProfit": 15378400000, "researchDevelopment": {}, "sellingGeneralAdministrative": 8849600000, "nonRecurring": {}, "otherOperatingExpenses": 5838400000, "totalOperatingExpenses": 14688000000, "operatingIncome": 690400000, "totalOtherIncomeExpenseNet": 72100000, "ebit": 0, "interestExpense": {}, "incomeBeforeTax": 762500000, "incomeTaxExpense": -466700000, "minorityInterest": 448537000, "netIncomeFromContinuingOps": 1229200000, "discontinuedOperations": {}, "extraordinaryItems": {}, "effectOfAccountingCharges": {}, "otherItems": {}, "netIncome": 1216100000, "netIncomeApplicableToCommonShares": 1216100000}], "maxAge": 86400}, "cashflowStatementHistoryQuarterly": {"cashflowStatements": [{"maxAge": 1, "endDate": "2020-06-30", "netIncome": 1472100000, "changeToLiabilities": 0}, {"maxAge": 1, "endDate": "2020-03-31", "netIncome": -16801934000, "changeToLiabilities": 0}, {"maxAge": 1, "endDate": "2019-12-31", "netIncome": 1642800000, "changeToLiabilities": 0}, {"maxAge": 1, "endDate": "2019-06-30", "netIncome": 1216100000, "changeToLiabilities": 0}], "maxAge": 86400}, "insiderHolders": {"holders": [{"maxAge": 1, "name": "Life Insurance Corporation of India", "relation": "Institution- Corporation", "url": "", "transactionDescription": "Other", "latestTransDate": "2014-08-13", "positionDirect": 142767008, "positionDirectDate": "2014-08-13"}, {"maxAge": 1, "name": "Naresh (Ram S)", "relation": "UNREPORTED", "url": "", "transactionDescription": "Sale", "latestTransDate": "2015-01-19", "positionDirect": 200, "positionDirectDate": "2015-01-19"}, {"maxAge": 1, "name": "President of India", "relation": "Promoter", "url": "", "transactionDescription": "Other", "latestTransDate": "2015-03-24", "positionDirect": 1350827438, "positionDirectDate": "2015-03-24"}], "maxAge": 1}, "earnings": {"maxAge": 86400, "earningsChart": {"quarterly": [], "earningsDate": []}, "financialsChart": {"yearly": [{"date": 2017, "revenue": 39364686000, "earnings": -24593610000}, {"date": 2018, "revenue": 13301302000, "earnings": -51396029000}, {"date": 2019, "revenue": 4520661000, "earnings": -56169251000}, {"date": 2020, "revenue": 58116830000, "earnings": -12557234000}], "quarterly": [{"date": "2Q2019", "revenue": 15378400000, "earnings": 1216100000}, {"date": "4Q2019", "revenue": 20335400000, "earnings": 1642800000}, {"date": "1Q2020", "revenue": 3252530000, "earnings": -16801934000}, {"date": "2Q2020", "revenue": 18885100000, "earnings": 1472100000}]}, "financialCurrency": "INR"}, "calendarEvents": {"maxAge": 1, "earnings": {"earningsDate": []}}, "price": {"maxAge": 1, "regularMarketChangePercent": 0.0, "regularMarketChange": 0.0, "regularMarketTime": "2021-04-30 15:44:51", "priceHint": 2, "regularMarketPrice": 16.35, "regularMarketDayHigh": 16.4, "regularMarketDayLow": 16.15, "regularMarketVolume": 340962, "averageDailyVolume10Day": 14027121, "averageDailyVolume3Month": 2464734, "regularMarketPreviousClose": 16.35, "regularMarketSource": "FREE_REALTIME", "regularMarketOpen": 16.2, "exchange": "BSE", "exchangeName": "BSE", "exchangeDataDelayedBy": 0, "marketState": "CLOSED", "quoteType": "EQUITY", "symbol": "CENTRALBK.BO", "underlyingSymbol": null, "shortName": "CENTRAL BANK OF INDIA", "longName": "Central Bank of India", "currency": "INR", "quoteSourceName": "Delayed Quote", "currencySymbol": "\u20b9", "fromCurrency": null, "toCurrency": null, "lastMarket": null, "marketCap": 96065404928}, "balanceSheetHistory": {"balanceSheetStatements": [{"maxAge": 1, "endDate": "2020-03-31", "cash": 76739937000, "otherCurrentAssets": 357616008000, "totalCurrentAssets": 434355945000, "longTermInvestments": 1425256688000, "propertyPlantEquipment": 43368183000, "goodWill": 88896000, "otherAssets": 1670304755000, "deferredLongTermAssetCharges": 76068866000, "totalAssets": 3573374467000, "accountsPayable": 3142011415000, "otherCurrentLiab": 6203584000, "longTermDebt": 60760328000, "otherLiab": 140517548000, "minorityInterest": 453179000, "totalCurrentLiabilities": 3156278392000, "totalLiab": 3357556268000, "commonStock": 57097627000, "retainedEarnings": -125654287000, "treasuryStock": 42851411000, "capitalSurplus": 241070269000, "otherStockholderEquity": 42851411000, "totalStockholderEquity": 215365020000, "netTangibleAssets": 215276124000}, {"maxAge": 1, "endDate": "2019-03-31", "cash": 118560231000, "netReceivables": 105181420000, "otherCurrentAssets": 264605797000, "totalCurrentAssets": 383166028000, "longTermInvestments": 1254527365000, "propertyPlantEquipment": 43109150000, "goodWill": 88896000, "otherAssets": 1637954976000, "deferredLongTermAssetCharges": 78821035000, "totalAssets": 3318846415000, "accountsPayable": 3003113856000, "otherCurrentLiab": 6454286000, "longTermDebt": 56396659000, "otherLiab": 50114751000, "minorityInterest": 434572000, "totalCurrentLiabilities": 3017940082000, "totalLiab": 3124451492000, "commonStock": 40472014000, "retainedEarnings": -112576510000, "treasuryStock": 44526513000, "capitalSurplus": 221538334000, "otherStockholderEquity": 44526513000, "totalStockholderEquity": 193960351000, "netTangibleAssets": 193871455000}, {"maxAge": 1, "endDate": "2018-03-31", "cash": 47679790000, "otherCurrentAssets": 415279369000, "totalCurrentAssets": 462959159000, "longTermInvestments": 1027694647000, "propertyPlantEquipment": 43439644000, "goodWill": 88896000, "otherAssets": 1739310640000, "deferredLongTermAssetCharges": 53575850000, "totalAssets": 3273492986000, "accountsPayable": 2953544875000, "otherCurrentLiab": 6918635000, "longTermDebt": 60256819000, "otherLiab": 62509816000, "minorityInterest": 398088000, "totalCurrentLiabilities": 2968223653000, "totalLiab": 3090990288000, "commonStock": 26181558000, "retainedEarnings": -56379551000, "treasuryStock": 42393812000, "capitalSurplus": 169908791000, "otherStockholderEquity": 42393812000, "totalStockholderEquity": 182104610000, "netTangibleAssets": 182015714000}, {"maxAge": 1, "endDate": "2017-03-31", "cash": 54776243000, "otherCurrentAssets": 800939777000, "totalCurrentAssets": 855716020000, "longTermInvestments": 922765612000, "propertyPlantEquipment": 42910404000, "goodWill": 88896000, "otherAssets": 1525468297000, "deferredLongTermAssetCharges": 23443616000, "totalAssets": 3346949229000, "accountsPayable": 2973092266000, "otherCurrentLiab": 7502369000, "longTermDebt": 96233038000, "otherLiab": 79557578000, "minorityInterest": 346226000, "totalCurrentLiabilities": 2988698103000, "totalLiab": 3164488719000, "commonStock": 19021710000, "retainedEarnings": -4622541000, "treasuryStock": 49056476000, "capitalSurplus": 118658639000, "otherStockholderEquity": 49056476000, "totalStockholderEquity": 182114284000, "netTangibleAssets": 182025388000}], "maxAge": 86400}, "earningsTrend": {"trend": [{"maxAge": 1, "period": "0q", "endDate": null, "growth": {}, "earningsEstimate": {"avg": 0.0, "low": 0.0, "high": 0.0, "yearAgoEps": {}, "numberOfAnalysts": 0, "growth": {}}, "revenueEstimate": {"avg": 0, "low": 0, "high": 0, "numberOfAnalysts": 0, "yearAgoRevenue": {}, "growth": {}}, "epsTrend": {"current": 0.0, "7daysAgo": 0.0, "30daysAgo": 0.0, "60daysAgo": 0.0, "90daysAgo": 0.0}, "epsRevisions": {"upLast7days": 0, "upLast30days": 0, "downLast30days": 0, "downLast90days": {}}}, {"maxAge": 1, "period": "+1q", "endDate": null, "growth": {}, "earningsEstimate": {"avg": 0.0, "low": 0.0, "high": 0.0, "yearAgoEps": {}, "numberOfAnalysts": 0, "growth": {}}, "revenueEstimate": {"avg": 0, "low": 0, "high": 0, "numberOfAnalysts": 0, "yearAgoRevenue": {}, "growth": {}}, "epsTrend": {"current": 0.0, "7daysAgo": 0.0, "30daysAgo": 0.0, "60daysAgo": 0.0, "90daysAgo": 0.0}, "epsRevisions": {"upLast7days": 0, "upLast30days": 0, "downLast30days": 0, "downLast90days": {}}}, {"maxAge": 1, "period": "0y", "endDate": null, "growth": {}, "earningsEstimate": {"avg": 0.0, "low": 0.0, "high": 0.0, "yearAgoEps": {}, "numberOfAnalysts": 0, "growth": {}}, "revenueEstimate": {"avg": 0, "low": 0, "high": 0, "numberOfAnalysts": 0, "yearAgoRevenue": {}, "growth": {}}, "epsTrend": {"current": 0.0, "7daysAgo": 0.0, "30daysAgo": 0.0, "60daysAgo": 0.0, "90daysAgo": 0.0}, "epsRevisions": {"upLast7days": 0, "upLast30days": 0, "downLast30days": 0, "downLast90days": {}}}, {"maxAge": 1, "period": "+1y", "endDate": null, "growth": {}, "earningsEstimate": {"avg": 0.0, "low": 0.0, "high": 0.0, "yearAgoEps": {}, "numberOfAnalysts": 0, "growth": {}}, "revenueEstimate": {"avg": 0, "low": 0, "high": 0, "numberOfAnalysts": 0, "yearAgoRevenue": {}, "growth": {}}, "epsTrend": {"current": 0.0, "7daysAgo": 0.0, "30daysAgo": 0.0, "60daysAgo": 0.0, "90daysAgo": 0.0}, "epsRevisions": {"upLast7days": 0, "upLast30days": 0, "downLast30days": 0, "downLast90days": {}}}, {"maxAge": 1, "period": "+5y", "endDate": null, "growth": 0.204, "earningsEstimate": {"avg": {}, "low": {}, "high": {}, "yearAgoEps": {}, "numberOfAnalysts": {}, "growth": {}}, "revenueEstimate": {"avg": {}, "low": {}, "high": {}, "numberOfAnalysts": {}, "yearAgoRevenue": {}, "growth": {}}, "epsTrend": {"current": {}, "7daysAgo": {}, "30daysAgo": {}, "60daysAgo": {}, "90daysAgo": {}}, "epsRevisions": {"upLast7days": {}, "upLast30days": {}, "downLast30days": {}, "downLast90days": {}}}, {"maxAge": 1, "period": "-5y", "endDate": null, "growth": {}, "earningsEstimate": {"avg": {}, "low": {}, "high": {}, "yearAgoEps": {}, "numberOfAnalysts": {}, "growth": {}}, "revenueEstimate": {"avg": {}, "low": {}, "high": {}, "numberOfAnalysts": {}, "yearAgoRevenue": {}, "growth": {}}, "epsTrend": {"current": {}, "7daysAgo": {}, "30daysAgo": {}, "60daysAgo": {}, "90daysAgo": {}}, "epsRevisions": {"upLast7days": {}, "upLast30days": {}, "downLast30days": {}, "downLast90days": {}}}], "maxAge": 1}, "financialData": {"maxAge": 86400, "currentPrice": 16.35, "targetHighPrice": 78.0, "targetLowPrice": 78.0, "targetMeanPrice": 78.0, "targetMedianPrice": 78.0, "recommendationKey": "none", "numberOfAnalystOpinions": 1, "grossProfits": 58116830000, "financialCurrency": "INR"}}}