{"CENTENKA.NS": {"assetProfile": {"address1": "Plot no. 72 & 72-A", "address2": "MIDC Bhosari", "city": "Pune", "zip": "411026", "country": "India", "phone": "91 20 6612 7300", "fax": "91 20 2712 0113", "website": "http://www.centuryenka.com", "industry": "Textile Manufacturing", "sector": "Consumer Cyclical", "longBusinessSummary": "Century Enka Limited manufactures and sells synthetic yarns in India and internationally. The company offers nylon industrial yarns and tire cord fabrics, including yarn, greige fabrics, and dipped fabrics for reinforcement of tires, which are used in motor cycles, scooters, light commercial vehicles, heavy commercial vehicles, and off the road. It also provides nylon filament yarns, such as mono filament, mother, multifilament, and tow yarns for use in the apparel industry. Century Enka Limited was founded in 1965 and is based in Pune, India.", "fullTimeEmployees": 1595, "companyOfficers": [{"maxAge": 1, "name": "Mr. Krishnagopal  Ladsaria", "title": "Chief Financial Officer", "fiscalYear": 2020, "totalPay": 10876395, "exercisedValue": 0, "unexercisedValue": 0}, {"maxAge": 1, "name": "Mr. Rahul  Dubey", "age": 49, "title": "Company Sec. & Compliance Officer", "yearBorn": 1971, "exercisedValue": 0, "unexercisedValue": 0}, {"maxAge": 1, "name": "Mr. Suresh  Sodani", "age": 53, "title": "MD & Director", "yearBorn": 1967, "exercisedValue": 0, "unexercisedValue": 0}], "compensationAsOfEpochDate": "2020-12-31 05:30:00", "maxAge": 86400}, "recommendationTrend": {"trend": [{"period": "0m", "strongBuy": 0, "buy": 0, "hold": 0, "sell": 0, "strongSell": 0}, {"period": "-1m", "strongBuy": 0, "buy": 0, "hold": 0, "sell": 0, "strongSell": 0}, {"period": "-2m", "strongBuy": 0, "buy": 0, "hold": 0, "sell": 0, "strongSell": 0}, {"period": "-3m", "strongBuy": 0, "buy": 0, "hold": 0, "sell": 0, "strongSell": 0}], "maxAge": 86400}, "cashflowStatementHistory": {"cashflowStatements": [{"maxAge": 1, "endDate": "2020-03-31", "netIncome": 955300000, "depreciation": 442600000, "changeToNetincome": -419500000, "changeToAccountReceivables": 509000000, "changeToLiabilities": 119100000, "changeToInventory": -153200000, "changeToOperatingActivities": -49600000, "totalCashFromOperatingActivities": 1416100000, "capitalExpenditures": -282300000, "investments": -865100000, "otherCashflowsFromInvestingActivities": 5900000, "totalCashflowsFromInvestingActivities": -1044500000, "dividendsPaid": -153000000, "netBorrowings": -157200000, "otherCashflowsFromFinancingActivities": -67400000, "totalCashFromFinancingActivities": -377600000, "changeInCash": -6000000}, {"maxAge": 1, "endDate": "2019-03-31", "netIncome": 765800000, "depreciation": 438700000, "changeToNetincome": -86700000, "changeToAccountReceivables": 21300000, "changeToLiabilities": 238100000, "changeToInventory": 16700000, "changeToOperatingActivities": -181000000, "totalCashFromOperatingActivities": 1224600000, "capitalExpenditures": -394100000, "investments": -774600000, "otherCashflowsFromInvestingActivities": 50000000, "totalCashflowsFromInvestingActivities": -1101900000, "dividendsPaid": -153000000, "netBorrowings": -86000000, "otherCashflowsFromFinancingActivities": -67000000, "totalCashFromFinancingActivities": -306000000, "changeInCash": -183300000}, {"maxAge": 1, "endDate": "2018-03-31", "netIncome": 700900000, "depreciation": 415800000, "changeToNetincome": -280600000, "changeToAccountReceivables": -183100000, "changeToLiabilities": 30000000, "changeToInventory": 120500000, "changeToOperatingActivities": -245800000, "totalCashFromOperatingActivities": 561300000, "capitalExpenditures": -513000000, "investments": 128600000, "otherCashflowsFromInvestingActivities": 1900000, "totalCashflowsFromInvestingActivities": -82700000, "dividendsPaid": -153000000, "netBorrowings": -55900000, "otherCashflowsFromFinancingActivities": -66100000, "totalCashFromFinancingActivities": -275000000, "changeInCash": 203600000}, {"maxAge": 1, "endDate": "2017-03-31", "netIncome": 909700000, "depreciation": 423700000, "changeToNetincome": 58300000, "changeToAccountReceivables": -330200000, "changeToLiabilities": 423700000, "changeToInventory": -841700000, "changeToOperatingActivities": -38200000, "totalCashFromOperatingActivities": 605300000, "capitalExpenditures": -230900000, "investments": -48200000, "otherCashflowsFromInvestingActivities": 70300000, "totalCashflowsFromInvestingActivities": -198400000, "dividendsPaid": -131120000, "netBorrowings": -171700000, "otherCashflowsFromFinancingActivities": -91300000, "totalCashFromFinancingActivities": -426900000, "changeInCash": -20000000}], "maxAge": 86400}, "indexTrend": {"maxAge": 1, "symbol": "SP5", "peRatio": 19.7411, "pegRatio": 1.34172, "estimates": [{"period": "0q", "growth": 0.549}, {"period": "+1q", "growth": 0.431}, {"period": "0y", "growth": 0.305}, {"period": "+1y", "growth": 0.109}, {"period": "+5y", "growth": 0.120865}, {"period": "-5y"}]}, "defaultKeyStatistics": {"maxAge": 1, "priceHint": 2, "enterpriseValue": 2726144512, "profitMargins": 0.039470002, "floatShares": 13703607, "sharesOutstanding": 21850600, "heldPercentInsiders": 0.36175, "heldPercentInstitutions": 0.04622, "beta": 0.907263, "category": null, "bookValue": 459.87, "priceToBook": 0.54841584, "fundFamily": null, "legalType": null, "lastFiscalYearEnd": "2020-03-31 05:30:00", "nextFiscalYearEnd": "2022-03-31 05:30:00", "mostRecentQuarter": "2020-12-31 05:30:00", "earningsQuarterlyGrowth": 2.541, "netIncomeToCommon": 442300000, "trailingEps": 20.242, "lastSplitFactor": null, "enterpriseToRevenue": 0.243, "enterpriseToEbitda": 3.607, "52WeekChange": 0.95428133, "SandP52WeekChange": 0.48148263, "lastDividendValue": 8.0, "lastDividendDate": 1596067200}, "industryTrend": {"maxAge": 1, "symbol": null, "estimates": []}, "quoteType": {"exchange": "NSI", "quoteType": "EQUITY", "symbol": "CENTENKA.NS", "underlyingSymbol": "CENTENKA.NS", "shortName": "CENTURY ENKA", "longName": "Century Enka Limited", "firstTradeDateEpochUtc": "2002-07-01 09:15:00", "timeZoneFullName": "Asia/Kolkata", "timeZoneShortName": "IST", "uuid": "1dd04a96-351d-311b-94c5-74a9a7e8c4c6", "messageBoardId": "finmb_878216", "gmtOffSetMilliseconds": 19800000, "maxAge": 1}, "incomeStatementHistory": {"incomeStatementHistory": [{"maxAge": 1, "endDate": "2020-03-31", "totalRevenue": 14234800000, "costOfRevenue": 10945600000, "grossProfit": 3289200000, "researchDevelopment": {}, "sellingGeneralAdministrative": 1008700000, "nonRecurring": {}, "otherOperatingExpenses": 1348400000, "totalOperatingExpenses": 13757700000, "operatingIncome": 477100000, "totalOtherIncomeExpenseNet": 387400000, "ebit": 477100000, "interestExpense": -33000000, "incomeBeforeTax": 864500000, "incomeTaxExpense": -90800000, "minorityInterest": {}, "netIncomeFromContinuingOps": 955300000, "discontinuedOperations": {}, "extraordinaryItems": {}, "effectOfAccountingCharges": {}, "otherItems": {}, "netIncome": 955300000, "netIncomeApplicableToCommonShares": 955300000}, {"maxAge": 1, "endDate": "2019-03-31", "totalRevenue": 17913800000, "costOfRevenue": 14095000000, "grossProfit": 3818800000, "researchDevelopment": {}, "sellingGeneralAdministrative": 958700000, "nonRecurring": {}, "otherOperatingExpenses": 1355500000, "totalOperatingExpenses": 16859100000, "operatingIncome": 1054700000, "totalOtherIncomeExpenseNet": 136300000, "ebit": 1054700000, "interestExpense": -31800000, "incomeBeforeTax": 1191000000, "incomeTaxExpense": 425200000, "minorityInterest": {}, "netIncomeFromContinuingOps": 765800000, "discontinuedOperations": {}, "extraordinaryItems": {}, "effectOfAccountingCharges": {}, "otherItems": {}, "netIncome": 765800000, "netIncomeApplicableToCommonShares": 765800000}, {"maxAge": 1, "endDate": "2018-03-31", "totalRevenue": 14164800000, "costOfRevenue": 10826300000, "grossProfit": 3338500000, "researchDevelopment": {}, "sellingGeneralAdministrative": 894500000, "nonRecurring": {}, "otherOperatingExpenses": 1299200000, "totalOperatingExpenses": 13439000000, "operatingIncome": 725800000, "totalOtherIncomeExpenseNet": 364500000, "ebit": 725800000, "interestExpense": -34000000, "incomeBeforeTax": 1090300000, "incomeTaxExpense": 389400000, "minorityInterest": {}, "netIncomeFromContinuingOps": 700900000, "discontinuedOperations": {}, "extraordinaryItems": {}, "effectOfAccountingCharges": {}, "otherItems": {}, "netIncome": 700900000, "netIncomeApplicableToCommonShares": 700900000}, {"maxAge": 1, "endDate": "2017-03-31", "totalRevenue": 11853100000, "costOfRevenue": 8422800000, "grossProfit": 3430300000, "researchDevelopment": {}, "sellingGeneralAdministrative": 785900000, "nonRecurring": {}, "otherOperatingExpenses": 777800000, "totalOperatingExpenses": 10409800000, "operatingIncome": 1443300000, "totalOtherIncomeExpenseNet": -45400000, "ebit": 1443300000, "interestExpense": -56200000, "incomeBeforeTax": 1397900000, "incomeTaxExpense": 488200000, "minorityInterest": {}, "netIncomeFromContinuingOps": 909700000, "discontinuedOperations": {}, "extraordinaryItems": {}, "effectOfAccountingCharges": {}, "otherItems": {}, "netIncome": 909700000, "netIncomeApplicableToCommonShares": 909700000}], "maxAge": 86400}, "fundOwnership": {"maxAge": 1, "ownershipList": []}, "summaryDetail": {"maxAge": 1, "priceHint": 2, "previousClose": 255.4, "open": 254.95, "dayLow": 248.1, "dayHigh": 258.95, "regularMarketPreviousClose": 255.4, "regularMarketOpen": 254.95, "regularMarketDayLow": 248.1, "regularMarketDayHigh": 258.95, "dividendRate": 8.0, "dividendYield": 0.0313, "exDividendDate": "2020-07-30 05:30:00", "payoutRatio": 0.3953, "fiveYearAvgDividendYield": 2.99, "beta": 0.907263, "trailingPE": 12.459243, "volume": 38552, "regularMarketVolume": 38552, "averageVolume": 89490, "averageVolume10days": 31929, "averageDailyVolume10Day": 31929, "bid": 0.0, "ask": 0.0, "bidSize": 0, "askSize": 0, "marketCap": 5518262272, "fiftyTwoWeekLow": 125.0, "fiftyTwoWeekHigh": 286.25, "priceToSalesTrailing12Months": 0.49247333, "fiftyDayAverage": 254.65286, "twoHundredDayAverage": 222.4118, "trailingAnnualDividendRate": 8.0, "trailingAnnualDividendYield": 0.031323414, "currency": "INR", "fromCurrency": null, "toCurrency": null, "lastMarket": null, "algorithm": null, "tradeable": false}, "insiderHolders": {"holders": [{"maxAge": 1, "name": "Birla (Basant Kumar)", "relation": "Non Executive Chairman", "url": "", "transactionDescription": "Other", "latestTransDate": "2015-04-29", "positionDirect": 71360, "positionDirectDate": "2015-04-29"}, {"maxAge": 1, "name": "Cygnet Industries Ltd", "relation": "Promoter", "url": "", "transactionDescription": "Sale", "latestTransDate": "2018-07-09", "positionDirect": 0, "positionDirectDate": "2018-07-09"}, {"maxAge": 1, "name": "Jayshree Investment & Finance Ltd", "relation": "Promoter", "url": "", "transactionDescription": "Sale", "latestTransDate": "2019-11-25", "positionDirect": 0, "positionDirectDate": "2019-11-25"}, {"maxAge": 1, "name": "Shah (Sharad Kantilal)", "relation": "UNREPORTED", "url": "", "transactionDescription": "Acquisition", "latestTransDate": "2009-12-31", "positionDirect": 1083626, "positionDirectDate": "2009-12-31"}], "maxAge": 1}, "calendarEvents": {"maxAge": 1, "earnings": {"earningsDate": []}, "exDividendDate": "2020-07-30 05:30:00"}, "price": {"maxAge": 1, "regularMarketChangePercent": -0.012529355, "regularMarketChange": -3.199997, "regularMarketTime": "2021-04-30 15:29:59", "priceHint": 2, "regularMarketPrice": 252.2, "regularMarketDayHigh": 258.95, "regularMarketDayLow": 248.1, "regularMarketVolume": 38552, "averageDailyVolume10Day": 31929, "averageDailyVolume3Month": 89490, "regularMarketPreviousClose": 255.4, "regularMarketSource": "FREE_REALTIME", "regularMarketOpen": 254.95, "exchange": "NSI", "exchangeName": "NSE", "exchangeDataDelayedBy": 15, "marketState": "CLOSED", "quoteType": "EQUITY", "symbol": "CENTENKA.NS", "underlyingSymbol": null, "shortName": "CENTURY ENKA", "longName": "Century Enka Limited", "currency": "INR", "quoteSourceName": "Delayed Quote", "currencySymbol": "\u20b9", "fromCurrency": null, "toCurrency": null, "lastMarket": null, "marketCap": 5518262272}, "balanceSheetHistory": {"balanceSheetStatements": [{"maxAge": 1, "endDate": "2020-03-31", "cash": 41800000, "shortTermInvestments": 2609800000, "netReceivables": 1939800000, "inventory": 2324100000, "otherCurrentAssets": 121800000, "totalCurrentAssets": 7047000000, "longTermInvestments": 34700000, "propertyPlantEquipment": 5263200000, "intangibleAssets": 44100000, "otherAssets": 249700000, "totalAssets": 12638700000, "accountsPayable": 1040500000, "shortLongTermDebt": 72800000, "otherCurrentLiab": 83500000, "longTermDebt": 97400000, "otherLiab": 979400000, "totalCurrentLiabilities": 1265000000, "totalLiab": 2391300000, "commonStock": 218500000, "retainedEarnings": 9736600000, "treasuryStock": -30200000, "capitalSurplus": 322500000, "otherStockholderEquity": -30200000, "totalStockholderEquity": 10247400000, "netTangibleAssets": 10203300000}, {"maxAge": 1, "endDate": "2019-03-31", "cash": 47800000, "shortTermInvestments": 1587300000, "netReceivables": 2505900000, "inventory": 2170900000, "otherCurrentAssets": 102000000, "totalCurrentAssets": 6423200000, "longTermInvestments": 105900000, "propertyPlantEquipment": 5446200000, "intangibleAssets": 54800000, "otherAssets": 282100000, "totalAssets": 12312200000, "accountsPayable": 933600000, "shortLongTermDebt": 169300000, "otherCurrentLiab": 118800000, "longTermDebt": 156300000, "otherLiab": 1264000000, "totalCurrentLiabilities": 1289300000, "totalLiab": 2763500000, "commonStock": 218500000, "retainedEarnings": 8965700000, "treasuryStock": 42000000, "capitalSurplus": 322500000, "otherStockholderEquity": 42000000, "totalStockholderEquity": 9548700000, "netTangibleAssets": 9493900000}, {"maxAge": 1, "endDate": "2018-03-31", "cash": 231100000, "shortTermInvestments": 737500000, "netReceivables": 2352800000, "inventory": 2187600000, "otherCurrentAssets": 59600000, "totalCurrentAssets": 5572100000, "longTermInvestments": 156100000, "propertyPlantEquipment": 5724200000, "intangibleAssets": 61600000, "otherAssets": 123100000, "totalAssets": 11637100000, "accountsPayable": 723000000, "shortLongTermDebt": 163300000, "otherCurrentLiab": 87600000, "longTermDebt": 306100000, "otherLiab": 1272300000, "totalCurrentLiabilities": 1049700000, "totalLiab": 2628100000, "commonStock": 218500000, "retainedEarnings": 8375500000, "treasuryStock": 92500000, "capitalSurplus": 322500000, "otherStockholderEquity": 92500000, "totalStockholderEquity": 9009000000, "netTangibleAssets": 8947400000}, {"maxAge": 1, "endDate": "2017-03-31", "cash": 27500000, "shortTermInvestments": 785900000, "netReceivables": 1935100000, "inventory": 2308100000, "otherCurrentAssets": 66700000, "totalCurrentAssets": 5131100000, "longTermInvestments": 204600000, "propertyPlantEquipment": 5724300000, "intangibleAssets": 24500000, "otherAssets": 110100000, "totalAssets": 11194600000, "accountsPayable": 682700000, "shortLongTermDebt": 143600000, "otherCurrentLiab": 154800000, "longTermDebt": 370800000, "otherLiab": 1196900000, "totalCurrentLiabilities": 1083300000, "totalLiab": 2651000000, "commonStock": 218500000, "retainedEarnings": 7861700000, "treasuryStock": 140900000, "capitalSurplus": 322500000, "otherStockholderEquity": 140900000, "totalStockholderEquity": 8543600000, "netTangibleAssets": 8519100000}], "maxAge": 86400}, "earningsTrend": {"trend": [{"maxAge": 1, "period": "0q", "endDate": null, "growth": {}, "earningsEstimate": {"avg": 0.0, "low": 0.0, "high": 0.0, "yearAgoEps": {}, "numberOfAnalysts": 0, "growth": {}}, "revenueEstimate": {"avg": 0, "low": 0, "high": 0, "numberOfAnalysts": 0, "yearAgoRevenue": {}, "growth": {}}, "epsTrend": {"current": 0.0, "7daysAgo": 0.0, "30daysAgo": 0.0, "60daysAgo": 0.0, "90daysAgo": 0.0}, "epsRevisions": {"upLast7days": 0, "upLast30days": 0, "downLast30days": 0, "downLast90days": {}}}, {"maxAge": 1, "period": "+1q", "endDate": null, "growth": {}, "earningsEstimate": {"avg": 0.0, "low": 0.0, "high": 0.0, "yearAgoEps": {}, "numberOfAnalysts": 0, "growth": {}}, "revenueEstimate": {"avg": 0, "low": 0, "high": 0, "numberOfAnalysts": 0, "yearAgoRevenue": {}, "growth": {}}, "epsTrend": {"current": 0.0, "7daysAgo": 0.0, "30daysAgo": 0.0, "60daysAgo": 0.0, "90daysAgo": 0.0}, "epsRevisions": {"upLast7days": 0, "upLast30days": 0, "downLast30days": 0, "downLast90days": {}}}, {"maxAge": 1, "period": "0y", "endDate": null, "growth": {}, "earningsEstimate": {"avg": 0.0, "low": 0.0, "high": 0.0, "yearAgoEps": {}, "numberOfAnalysts": 0, "growth": {}}, "revenueEstimate": {"avg": 0, "low": 0, "high": 0, "numberOfAnalysts": 0, "yearAgoRevenue": {}, "growth": {}}, "epsTrend": {"current": 0.0, "7daysAgo": 0.0, "30daysAgo": 0.0, "60daysAgo": 0.0, "90daysAgo": 0.0}, "epsRevisions": {"upLast7days": 0, "upLast30days": 0, "downLast30days": 0, "downLast90days": {}}}, {"maxAge": 1, "period": "+1y", "endDate": null, "growth": {}, "earningsEstimate": {"avg": 0.0, "low": 0.0, "high": 0.0, "yearAgoEps": {}, "numberOfAnalysts": 0, "growth": {}}, "revenueEstimate": {"avg": 0, "low": 0, "high": 0, "numberOfAnalysts": 0, "yearAgoRevenue": {}, "growth": {}}, "epsTrend": {"current": 0.0, "7daysAgo": 0.0, "30daysAgo": 0.0, "60daysAgo": 0.0, "90daysAgo": 0.0}, "epsRevisions": {"upLast7days": 0, "upLast30days": 0, "downLast30days": 0, "downLast90days": {}}}, {"maxAge": 1, "period": "+5y", "endDate": null, "growth": {}, "earningsEstimate": {"avg": {}, "low": {}, "high": {}, "yearAgoEps": {}, "numberOfAnalysts": {}, "growth": {}}, "revenueEstimate": {"avg": {}, "low": {}, "high": {}, "numberOfAnalysts": {}, "yearAgoRevenue": {}, "growth": {}}, "epsTrend": {"current": {}, "7daysAgo": {}, "30daysAgo": {}, "60daysAgo": {}, "90daysAgo": {}}, "epsRevisions": {"upLast7days": {}, "upLast30days": {}, "downLast30days": {}, "downLast90days": {}}}, {"maxAge": 1, "period": "-5y", "endDate": null, "growth": -0.01466, "earningsEstimate": {"avg": {}, "low": {}, "high": {}, "yearAgoEps": {}, "numberOfAnalysts": {}, "growth": {}}, "revenueEstimate": {"avg": {}, "low": {}, "high": {}, "numberOfAnalysts": {}, "yearAgoRevenue": {}, "growth": {}}, "epsTrend": {"current": {}, "7daysAgo": {}, "30daysAgo": {}, "60daysAgo": {}, "90daysAgo": {}}, "epsRevisions": {"upLast7days": {}, "upLast30days": {}, "downLast30days": {}, "downLast90days": {}}}], "maxAge": 1}, "institutionOwnership": {"maxAge": 1, "ownershipList": []}, "majorHoldersBreakdown": {"maxAge": 1, "insidersPercentHeld": 0.36175, "institutionsPercentHeld": 0.04622, "institutionsFloatPercentHeld": 0.07242, "institutionsCount": 1}, "balanceSheetHistoryQuarterly": {"balanceSheetStatements": [{"maxAge": 1, "endDate": "2020-12-31", "totalStockholderEquity": 10039700000, "netTangibleAssets": 10001800000}, {"maxAge": 1, "endDate": "2020-09-30", "cash": 195100000, "shortTermInvestments": 2831600000, "netReceivables": 1487600000, "inventory": 1610300000, "otherCurrentAssets": 327300000, "totalCurrentAssets": 6451900000, "longTermInvestments": 138000000, "propertyPlantEquipment": 5137200000, "intangibleAssets": 37900000, "otherAssets": 116500000, "totalAssets": 11881500000, "accountsPayable": 540000000, "shortLongTermDebt": 31300000, "otherCurrentLiab": 134300000, "longTermDebt": 79400000, "otherLiab": 973600000, "totalCurrentLiabilities": 740700000, "totalLiab": 1841800000, "commonStock": 218500000, "treasuryStock": 9821200000, "otherStockholderEquity": 9821200000, "totalStockholderEquity": 10039700000, "netTangibleAssets": 10001800000}, {"maxAge": 1, "endDate": "2020-06-30", "totalStockholderEquity": 10247400000, "netTangibleAssets": 10203300000}, {"maxAge": 1, "endDate": "2020-03-31", "cash": 41800000, "shortTermInvestments": 2609800000, "netReceivables": 1939800000, "inventory": 2324100000, "otherCurrentAssets": 121800000, "totalCurrentAssets": 7047000000, "longTermInvestments": 34700000, "propertyPlantEquipment": 5263200000, "intangibleAssets": 44100000, "otherAssets": 249700000, "totalAssets": 12638700000, "accountsPayable": 1040500000, "shortLongTermDebt": 72800000, "otherCurrentLiab": 83500000, "longTermDebt": 97400000, "otherLiab": 979400000, "totalCurrentLiabilities": 1265000000, "totalLiab": 2391300000, "commonStock": 218500000, "retainedEarnings": 9736600000, "treasuryStock": -30200000, "capitalSurplus": 322500000, "otherStockholderEquity": -30200000, "totalStockholderEquity": 10247400000, "netTangibleAssets": 10203300000}], "maxAge": 86400}, "earningsHistory": {"history": [{"maxAge": 1, "epsActual": {}, "epsEstimate": {}, "epsDifference": {}, "surprisePercent": {}, "quarter": {}, "period": "-4q"}, {"maxAge": 1, "epsActual": {}, "epsEstimate": {}, "epsDifference": {}, "surprisePercent": {}, "quarter": {}, "period": "-3q"}, {"maxAge": 1, "epsActual": {}, "epsEstimate": {}, "epsDifference": {}, "surprisePercent": {}, "quarter": {}, "period": "-2q"}, {"maxAge": 1, "epsActual": {}, "epsEstimate": {}, "epsDifference": {}, "surprisePercent": {}, "quarter": {}, "period": "-1q"}], "maxAge": 86400}, "summaryProfile": {"address1": "Plot no. 72 & 72-A", "address2": "MIDC Bhosari", "city": "Pune", "zip": "411026", "country": "India", "phone": "91 20 6612 7300", "fax": "91 20 2712 0113", "website": "http://www.centuryenka.com", "industry": "Textile Manufacturing", "sector": "Consumer Cyclical", "longBusinessSummary": "Century Enka Limited manufactures and sells synthetic yarns in India and internationally. The company offers nylon industrial yarns and tire cord fabrics, including yarn, greige fabrics, and dipped fabrics for reinforcement of tires, which are used in motor cycles, scooters, light commercial vehicles, heavy commercial vehicles, and off the road. It also provides nylon filament yarns, such as mono filament, mother, multifilament, and tow yarns for use in the apparel industry. Century Enka Limited was founded in 1965 and is based in Pune, India.", "fullTimeEmployees": 1595, "companyOfficers": [], "maxAge": 86400}, "netSharePurchaseActivity": {"maxAge": 1, "period": "6m", "buyInfoCount": 0, "buyInfoShares": 0, "sellInfoCount": 0, "netInfoCount": 0, "netInfoShares": 0, "netPercentInsiderShares": 0.0, "totalInsiderShares": 7904456}, "insiderTransactions": {"transactions": [{"maxAge": 1, "shares": 45490, "filerUrl": "", "transactionText": "", "filerName": "Jayshree Investment & Finance Ltd", "filerRelation": "Promoter", "moneyText": "", "startDate": "2019-11-25", "ownership": "D"}, {"maxAge": 1, "shares": 10600, "filerUrl": "", "transactionText": "", "filerName": "Jayshree Investment & Finance Ltd", "filerRelation": "Promoter", "moneyText": "", "startDate": "2019-11-25", "ownership": "D"}, {"maxAge": 1, "shares": 40259, "filerUrl": "", "transactionText": "", "filerName": "Jayshree Investment & Finance Ltd", "filerRelation": "Promoter", "moneyText": "", "startDate": "2019-11-22", "ownership": "D"}, {"maxAge": 1, "shares": 2902, "filerUrl": "", "transactionText": "", "filerName": "Jayshree Investment & Finance Ltd", "filerRelation": "Promoter", "moneyText": "", "startDate": "2019-11-22", "ownership": "D"}, {"maxAge": 1, "shares": 40075, "filerUrl": "", "transactionText": "", "filerName": "Jayshree Investment & Finance Ltd", "filerRelation": "Promoter", "moneyText": "", "startDate": "2019-11-21", "ownership": "D"}, {"maxAge": 1, "shares": 40075, "filerUrl": "", "transactionText": "", "filerName": "Jayshree Investment & Finance Ltd", "filerRelation": "Promoter", "moneyText": "", "startDate": "2019-11-21", "ownership": "D"}, {"maxAge": 1, "shares": 392697, "filerUrl": "", "transactionText": "", "filerName": "Cygnet Industries Ltd", "filerRelation": "Promoter", "moneyText": "", "startDate": "2018-07-09", "ownership": "D"}, {"maxAge": 1, "shares": 4737, "filerUrl": "", "transactionText": "", "filerName": "Cygnet Industries Ltd", "filerRelation": "Promoter", "moneyText": "", "startDate": "2018-07-04", "ownership": "D"}, {"maxAge": 1, "shares": 1962, "filerUrl": "", "transactionText": "", "filerName": "Cygnet Industries Ltd", "filerRelation": "Promoter", "moneyText": "", "startDate": "2018-06-13", "ownership": "D"}, {"maxAge": 1, "shares": 1301, "filerUrl": "", "transactionText": "", "filerName": "Cygnet Industries Ltd", "filerRelation": "Promoter", "moneyText": "", "startDate": "2018-06-12", "ownership": "D"}, {"maxAge": 1, "shares": 7175, "filerUrl": "", "transactionText": "", "filerName": "Cygnet Industries Ltd", "filerRelation": "Promoter", "moneyText": "", "startDate": "2018-06-11", "ownership": "D"}, {"maxAge": 1, "shares": 7808, "filerUrl": "", "transactionText": "", "filerName": "Cygnet Industries Ltd", "filerRelation": "Promoter", "moneyText": "", "startDate": "2018-06-08", "ownership": "D"}, {"maxAge": 1, "shares": 415680, "filerUrl": "", "transactionText": "", "filerName": "Cygnet Industries Ltd", "filerRelation": "Promoter", "moneyText": "", "startDate": "2018-02-20", "ownership": "D"}, {"maxAge": 1, "shares": 49000, "filerUrl": "", "transactionText": "", "filerName": "Birla (Basant Kumar)", "filerRelation": "Non Executive Chairman", "moneyText": "", "startDate": "2015-04-29", "ownership": "D"}, {"maxAge": 1, "shares": 116213, "filerUrl": "", "transactionText": "", "filerName": "Shah (Sharad Kantilal)", "filerRelation": "UNREPORTED", "moneyText": "", "startDate": "2009-12-31", "ownership": "D"}], "maxAge": 1}, "sectorTrend": {"maxAge": 1, "symbol": null, "estimates": []}, "incomeStatementHistoryQuarterly": {"incomeStatementHistory": [{"maxAge": 1, "endDate": "2020-12-31", "totalRevenue": 3983500000, "costOfRevenue": 2663800000, "grossProfit": 1319700000, "researchDevelopment": {}, "sellingGeneralAdministrative": 286900000, "nonRecurring": {}, "otherOperatingExpenses": 453700000, "totalOperatingExpenses": 3513800000, "operatingIncome": 469700000, "totalOtherIncomeExpenseNet": -22600000, "ebit": 469700000, "interestExpense": -3700000, "incomeBeforeTax": 447100000, "incomeTaxExpense": 122400000, "minorityInterest": {}, "netIncomeFromContinuingOps": 324700000, "discontinuedOperations": {}, "extraordinaryItems": {}, "effectOfAccountingCharges": {}, "otherItems": {}, "netIncome": 324700000, "netIncomeApplicableToCommonShares": 324700000}, {"maxAge": 1, "endDate": "2020-09-30", "totalRevenue": 2754800000, "costOfRevenue": 2004600000, "grossProfit": 750200000, "researchDevelopment": {}, "sellingGeneralAdministrative": 233300000, "nonRecurring": {}, "otherOperatingExpenses": 301900000, "totalOperatingExpenses": 2638200000, "operatingIncome": 116600000, "totalOtherIncomeExpenseNet": 50800000, "ebit": 116600000, "interestExpense": -4200000, "incomeBeforeTax": 167400000, "incomeTaxExpense": 19600000, "minorityInterest": {}, "netIncomeFromContinuingOps": 147800000, "discontinuedOperations": {}, "extraordinaryItems": {}, "effectOfAccountingCharges": {}, "otherItems": {}, "netIncome": 147800000, "netIncomeApplicableToCommonShares": 147800000}, {"maxAge": 1, "endDate": "2020-06-30", "totalRevenue": 1024200000, "costOfRevenue": 949200000, "grossProfit": 75000000, "researchDevelopment": {}, "sellingGeneralAdministrative": 219900000, "nonRecurring": {}, "otherOperatingExpenses": 164700000, "totalOperatingExpenses": 1436000000, "operatingIncome": -411800000, "totalOtherIncomeExpenseNet": 71500000, "ebit": -411800000, "interestExpense": -3800000, "incomeBeforeTax": -340300000, "incomeTaxExpense": -91300000, "minorityInterest": {}, "netIncomeFromContinuingOps": -249000000, "discontinuedOperations": {}, "extraordinaryItems": {}, "effectOfAccountingCharges": {}, "otherItems": {}, "netIncome": -249000000, "netIncomeApplicableToCommonShares": -249000000}, {"maxAge": 1, "endDate": "2020-03-31", "totalRevenue": 3442700000, "costOfRevenue": 2720100000, "grossProfit": 722600000, "researchDevelopment": {}, "sellingGeneralAdministrative": 276500000, "nonRecurring": {}, "otherOperatingExpenses": 193800000, "totalOperatingExpenses": 3301000000, "operatingIncome": 141700000, "totalOtherIncomeExpenseNet": 141200000, "ebit": 141700000, "interestExpense": -12600000, "incomeBeforeTax": 282900000, "incomeTaxExpense": 64100000, "minorityInterest": {}, "netIncomeFromContinuingOps": 218800000, "discontinuedOperations": {}, "extraordinaryItems": {}, "effectOfAccountingCharges": {}, "otherItems": {}, "netIncome": 218800000, "netIncomeApplicableToCommonShares": 218800000}], "maxAge": 86400}, "cashflowStatementHistoryQuarterly": {"cashflowStatements": [{"maxAge": 1, "endDate": "2020-12-31", "netIncome": 324700000, "changeToLiabilities": 0}, {"maxAge": 1, "endDate": "2020-09-30", "netIncome": 147800000, "changeToLiabilities": 0}, {"maxAge": 1, "endDate": "2020-06-30", "netIncome": -249000000, "changeToLiabilities": 0}, {"maxAge": 1, "endDate": "2020-03-31", "netIncome": 218800000, "changeToLiabilities": 0}], "maxAge": 86400}, "earnings": {"maxAge": 86400, "earningsChart": {"quarterly": [], "earningsDate": []}, "financialsChart": {"yearly": [{"date": 2017, "revenue": 11853100000, "earnings": 909700000}, {"date": 2018, "revenue": 14164800000, "earnings": 700900000}, {"date": 2019, "revenue": 17913800000, "earnings": 765800000}, {"date": 2020, "revenue": 14234800000, "earnings": 955300000}], "quarterly": [{"date": "1Q2020", "revenue": 3442700000, "earnings": 218800000}, {"date": "2Q2020", "revenue": 1024200000, "earnings": -249000000}, {"date": "3Q2020", "revenue": 2754800000, "earnings": 147800000}, {"date": "4Q2020", "revenue": 3983500000, "earnings": 324700000}]}, "financialCurrency": "INR"}, "financialData": {"maxAge": 86400, "currentPrice": 252.2, "targetHighPrice": 640.0, "targetLowPrice": 640.0, "targetMeanPrice": 640.0, "targetMedianPrice": 640.0, "recommendationMean": 1.5, "recommendationKey": "strong_buy", "numberOfAnalystOpinions": 1, "totalCash": 3026700032, "totalCashPerShare": 138.518, "ebitda": 755800000, "totalDebt": 172200000, "totalRevenue": 11205199872, "debtToEquity": 1.715, "revenuePerShare": 512.821, "grossProfits": 3289200000, "earningsGrowth": 2.538, "revenueGrowth": 0.078, "grossMargins": 0.25591, "ebitdaMargins": 0.06745, "operatingMargins": 0.028110001, "profitMargins": 0.039470002, "financialCurrency": "INR"}}}