{"CENTRALBK.NS": {"assetProfile": {"address1": "Chandermukhi", "address2": "9th Floor Nariman Point", "city": "Mumbai", "zip": "400021", "country": "India", "phone": "91 22 2202 6438", "fax": "+91 22 22044336", "website": "http://www.centralbankofindia.co.in", "industry": "Banks\u2014Regional", "sector": "Financial Services", "longBusinessSummary": "Central Bank of India operates as a commercial bank in India. It offers deposit products, which include savings and current accounts, time deposits, fixed deposits, and recurring deposit schemes; and loans, including housing, vehicle, property, personal, senior citizens, education, corporate mortgage and rental, and agricultural, as well as micro small and medium enterprises loans. The company also provides credit, debit, and prepaid/gift cards, as well as cash management, mutual funds, depository, payments, mobile and Internet banking, and ATM services, as well as remittance services. In addition, it offers investment banking services, such as debt syndication, financial modeling and valuation, merger and acquisition advisory, corporate restructuring, equity products, equity research, and wealth and portfolio management, as well as trusteeship services. Further, the company sells and distributes life, general, and health insurance products, including unit linked, whole life, children, money back, endowment, pension, health, property, personal, fire, burglary, engineering, motor, package, travel, and group insurance products, as well as protection and retirement solutions. As of March 31, 2020, it operated through a network of 4,651 branches; 3,642 ATMs; 10 satellite offices; and 1 extension counter. The company was founded in 1911 and is headquartered in Mumbai, India.", "fullTimeEmployees": 33481, "companyOfficers": [{"maxAge": 1, "name": "Mr. Alok  Srivastava", "age": 58, "title": "Exec. Director", "yearBorn": 1962, "exercisedValue": 0, "unexercisedValue": 0}, {"maxAge": 1, "name": "Mr. Matam Venkata Rao", "age": 55, "title": "MD, CEO & Director", "yearBorn": 1965, "exercisedValue": 0, "unexercisedValue": 0}, {"maxAge": 1, "name": "Mr. Mukul N. Dandige", "age": 54, "title": "Chief Financial Officer", "yearBorn": 1966, "exercisedValue": 0, "unexercisedValue": 0}, {"maxAge": 1, "name": "Mr. P. V. Raveendran", "title": "Gen. Mang. of Accounts and Operations", "exercisedValue": 0, "unexercisedValue": 0}, {"maxAge": 1, "name": "Mr. Anand Kumar Das", "title": "Deputy GM-MBD, Company Sec. & Compliance Officer", "exercisedValue": 0, "unexercisedValue": 0}, {"maxAge": 1, "name": "H. K. Vesuna", "title": "Chief Gen. Mang.", "fiscalYear": 2007, "totalPay": 460000, "exercisedValue": 0, "unexercisedValue": 0}, {"maxAge": 1, "name": "Mr. Parshuram  Panda B.Sc., CAIIB", "title": "Chief Vigilance Officer", "exercisedValue": 0, "unexercisedValue": 0}, {"maxAge": 1, "name": "Mr. Ashwini Kumar Shukla", "title": "Chief Risk Officer", "exercisedValue": 0, "unexercisedValue": 0}, {"maxAge": 1, "name": "Mr. Rajeev  Puri", "age": 57, "title": "Exec. Director", "yearBorn": 1963, "exercisedValue": 0, "unexercisedValue": 0}, {"maxAge": 1, "name": "Mr. Vivek  Wahi", "age": 55, "title": "Exec. Director", "yearBorn": 1965, "exercisedValue": 0, "unexercisedValue": 0}], "compensationAsOfEpochDate": "2007-12-31 05:30:00", "maxAge": 86400}, "cashflowStatementHistory": {"cashflowStatements": [{"maxAge": 1, "endDate": "2020-03-31", "netIncome": -12557234000, "depreciation": 2854800000, "changeToNetincome": 55077834000, "changeToLiabilities": 0, "changeToOperatingActivities": -165902300000, "totalCashFromOperatingActivities": -122018700000, "capitalExpenditures": -3219600000, "totalCashflowsFromInvestingActivities": -3147800000, "dividendsPaid": -70000000, "otherCashflowsFromFinancingActivities": 138893200000, "totalCashFromFinancingActivities": 172855400000, "changeInCash": 47688900000, "issuanceOfStock": 34032200000}, {"maxAge": 1, "endDate": "2019-03-31", "netIncome": -56169251000, "depreciation": 2779300000, "changeToNetincome": 87880851000, "changeToLiabilities": 0, "changeToOperatingActivities": -230946100000, "totalCashFromOperatingActivities": -194668800000, "capitalExpenditures": -2544200000, "totalCashflowsFromInvestingActivities": -2509400000, "dividendsPaid": -70000000, "otherCashflowsFromFinancingActivities": 49554700000, "totalCashFromFinancingActivities": 117530100000, "changeInCash": -79648200000, "issuanceOfStock": 68045400000}, {"maxAge": 1, "endDate": "2018-03-31", "netIncome": -51396029000, "depreciation": 2605000000, "changeToNetincome": 78604729000, "changeToLiabilities": 0, "changeToOperatingActivities": -451020300000, "totalCashFromOperatingActivities": -424216800000, "capitalExpenditures": -3143600000, "totalCashflowsFromInvestingActivities": -3102300000, "dividendsPaid": -32500000, "otherCashflowsFromFinancingActivities": -19554000000, "totalCashFromFinancingActivities": 31993500000, "changeInCash": -395325600000, "issuanceOfStock": 51580000000}, {"maxAge": 1, "endDate": "2017-03-31", "netIncome": -24593610000, "depreciation": 2576900000, "changeToNetincome": 55614110000, "changeToLiabilities": 0, "changeToOperatingActivities": 289876400000, "totalCashFromOperatingActivities": 312477500000, "capitalExpenditures": -1916800000, "totalCashflowsFromInvestingActivities": -1886200000, "dividendsPaid": -87500000, "otherCashflowsFromFinancingActivities": 306211400000, "totalCashFromFinancingActivities": 321661800000, "changeInCash": 632253100000, "issuanceOfStock": 15537900000}], "maxAge": 86400}, "institutionOwnership": {"maxAge": 1, "ownershipList": []}, "majorHoldersBreakdown": {"maxAge": 1, "insidersPercentHeld": 0.89779, "institutionsPercentHeld": 0.04282, "institutionsFloatPercentHeld": 0.41891, "institutionsCount": 8}, "balanceSheetHistoryQuarterly": {"balanceSheetStatements": [{"maxAge": 1, "endDate": "2020-12-31", "cash": 275003300000, "netReceivables": 23708600000, "totalCurrentAssets": 298711900000, "longTermInvestments": 1460312800000, "propertyPlantEquipment": 42469200000, "goodWill": 88900000, "otherAssets": 1824172800000, "totalAssets": 3625755600000, "accountsPayable": 3242716000000, "longTermDebt": 60724500000, "otherLiab": 99487600000, "minorityInterest": 509300000, "totalCurrentLiabilities": 3242716000000, "totalLiab": 3402928100000, "commonStock": 58755600000, "treasuryStock": 163562600000, "otherStockholderEquity": 163562600000, "totalStockholderEquity": 222318200000, "netTangibleAssets": 222229300000}, {"maxAge": 1, "endDate": "2020-09-30", "cash": 375179061000, "totalCurrentAssets": 375179061000, "longTermInvestments": 1506585314000, "propertyPlantEquipment": 42602409000, "goodWill": 88896000, "otherAssets": 1767999779000, "totalAssets": 3692455459000, "accountsPayable": 3238356372000, "longTermDebt": 65810476000, "otherLiab": 167139928000, "minorityInterest": 477167000, "totalCurrentLiabilities": 3238356372000, "totalLiab": 3471306776000, "commonStock": 58755625000, "treasuryStock": 161915891000, "otherStockholderEquity": 161915891000, "totalStockholderEquity": 220671516000, "netTangibleAssets": 220582620000}, {"maxAge": 1, "endDate": "2020-06-30", "cash": 269902584000, "netReceivables": 16856823000, "totalCurrentAssets": 286759407000, "longTermInvestments": 1451701593000, "propertyPlantEquipment": 42790860000, "goodWill": 88896000, "otherAssets": 1865490973000, "totalAssets": 3646831729000, "accountsPayable": 3216764092000, "longTermDebt": 71045395000, "otherLiab": 141725846000, "minorityInterest": 459322000, "totalCurrentLiabilities": 3216764092000, "totalLiab": 3429535333000, "commonStock": 57097627000, "treasuryStock": 159739447000, "otherStockholderEquity": 159739447000, "totalStockholderEquity": 216837074000, "netTangibleAssets": 216748178000}, {"maxAge": 1, "endDate": "2020-03-31", "cash": 76739937000, "otherCurrentAssets": 357616008000, "totalCurrentAssets": 434355945000, "longTermInvestments": 1425256688000, "propertyPlantEquipment": 43368183000, "goodWill": 88896000, "otherAssets": 1670304755000, "deferredLongTermAssetCharges": 76068866000, "totalAssets": 3573374467000, "accountsPayable": 3142011415000, "otherCurrentLiab": 6203584000, "longTermDebt": 60760328000, "otherLiab": 140517548000, "minorityInterest": 453179000, "totalCurrentLiabilities": 3156278392000, "totalLiab": 3357556268000, "commonStock": 57097627000, "retainedEarnings": -125654287000, "treasuryStock": 42851411000, "capitalSurplus": 241070269000, "otherStockholderEquity": 42851411000, "totalStockholderEquity": 215365020000, "netTangibleAssets": 215276124000}], "maxAge": 86400}, "indexTrend": {"maxAge": 1, "symbol": "SP5", "peRatio": 19.7411, "pegRatio": 1.34172, "estimates": [{"period": "0q", "growth": 0.549}, {"period": "+1q", "growth": 0.431}, {"period": "0y", "growth": 0.305}, {"period": "+1y", "growth": 0.109}, {"period": "+5y", "growth": 0.120865}, {"period": "-5y"}]}, "defaultKeyStatistics": {"maxAge": 1, "priceHint": 2, "enterpriseValue": -116843200512, "profitMargins": -0.18983999, "floatShares": 356997064, "sharesOutstanding": 5875559936, "heldPercentInsiders": 0.89779, "heldPercentInstitutions": 0.04282, "beta": 1.044769, "category": null, "bookValue": 37.502, "priceToBook": 0.43464348, "fundFamily": null, "legalType": null, "lastFiscalYearEnd": "2020-03-31 05:30:00", "nextFiscalYearEnd": "2022-03-31 05:30:00", "mostRecentQuarter": "2020-12-31 05:30:00", "earningsQuarterlyGrowth": 0.01, "netIncomeToCommon": -12385533952, "trailingEps": -1.738, "lastSplitFactor": null, "enterpriseToRevenue": -1.791, "52WeekChange": 0.08305645, "SandP52WeekChange": 0.48148263, "lastDividendValue": 0.5, "lastDividendDate": 1435017600}, "summaryProfile": {"address1": "Chandermukhi", "address2": "9th Floor Nariman Point", "city": "Mumbai", "zip": "400021", "country": "India", "phone": "91 22 2202 6438", "fax": "+91 22 22044336", "website": "http://www.centralbankofindia.co.in", "industry": "Banks\u2014Regional", "sector": "Financial Services", "longBusinessSummary": "Central Bank of India operates as a commercial bank in India. It offers deposit products, which include savings and current accounts, time deposits, fixed deposits, and recurring deposit schemes; and loans, including housing, vehicle, property, personal, senior citizens, education, corporate mortgage and rental, and agricultural, as well as micro small and medium enterprises loans. The company also provides credit, debit, and prepaid/gift cards, as well as cash management, mutual funds, depository, payments, mobile and Internet banking, and ATM services, as well as remittance services. In addition, it offers investment banking services, such as debt syndication, financial modeling and valuation, merger and acquisition advisory, corporate restructuring, equity products, equity research, and wealth and portfolio management, as well as trusteeship services. Further, the company sells and distributes life, general, and health insurance products, including unit linked, whole life, children, money back, endowment, pension, health, property, personal, fire, burglary, engineering, motor, package, travel, and group insurance products, as well as protection and retirement solutions. As of March 31, 2020, it operated through a network of 4,651 branches; 3,642 ATMs; 10 satellite offices; and 1 extension counter. The company was founded in 1911 and is headquartered in Mumbai, India.", "fullTimeEmployees": 33481, "companyOfficers": [], "maxAge": 86400}, "netSharePurchaseActivity": {"maxAge": 1, "period": "6m", "buyInfoCount": 0, "buyInfoShares": 0, "sellInfoCount": 0, "netInfoCount": 0, "netInfoShares": 0, "netPercentInsiderShares": 0.0, "totalInsiderShares": 5322291712}, "insiderTransactions": {"transactions": [{"maxAge": 1, "shares": 153868113, "filerUrl": "", "transactionText": "", "filerName": "President of India", "filerRelation": "Promoter", "moneyText": "", "startDate": "2015-03-24", "ownership": "D"}, {"maxAge": 1, "shares": 1350, "filerUrl": "", "transactionText": "", "filerName": "Naresh (Ram S)", "filerRelation": "UNREPORTED", "moneyText": "", "startDate": "2015-01-19", "ownership": "D"}, {"maxAge": 1, "shares": 3000, "filerUrl": "", "transactionText": "", "filerName": "Naresh (Ram S)", "filerRelation": "UNREPORTED", "moneyText": "", "startDate": "2015-01-16", "ownership": "D"}, {"maxAge": 1, "shares": 71075753, "filerUrl": "", "transactionText": "", "filerName": "Life Insurance Corporation of India", "filerRelation": "Institution- Corporation", "moneyText": "", "startDate": "2014-08-13", "ownership": "D"}, {"maxAge": 1, "shares": 305862361, "filerUrl": "", "transactionText": "", "filerName": "President of India", "filerRelation": "Promoter", "moneyText": "", "startDate": "2013-12-11", "ownership": "D"}, {"maxAge": 1, "shares": 308461538, "filerUrl": "", "transactionText": "", "filerName": "President of India", "filerRelation": "Promoter", "moneyText": "", "startDate": "2013-03-20", "ownership": "D"}], "maxAge": 1}, "quoteType": {"exchange": "NSI", "quoteType": "EQUITY", "symbol": "CENTRALBK.NS", "underlyingSymbol": "CENTRALBK.NS", "shortName": "CENTRAL BANK OF IN", "longName": "Central Bank of India", "firstTradeDateEpochUtc": "2007-08-21 09:15:00", "timeZoneFullName": "Asia/Kolkata", "timeZoneShortName": "IST", "uuid": "db99a09b-f447-392c-a7a9-e3acd8f23baf", "messageBoardId": "finmb_22516524", "gmtOffSetMilliseconds": 19800000, "maxAge": 1}, "incomeStatementHistory": {"incomeStatementHistory": [{"maxAge": 1, "endDate": "2020-03-31", "totalRevenue": 58116830000, "costOfRevenue": 0, "grossProfit": 58116830000, "researchDevelopment": {}, "sellingGeneralAdministrative": 56871728000, "nonRecurring": {}, "otherOperatingExpenses": 12518220000, "totalOperatingExpenses": 69389948000, "operatingIncome": -11273118000, "totalOtherIncomeExpenseNet": -1247709000, "ebit": 0, "interestExpense": {}, "incomeBeforeTax": -12520827000, "incomeTaxExpense": 0, "minorityInterest": 453179000, "netIncomeFromContinuingOps": -12520827000, "discontinuedOperations": {}, "extraordinaryItems": {}, "effectOfAccountingCharges": {}, "otherItems": {}, "netIncome": -12557234000, "netIncomeApplicableToCommonShares": -12557234000}, {"maxAge": 1, "endDate": "2019-03-31", "totalRevenue": 4520661000, "costOfRevenue": 0, "grossProfit": 4520661000, "researchDevelopment": {}, "sellingGeneralAdministrative": 49059192000, "nonRecurring": {}, "otherOperatingExpenses": 11738637000, "totalOperatingExpenses": 60797829000, "operatingIncome": -56277168000, "totalOtherIncomeExpenseNet": 165860000, "ebit": 0, "interestExpense": {}, "incomeBeforeTax": -56111308000, "incomeTaxExpense": -25200000000, "minorityInterest": 434572000, "netIncomeFromContinuingOps": -56111308000, "discontinuedOperations": {}, "extraordinaryItems": {}, "effectOfAccountingCharges": {}, "otherItems": {}, "netIncome": -56169251000, "netIncomeApplicableToCommonShares": -56169251000}, {"maxAge": 1, "endDate": "2018-03-31", "totalRevenue": 13301302000, "costOfRevenue": 0, "grossProfit": 13301302000, "researchDevelopment": {}, "sellingGeneralAdministrative": 53649690000, "nonRecurring": {}, "otherOperatingExpenses": 10607319000, "totalOperatingExpenses": 64257009000, "operatingIncome": -50955707000, "totalOtherIncomeExpenseNet": -383429000, "ebit": 0, "interestExpense": {}, "incomeBeforeTax": -51336093000, "incomeTaxExpense": 0, "minorityInterest": 398088000, "netIncomeFromContinuingOps": -51336093000, "discontinuedOperations": {}, "extraordinaryItems": {}, "effectOfAccountingCharges": {}, "otherItems": {}, "netIncome": -51396029000, "netIncomeApplicableToCommonShares": -51396029000}, {"maxAge": 1, "endDate": "2017-03-31", "totalRevenue": 39364686000, "costOfRevenue": 0, "grossProfit": 39364686000, "researchDevelopment": {}, "sellingGeneralAdministrative": 55505333000, "nonRecurring": {}, "otherOperatingExpenses": 8272269000, "totalOperatingExpenses": 63777602000, "operatingIncome": -24412916000, "totalOtherIncomeExpenseNet": -154888000, "ebit": 0, "interestExpense": {}, "incomeBeforeTax": -24567804000, "incomeTaxExpense": 0, "minorityInterest": 346226000, "netIncomeFromContinuingOps": -24567804000, "discontinuedOperations": {}, "extraordinaryItems": {}, "effectOfAccountingCharges": {}, "otherItems": {}, "netIncome": -24593610000, "netIncomeApplicableToCommonShares": -24593610000}], "maxAge": 86400}, "fundOwnership": {"maxAge": 1, "ownershipList": [{"maxAge": 1, "reportDate": "2021-01-31", "organization": "Vanguard International Stock Index-Emerging Markets Stk", "pctHeld": 0.0011, "position": 6287877, "value": 85200733}, {"maxAge": 1, "reportDate": "2021-01-31", "organization": "Vanguard International Stock Index-Total Intl Stock Indx", "pctHeld": 0.00059999997, "position": 3503413, "value": 47471246}, {"maxAge": 1, "reportDate": "2021-01-31", "organization": "Vanguard Intl Equity Index Fds-FTSE All World ex U.S.Small Cap Index", "pctHeld": 0.0002, "position": 954569, "value": 12934409}]}, "summaryDetail": {"maxAge": 1, "priceHint": 2, "previousClose": 16.35, "open": 16.15, "dayLow": 16.15, "dayHigh": 16.45, "regularMarketPreviousClose": 16.35, "regularMarketOpen": 16.15, "regularMarketDayLow": 16.15, "regularMarketDayHigh": 16.45, "exDividendDate": "2015-06-23 05:30:00", "payoutRatio": 0.0, "beta": 1.044769, "volume": 3384391, "regularMarketVolume": 3384391, "averageVolume": 23111470, "averageVolume10days": 4946724, "averageDailyVolume10Day": 4946724, "bid": 0.0, "ask": 0.0, "bidSize": 0, "askSize": 0, "marketCap": 95771623424, "fiftyTwoWeekLow": 10.1, "fiftyTwoWeekHigh": 26.4, "priceToSalesTrailing12Months": 1.4679257, "fiftyDayAverage": 16.873611, "twoHundredDayAverage": 14.732414, "trailingAnnualDividendRate": 0.5, "trailingAnnualDividendYield": 0.030581038, "currency": "INR", "fromCurrency": null, "toCurrency": null, "lastMarket": null, "algorithm": null, "tradeable": false}, "incomeStatementHistoryQuarterly": {"incomeStatementHistory": [{"maxAge": 1, "endDate": "2020-12-31", "totalRevenue": 22687100000, "costOfRevenue": 0, "grossProfit": 22687100000, "researchDevelopment": {}, "sellingGeneralAdministrative": 12010800000, "nonRecurring": {}, "otherOperatingExpenses": 6134000000, "totalOperatingExpenses": 18144800000, "operatingIncome": 4542300000, "totalOtherIncomeExpenseNet": -34500000, "ebit": 0, "interestExpense": {}, "incomeBeforeTax": 4507800000, "incomeTaxExpense": 2815800000, "minorityInterest": 509300000, "netIncomeFromContinuingOps": 1692000000, "discontinuedOperations": {}, "extraordinaryItems": {}, "effectOfAccountingCharges": {}, "otherItems": {}, "netIncome": 1659900000, "netIncomeApplicableToCommonShares": 1659900000}, {"maxAge": 1, "endDate": "2020-09-30", "totalRevenue": 20418100000, "costOfRevenue": 0, "grossProfit": 20418100000, "researchDevelopment": {}, "sellingGeneralAdministrative": 10082200000, "nonRecurring": {}, "otherOperatingExpenses": 6726800000, "totalOperatingExpenses": 16809000000, "operatingIncome": 3609100000, "totalOtherIncomeExpenseNet": -358600000, "ebit": 0, "interestExpense": {}, "incomeBeforeTax": 3250500000, "incomeTaxExpense": 1948200000, "minorityInterest": 477167000, "netIncomeFromContinuingOps": 1302300000, "discontinuedOperations": {}, "extraordinaryItems": {}, "effectOfAccountingCharges": {}, "otherItems": {}, "netIncome": 1284400000, "netIncomeApplicableToCommonShares": 1284400000}, {"maxAge": 1, "endDate": "2020-06-30", "totalRevenue": 18885100000, "costOfRevenue": 0, "grossProfit": 18885100000, "researchDevelopment": {}, "sellingGeneralAdministrative": 10406300000, "nonRecurring": {}, "otherOperatingExpenses": 5278100000, "totalOperatingExpenses": 15684400000, "operatingIncome": 3200700000, "totalOtherIncomeExpenseNet": 104000000, "ebit": 0, "interestExpense": {}, "incomeBeforeTax": 3304700000, "incomeTaxExpense": 1826500000, "minorityInterest": 459322000, "netIncomeFromContinuingOps": 1478200000, "discontinuedOperations": {}, "extraordinaryItems": {}, "effectOfAccountingCharges": {}, "otherItems": {}, "netIncome": 1472100000, "netIncomeApplicableToCommonShares": 1472100000}, {"maxAge": 1, "endDate": "2020-03-31", "totalRevenue": 3252530000, "costOfRevenue": 0, "grossProfit": 3252530000, "researchDevelopment": {}, "sellingGeneralAdministrative": 29048228000, "nonRecurring": {}, "otherOperatingExpenses": -6979480000, "totalOperatingExpenses": 22068748000, "operatingIncome": -18816218000, "totalOtherIncomeExpenseNet": -1464609000, "ebit": 0, "interestExpense": {}, "incomeBeforeTax": -20280827000, "incomeTaxExpense": -3483500000, "minorityInterest": 453179000, "netIncomeFromContinuingOps": -16797327000, "discontinuedOperations": {}, "extraordinaryItems": {}, "effectOfAccountingCharges": {}, "otherItems": {}, "netIncome": -16801934000, "netIncomeApplicableToCommonShares": -16801934000}], "maxAge": 86400}, "cashflowStatementHistoryQuarterly": {"cashflowStatements": [{"maxAge": 1, "endDate": "2020-12-31", "netIncome": 1659900000, "changeToLiabilities": 0}, {"maxAge": 1, "endDate": "2020-09-30", "netIncome": 1284400000, "changeToLiabilities": 0}, {"maxAge": 1, "endDate": "2020-06-30", "netIncome": 1472100000, "changeToLiabilities": 0}, {"maxAge": 1, "endDate": "2020-03-31", "netIncome": -16801934000, "changeToLiabilities": 0}], "maxAge": 86400}, "insiderHolders": {"holders": [{"maxAge": 1, "name": "Life Insurance Corporation of India", "relation": "Institution- Corporation", "url": "", "transactionDescription": "Other", "latestTransDate": "2014-08-13", "positionDirect": 142767008, "positionDirectDate": "2014-08-13"}, {"maxAge": 1, "name": "Naresh (Ram S)", "relation": "UNREPORTED", "url": "", "transactionDescription": "Sale", "latestTransDate": "2015-01-19", "positionDirect": 200, "positionDirectDate": "2015-01-19"}, {"maxAge": 1, "name": "President of India", "relation": "Promoter", "url": "", "transactionDescription": "Other", "latestTransDate": "2015-03-24", "positionDirect": 1350827438, "positionDirectDate": "2015-03-24"}], "maxAge": 1}, "calendarEvents": {"maxAge": 1, "earnings": {"earningsDate": []}, "exDividendDate": "2015-06-23 05:30:00"}, "price": {"maxAge": 1, "regularMarketChangePercent": -0.003058174, "regularMarketChange": -0.050001144, "regularMarketTime": "2021-04-30 15:30:01", "priceHint": 2, "regularMarketPrice": 16.3, "regularMarketDayHigh": 16.45, "regularMarketDayLow": 16.15, "regularMarketVolume": 3384391, "averageDailyVolume10Day": 4946724, "averageDailyVolume3Month": 23111470, "regularMarketPreviousClose": 16.35, "regularMarketSource": "FREE_REALTIME", "regularMarketOpen": 16.15, "exchange": "NSI", "exchangeName": "NSE", "exchangeDataDelayedBy": 15, "marketState": "CLOSED", "quoteType": "EQUITY", "symbol": "CENTRALBK.NS", "underlyingSymbol": null, "shortName": "CENTRAL BANK OF IN", "longName": "Central Bank of India", "currency": "INR", "quoteSourceName": "Delayed Quote", "currencySymbol": "\u20b9", "fromCurrency": null, "toCurrency": null, "lastMarket": null, "marketCap": 95771623424}, "balanceSheetHistory": {"balanceSheetStatements": [{"maxAge": 1, "endDate": "2020-03-31", "cash": 76739937000, "otherCurrentAssets": 357616008000, "totalCurrentAssets": 434355945000, "longTermInvestments": 1425256688000, "propertyPlantEquipment": 43368183000, "goodWill": 88896000, "otherAssets": 1670304755000, "deferredLongTermAssetCharges": 76068866000, "totalAssets": 3573374467000, "accountsPayable": 3142011415000, "otherCurrentLiab": 6203584000, "longTermDebt": 60760328000, "otherLiab": 140517548000, "minorityInterest": 453179000, "totalCurrentLiabilities": 3156278392000, "totalLiab": 3357556268000, "commonStock": 57097627000, "retainedEarnings": -125654287000, "treasuryStock": 42851411000, "capitalSurplus": 241070269000, "otherStockholderEquity": 42851411000, "totalStockholderEquity": 215365020000, "netTangibleAssets": 215276124000}, {"maxAge": 1, "endDate": "2019-03-31", "cash": 118560231000, "netReceivables": 105181420000, "otherCurrentAssets": 264605797000, "totalCurrentAssets": 383166028000, "longTermInvestments": 1254527365000, "propertyPlantEquipment": 43109150000, "goodWill": 88896000, "otherAssets": 1637954976000, "deferredLongTermAssetCharges": 78821035000, "totalAssets": 3318846415000, "accountsPayable": 3003113856000, "otherCurrentLiab": 6454286000, "longTermDebt": 56396659000, "otherLiab": 50114751000, "minorityInterest": 434572000, "totalCurrentLiabilities": 3017940082000, "totalLiab": 3124451492000, "commonStock": 40472014000, "retainedEarnings": -112576510000, "treasuryStock": 44526513000, "capitalSurplus": 221538334000, "otherStockholderEquity": 44526513000, "totalStockholderEquity": 193960351000, "netTangibleAssets": 193871455000}, {"maxAge": 1, "endDate": "2018-03-31", "cash": 47679790000, "otherCurrentAssets": 415279369000, "totalCurrentAssets": 462959159000, "longTermInvestments": 1027694647000, "propertyPlantEquipment": 43439644000, "goodWill": 88896000, "otherAssets": 1739310640000, "deferredLongTermAssetCharges": 53575850000, "totalAssets": 3273492986000, "accountsPayable": 2953544875000, "otherCurrentLiab": 6918635000, "longTermDebt": 60256819000, "otherLiab": 62509816000, "minorityInterest": 398088000, "totalCurrentLiabilities": 2968223653000, "totalLiab": 3090990288000, "commonStock": 26181558000, "retainedEarnings": -56379551000, "treasuryStock": 42393812000, "capitalSurplus": 169908791000, "otherStockholderEquity": 42393812000, "totalStockholderEquity": 182104610000, "netTangibleAssets": 182015714000}, {"maxAge": 1, "endDate": "2017-03-31", "cash": 54776243000, "otherCurrentAssets": 800939777000, "totalCurrentAssets": 855716020000, "longTermInvestments": 922765612000, "propertyPlantEquipment": 42910404000, "goodWill": 88896000, "otherAssets": 1525468297000, "deferredLongTermAssetCharges": 23443616000, "totalAssets": 3346949229000, "accountsPayable": 2973092266000, "otherCurrentLiab": 7502369000, "longTermDebt": 96233038000, "otherLiab": 79557578000, "minorityInterest": 346226000, "totalCurrentLiabilities": 2988698103000, "totalLiab": 3164488719000, "commonStock": 19021710000, "retainedEarnings": -4622541000, "treasuryStock": 49056476000, "capitalSurplus": 118658639000, "otherStockholderEquity": 49056476000, "totalStockholderEquity": 182114284000, "netTangibleAssets": 182025388000}], "maxAge": 86400}, "financialData": {"maxAge": 86400, "currentPrice": 16.3, "recommendationKey": "none", "totalCash": 275003310080, "totalCashPerShare": 46.389, "totalDebt": 60724498432, "totalRevenue": 65242828800, "revenuePerShare": 9.157, "returnOnAssets": -0.0034599998, "returnOnEquity": -0.05412, "grossProfits": 58116830000, "earningsGrowth": -0.2, "revenueGrowth": 0.116, "grossMargins": 0.0, "ebitdaMargins": 0.0, "operatingMargins": -0.11441, "profitMargins": -0.18983999, "financialCurrency": "INR"}}}