{"CERA.BO": {"recommendationTrend": {"trend": [{"period": "0m", "strongBuy": 0, "buy": 0, "hold": 0, "sell": 0, "strongSell": 0}, {"period": "-1m", "strongBuy": 0, "buy": 0, "hold": 0, "sell": 0, "strongSell": 0}, {"period": "-2m", "strongBuy": 0, "buy": 0, "hold": 0, "sell": 0, "strongSell": 0}, {"period": "-3m", "strongBuy": 0, "buy": 0, "hold": 0, "sell": 0, "strongSell": 0}], "maxAge": 86400}, "cashflowStatementHistory": {"cashflowStatements": [{"maxAge": 1, "endDate": "2020-03-31", "netIncome": 1132538000, "depreciation": 380583000, "changeToNetincome": -276034000, "changeToAccountReceivables": 727184000, "changeToLiabilities": -394193000, "changeToInventory": -272046000, "changeToOperatingActivities": -13451000, "totalCashFromOperatingActivities": 1293556000, "capitalExpenditures": -455795000, "investments": -352588000, "otherCashflowsFromInvestingActivities": 4326000, "totalCashflowsFromInvestingActivities": -799939000, "dividendsPaid": -341154000, "netBorrowings": -66434000, "otherCashflowsFromFinancingActivities": -144346000, "totalCashFromFinancingActivities": -551934000, "changeInCash": -58317000}, {"maxAge": 1, "endDate": "2019-03-31", "netIncome": 1151227000, "depreciation": 274870000, "changeToNetincome": 25346000, "changeToAccountReceivables": -307736000, "changeToLiabilities": 460574000, "changeToInventory": -222691000, "changeToOperatingActivities": -144197000, "totalCashFromOperatingActivities": 1244218000, "capitalExpenditures": -566891000, "investments": -488507000, "otherCashflowsFromInvestingActivities": 15092000, "totalCashflowsFromInvestingActivities": -1104158000, "dividendsPaid": -163669000, "netBorrowings": -55685000, "otherCashflowsFromFinancingActivities": -70757000, "totalCashFromFinancingActivities": -290111000, "changeInCash": -150051000}, {"maxAge": 1, "endDate": "2018-03-31", "netIncome": 1031777000, "depreciation": 263300000, "changeToNetincome": -42072000, "changeToAccountReceivables": -493369000, "changeToLiabilities": 247458000, "changeToInventory": -440458000, "changeToOperatingActivities": 177670000, "totalCashFromOperatingActivities": 754261000, "capitalExpenditures": -575583000, "investments": 106337000, "otherCashflowsFromInvestingActivities": 26830000, "totalCashflowsFromInvestingActivities": -410110000, "dividendsPaid": -156070000, "netBorrowings": -83318000, "otherCashflowsFromFinancingActivities": -124054000, "totalCashFromFinancingActivities": -338942000, "changeInCash": 5209000}, {"maxAge": 1, "endDate": "2017-03-31", "netIncome": 1017449000, "depreciation": 215921000, "changeToNetincome": 11558000, "changeToAccountReceivables": -429989000, "changeToLiabilities": 491514000, "changeToInventory": -137416000, "changeToOperatingActivities": -159765000, "totalCashFromOperatingActivities": 1016116000, "capitalExpenditures": -711875000, "investments": -348562000, "otherCashflowsFromInvestingActivities": 45664000, "totalCashflowsFromInvestingActivities": -1022540000, "dividendsPaid": -117053000, "netBorrowings": 170663000, "otherCashflowsFromFinancingActivities": -122938000, "totalCashFromFinancingActivities": 7994000, "changeInCash": 1570000, "issuanceOfStock": 77322000}], "maxAge": 86400}, "institutionOwnership": {"maxAge": 1, "ownershipList": []}, "balanceSheetHistoryQuarterly": {"balanceSheetStatements": [{"maxAge": 1, "endDate": "2020-06-30", "totalStockholderEquity": 7707420000, "netTangibleAssets": 7695454000}, {"maxAge": 1, "endDate": "2020-03-31", "cash": 8330000, "shortTermInvestments": 1042000, "netReceivables": 2431034000, "inventory": 2429801000, "otherCurrentAssets": 363159000, "totalCurrentAssets": 7204599000, "longTermInvestments": 458970000, "propertyPlantEquipment": 4378674000, "intangibleAssets": 11966000, "otherAssets": 139302000, "totalAssets": 12193511000, "accountsPayable": 953141000, "shortLongTermDebt": 75034000, "otherCurrentLiab": 176104000, "longTermDebt": 434450000, "otherLiab": 669267000, "minorityInterest": 76788000, "totalCurrentLiabilities": 3165060000, "totalLiab": 4409303000, "commonStock": 65029000, "retainedEarnings": 6878684000, "treasuryStock": -45887000, "capitalSurplus": 809594000, "otherStockholderEquity": -45887000, "totalStockholderEquity": 7707420000, "netTangibleAssets": 7695454000}, {"maxAge": 1, "endDate": "2019-12-31", "totalStockholderEquity": 7276241000, "netTangibleAssets": 7264185000}, {"maxAge": 1, "endDate": "2019-09-30", "cash": 50501000, "shortTermInvestments": 1935100000, "netReceivables": 2566487000, "inventory": 2293830000, "otherCurrentAssets": 519753000, "totalCurrentAssets": 7365671000, "longTermInvestments": 386802000, "propertyPlantEquipment": 4261284000, "intangibleAssets": 12056000, "otherAssets": 157433000, "totalAssets": 12183246000, "accountsPayable": 959961000, "otherCurrentLiab": 2023369000, "longTermDebt": 423571000, "otherLiab": 763608000, "minorityInterest": 91400000, "totalCurrentLiabilities": 3522720000, "totalLiab": 4815605000, "commonStock": 65029000, "treasuryStock": 7211212000, "otherStockholderEquity": 7211212000, "totalStockholderEquity": 7276241000, "netTangibleAssets": 7264185000}], "maxAge": 86400}, "earningsHistory": {"history": [{"maxAge": 1, "epsActual": 17.75, "epsEstimate": 21.69, "epsDifference": -3.94, "surprisePercent": -0.18200001, "quarter": "2017-12-31", "period": "-4q"}, {"maxAge": 1, "epsActual": 23.53, "epsEstimate": 22.46, "epsDifference": 1.07, "surprisePercent": 0.048, "quarter": "2018-03-31", "period": "-3q"}, {"maxAge": 1, "epsActual": 15.77, "epsEstimate": 17.07, "epsDifference": -1.3, "surprisePercent": -0.076, "quarter": "2018-06-30", "period": "-2q"}, {"maxAge": 1, "epsActual": 21.64, "epsEstimate": 21.35, "epsDifference": 0.29, "surprisePercent": 0.0139999995, "quarter": "2018-09-30", "period": "-1q"}], "maxAge": 86400}, "indexTrend": {"maxAge": 1, "symbol": "SP5", "peRatio": 19.7411, "pegRatio": 1.34172, "estimates": [{"period": "0q", "growth": 0.549}, {"period": "+1q", "growth": 0.431}, {"period": "0y", "growth": 0.305}, {"period": "+1y", "growth": 0.109}, {"period": "+5y", "growth": 0.120865}, {"period": "-5y"}]}, "industryTrend": {"maxAge": 1, "symbol": null, "estimates": []}, "insiderTransactions": {"transactions": [{"maxAge": 1, "shares": 63388, "filerUrl": "", "transactionText": "", "filerName": "Suvinay Trading & Investment Company Ltd", "filerRelation": "Institution- Corporation", "moneyText": "", "startDate": "2020-08-12", "ownership": "D"}, {"maxAge": 1, "shares": 39795, "filerUrl": "", "transactionText": "", "filerName": "HDFC Standard Life Insurance Co Ltd", "filerRelation": "Promoter", "moneyText": "", "startDate": "2020-05-18", "ownership": "D"}, {"maxAge": 1, "shares": 250000, "filerUrl": "", "transactionText": "", "filerName": "Nalanda India Fund Ltd", "filerRelation": "Promoter", "moneyText": "", "startDate": "2020-03-18", "ownership": "D"}, {"maxAge": 1, "shares": 500, "filerUrl": "", "transactionText": "", "filerName": "Patel (Parvatiben N)", "filerRelation": "UNREPORTED", "moneyText": "", "startDate": "2019-11-25", "ownership": "D"}], "maxAge": 1}, "quoteType": {"exchange": "BSE", "quoteType": "EQUITY", "symbol": "CERA.BO", "underlyingSymbol": "CERA.BO", "shortName": "CERA SANITARYWARE LTD.", "longName": "Cera Sanitaryware Limited", "firstTradeDateEpochUtc": "2002-07-01 09:15:00", "timeZoneFullName": "Asia/Kolkata", "timeZoneShortName": "IST", "uuid": "98d8068e-d1d3-37b7-a0e5-2e651cd54ace", "messageBoardId": null, "gmtOffSetMilliseconds": 19800000, "maxAge": 1}, "incomeStatementHistory": {"incomeStatementHistory": [{"maxAge": 1, "endDate": "2020-03-31", "totalRevenue": 12236889000, "costOfRevenue": 5563368000, "grossProfit": 6673521000, "researchDevelopment": {}, "sellingGeneralAdministrative": 2722861000, "nonRecurring": {}, "otherOperatingExpenses": 2256215000, "totalOperatingExpenses": 10930166000, "operatingIncome": 1306723000, "totalOtherIncomeExpenseNet": 42674000, "ebit": 1306723000, "interestExpense": -96134000, "incomeBeforeTax": 1349397000, "incomeTaxExpense": 243388000, "minorityInterest": 76788000, "netIncomeFromContinuingOps": 1106009000, "discontinuedOperations": {}, "extraordinaryItems": {}, "effectOfAccountingCharges": {}, "otherItems": {}, "netIncome": 1132538000, "netIncomeApplicableToCommonShares": 1132538000}, {"maxAge": 1, "endDate": "2019-03-31", "totalRevenue": 13515490000, "costOfRevenue": 6114541000, "grossProfit": 7400949000, "researchDevelopment": {}, "sellingGeneralAdministrative": 3066962000, "nonRecurring": {}, "otherOperatingExpenses": 2318186000, "totalOperatingExpenses": 11779476000, "operatingIncome": 1736014000, "totalOtherIncomeExpenseNet": 67322000, "ebit": 1736014000, "interestExpense": -81822000, "incomeBeforeTax": 1803336000, "incomeTaxExpense": 651877000, "minorityInterest": 103340000, "netIncomeFromContinuingOps": 1151459000, "discontinuedOperations": {}, "extraordinaryItems": {}, "effectOfAccountingCharges": {}, "otherItems": {}, "netIncome": 1151227000, "netIncomeApplicableToCommonShares": 1151227000}, {"maxAge": 1, "endDate": "2018-03-31", "totalRevenue": 11853429000, "costOfRevenue": 5224110000, "grossProfit": 6629319000, "researchDevelopment": {}, "sellingGeneralAdministrative": 2698300000, "nonRecurring": {}, "otherOperatingExpenses": 2111945000, "totalOperatingExpenses": 10305764000, "operatingIncome": 1547665000, "totalOtherIncomeExpenseNet": 873000, "ebit": 1547665000, "interestExpense": -85386000, "incomeBeforeTax": 1548538000, "incomeTaxExpense": 487984000, "minorityInterest": 67438000, "netIncomeFromContinuingOps": 1060554000, "discontinuedOperations": {}, "extraordinaryItems": {}, "effectOfAccountingCharges": {}, "otherItems": {}, "netIncome": 1031777000, "netIncomeApplicableToCommonShares": 1031777000}, {"maxAge": 1, "endDate": "2017-03-31", "totalRevenue": 10085290000, "costOfRevenue": 4430552000, "grossProfit": 5654738000, "researchDevelopment": {}, "sellingGeneralAdministrative": 2211435000, "nonRecurring": {}, "otherOperatingExpenses": 1647185000, "totalOperatingExpenses": 8510676000, "operatingIncome": 1574614000, "totalOtherIncomeExpenseNet": 4233000, "ebit": 1574614000, "interestExpense": -93309000, "incomeBeforeTax": 1578847000, "incomeTaxExpense": 580185000, "minorityInterest": 38831000, "netIncomeFromContinuingOps": 998662000, "discontinuedOperations": {}, "extraordinaryItems": {}, "effectOfAccountingCharges": {}, "otherItems": {}, "netIncome": 1017449000, "netIncomeApplicableToCommonShares": 1017449000}], "maxAge": 86400}, "fundOwnership": {"maxAge": 1, "ownershipList": [{"maxAge": 1, "reportDate": "2020-07-31", "organization": "DFA Emerging Markets Core Equity Portfolio", "pctHeld": 0.0027, "position": 34646, "value": 76307815}, {"maxAge": 1, "reportDate": "2020-07-31", "organization": "DFA Emerging Markets Small Cap Series", "pctHeld": 0.0023999999, "position": 31169, "value": 68649722}, {"maxAge": 1, "reportDate": "2020-08-31", "organization": "iShares MSCI India Small Cap ETF", "pctHeld": 0.0008, "position": 10580, "value": 26107737}, {"maxAge": 1, "reportDate": "2020-08-31", "organization": "SPDR (R) Idx Shares-SPDR (R) Emerging Markets Small Cap ETF", "pctHeld": 0.0004, "position": 5143, "value": 12691123}, {"maxAge": 1, "reportDate": "2020-07-31", "organization": "DFA Investment Dimensions-Emerging Markets Social Core Equity", "pctHeld": 0.0002, "position": 2844, "value": 6263910}, {"maxAge": 1, "reportDate": "2020-07-31", "organization": "DFA Investment Dimensions-World Ex U.S. Core Equity Port", "pctHeld": 0.0002, "position": 2805, "value": 6178012}, {"maxAge": 1, "reportDate": "2020-07-31", "organization": "DFA T.A. World Ex U.S. Core Equity Portfolio", "pctHeld": 0.0002, "position": 2798, "value": 6162595}, {"maxAge": 1, "reportDate": "2020-07-31", "organization": "DFA Emerging Markets Sustainability Core 1 Portfolio", "pctHeld": 0.0001, "position": 1024, "value": 2255360}, {"maxAge": 1, "reportDate": "2020-06-30", "organization": "College Retirement Equities Fund-Stock Account", "pctHeld": 0.0001, "position": 983, "value": 2172036}, {"maxAge": 1, "reportDate": "2020-07-31", "organization": "John Hancock Fds II-Emerging Markets Fund", "pctHeld": 0.0001, "position": 845, "value": 1861112}]}, "summaryDetail": {"maxAge": 1, "priceHint": 2, "previousClose": 3833.25, "open": 3831.75, "dayLow": 3818.0, "dayHigh": 3896.65, "regularMarketPreviousClose": 3833.25, "regularMarketOpen": 3831.75, "regularMarketDayLow": 3818.0, "regularMarketDayHigh": 3896.65, "trailingPE": 52.851814, "forwardPE": 37.692043, "volume": 514, "regularMarketVolume": 514, "averageVolume": 1056, "averageVolume10days": 1602, "averageDailyVolume10Day": 1602, "bid": 3820.0, "ask": 3880.0, "bidSize": 0, "askSize": 0, "marketCap": 50159202304, "fiftyTwoWeekLow": 2000.75, "fiftyTwoWeekHigh": 4017.65, "fiftyDayAverage": 3573.5415, "twoHundredDayAverage": 2947.8386, "trailingAnnualDividendRate": 13.0, "trailingAnnualDividendYield": 0.003391378, "currency": "INR", "fromCurrency": null, "toCurrency": null, "lastMarket": null, "algorithm": null, "tradeable": false}, "sectorTrend": {"maxAge": 1, "symbol": null, "estimates": []}, "incomeStatementHistoryQuarterly": {"incomeStatementHistory": [{"maxAge": 1, "endDate": "2020-06-30", "totalRevenue": 1460341000, "costOfRevenue": 765209000, "grossProfit": 695132000, "researchDevelopment": {}, "sellingGeneralAdministrative": 322198000, "nonRecurring": {}, "otherOperatingExpenses": 335084000, "totalOperatingExpenses": 1519067000, "operatingIncome": -58726000, "totalOtherIncomeExpenseNet": 45717000, "ebit": -58726000, "interestExpense": -23241000, "incomeBeforeTax": -13009000, "incomeTaxExpense": 4841000, "minorityInterest": {}, "netIncomeFromContinuingOps": -17850000, "discontinuedOperations": {}, "extraordinaryItems": {}, "effectOfAccountingCharges": {}, "otherItems": {}, "netIncome": 4605000, "netIncomeApplicableToCommonShares": 4605000}, {"maxAge": 1, "endDate": "2020-03-31", "totalRevenue": 2978479000, "costOfRevenue": 1385497000, "grossProfit": 1592982000, "researchDevelopment": {}, "sellingGeneralAdministrative": 1466140000, "nonRecurring": {}, "otherOperatingExpenses": -335907000, "totalOperatingExpenses": 2621309000, "operatingIncome": 357170000, "totalOtherIncomeExpenseNet": -11870000, "ebit": 357170000, "interestExpense": -22149000, "incomeBeforeTax": 345300000, "incomeTaxExpense": -13292000, "minorityInterest": 76788000, "netIncomeFromContinuingOps": 358592000, "discontinuedOperations": {}, "extraordinaryItems": {}, "effectOfAccountingCharges": {}, "otherItems": {}, "netIncome": 372397000, "netIncomeApplicableToCommonShares": 372397000}, {"maxAge": 1, "endDate": "2019-12-31", "totalRevenue": 3252347000, "costOfRevenue": 1541746000, "grossProfit": 1710601000, "researchDevelopment": {}, "sellingGeneralAdministrative": 424478000, "nonRecurring": {}, "otherOperatingExpenses": 837435000, "totalOperatingExpenses": 2899556000, "operatingIncome": 352791000, "totalOtherIncomeExpenseNet": 26129000, "ebit": 352791000, "interestExpense": -24817000, "incomeBeforeTax": 378920000, "incomeTaxExpense": 95994000, "minorityInterest": 76788000, "netIncomeFromContinuingOps": 282926000, "discontinuedOperations": {}, "extraordinaryItems": {}, "effectOfAccountingCharges": {}, "otherItems": {}, "netIncome": 283625000, "netIncomeApplicableToCommonShares": 283625000}, {"maxAge": 1, "endDate": "2019-09-30", "totalRevenue": 3294170000, "costOfRevenue": 1490551000, "grossProfit": 1803619000, "researchDevelopment": {}, "sellingGeneralAdministrative": 420958000, "nonRecurring": {}, "otherOperatingExpenses": 952155000, "totalOperatingExpenses": 2958826000, "operatingIncome": 335344000, "totalOtherIncomeExpenseNet": 20912000, "ebit": 335344000, "interestExpense": -24084000, "incomeBeforeTax": 356256000, "incomeTaxExpense": 63391000, "minorityInterest": 91400000, "netIncomeFromContinuingOps": 292865000, "discontinuedOperations": {}, "extraordinaryItems": {}, "effectOfAccountingCharges": {}, "otherItems": {}, "netIncome": 295502000, "netIncomeApplicableToCommonShares": 295502000}], "maxAge": 86400}, "cashflowStatementHistoryQuarterly": {"cashflowStatements": [{"maxAge": 1, "endDate": "2020-06-30", "netIncome": 4605000, "changeToLiabilities": 0}, {"maxAge": 1, "endDate": "2020-03-31", "netIncome": 372397000, "changeToLiabilities": 0}, {"maxAge": 1, "endDate": "2019-12-31", "netIncome": 283625000, "changeToLiabilities": 0}, {"maxAge": 1, "endDate": "2019-09-30", "netIncome": 295502000, "changeToLiabilities": 0}], "maxAge": 86400}, "insiderHolders": {"holders": [{"maxAge": 1, "name": "HDFC Standard Life Insurance Co Ltd", "relation": "Promoter", "url": "", "transactionDescription": "Sale", "latestTransDate": "2020-05-18", "positionDirect": 389139, "positionDirectDate": "2020-05-18"}, {"maxAge": 1, "name": "Nalanda India Fund Ltd", "relation": "Promoter", "url": "", "transactionDescription": "Other", "latestTransDate": "2020-03-18", "positionDirect": 1080943, "positionDirectDate": "2020-03-18"}, {"maxAge": 1, "name": "Patel (Parvatiben N)", "relation": "UNREPORTED", "url": "", "transactionDescription": "Sale", "latestTransDate": "2019-11-25", "positionDirect": 530, "positionDirectDate": "2019-11-25"}, {"maxAge": 1, "name": "Suvinay Trading & Investment Company Ltd", "relation": "Institution- Corporation", "url": "", "transactionDescription": "Acquisition", "latestTransDate": "2020-08-12", "positionDirect": 322808, "positionDirectDate": "2020-08-12"}], "maxAge": 1}, "earnings": {"maxAge": 86400, "earningsChart": {"quarterly": [{"date": "4Q2017", "actual": 17.75, "estimate": 21.69}, {"date": "1Q2018", "actual": 23.53, "estimate": 22.46}, {"date": "2Q2018", "actual": 15.77, "estimate": 17.07}, {"date": "3Q2018", "actual": 21.64, "estimate": 21.35}], "currentQuarterEstimateDate": "4Q", "currentQuarterEstimateYear": 2018, "earningsDate": ["2020-08-05 05:30:S"]}, "financialsChart": {"yearly": [{"date": 2017, "revenue": 10085290000, "earnings": 1017449000}, {"date": 2018, "revenue": 11853429000, "earnings": 1031777000}, {"date": 2019, "revenue": 13515490000, "earnings": 1151227000}, {"date": 2020, "revenue": 12236889000, "earnings": 1132538000}], "quarterly": [{"date": "3Q2019", "revenue": 3294170000, "earnings": 295502000}, {"date": "4Q2019", "revenue": 3252347000, "earnings": 283625000}, {"date": "1Q2020", "revenue": 2978479000, "earnings": 372397000}, {"date": "2Q2020", "revenue": 1460341000, "earnings": 4605000}]}, "financialCurrency": "INR"}, "calendarEvents": {"maxAge": 1, "earnings": {"earningsDate": ["2020-08-05 05:30:S"], "revenueAverage": 3338000000, "revenueLow": 3338000000, "revenueHigh": 3338000000}}, "price": {"maxAge": 1, "regularMarketChangePercent": 0.006104455, "regularMarketChange": 23.399902, "regularMarketTime": "2021-04-30 15:28:42", "priceHint": 2, "regularMarketPrice": 3856.65, "regularMarketDayHigh": 3896.65, "regularMarketDayLow": 3818.0, "regularMarketVolume": 514, "averageDailyVolume10Day": 1602, "averageDailyVolume3Month": 1056, "regularMarketPreviousClose": 3833.25, "regularMarketSource": "FREE_REALTIME", "regularMarketOpen": 3831.75, "exchange": "BSE", "exchangeName": "BSE", "exchangeDataDelayedBy": 0, "marketState": "CLOSED", "quoteType": "EQUITY", "symbol": "CERA.BO", "underlyingSymbol": null, "shortName": "CERA SANITARYWARE LTD.", "longName": "Cera Sanitaryware Limited", "currency": "INR", "quoteSourceName": "Delayed Quote", "currencySymbol": "\u20b9", "fromCurrency": null, "toCurrency": null, "lastMarket": null, "marketCap": 50159202304}, "balanceSheetHistory": {"balanceSheetStatements": [{"maxAge": 1, "endDate": "2020-03-31", "cash": 8330000, "shortTermInvestments": 1042000, "netReceivables": 2431034000, "inventory": 2429801000, "otherCurrentAssets": 363159000, "totalCurrentAssets": 7204599000, "longTermInvestments": 458970000, "propertyPlantEquipment": 4378674000, "intangibleAssets": 11966000, "otherAssets": 139302000, "totalAssets": 12193511000, "accountsPayable": 953141000, "shortLongTermDebt": 75034000, "otherCurrentLiab": 176104000, "longTermDebt": 434450000, "otherLiab": 669267000, "minorityInterest": 76788000, "totalCurrentLiabilities": 3165060000, "totalLiab": 4409303000, "commonStock": 65029000, "retainedEarnings": 6878684000, "treasuryStock": -45887000, "capitalSurplus": 809594000, "otherStockholderEquity": -45887000, "totalStockholderEquity": 7707420000, "netTangibleAssets": 7695454000}, {"maxAge": 1, "endDate": "2019-03-31", "cash": 66647000, "shortTermInvestments": 33435000, "netReceivables": 3148140000, "inventory": 2157755000, "otherCurrentAssets": 357237000, "totalCurrentAssets": 7400901000, "longTermInvestments": 260225000, "propertyPlantEquipment": 4034660000, "intangibleAssets": 14050000, "otherAssets": 198245000, "totalAssets": 11908081000, "accountsPayable": 1109397000, "shortLongTermDebt": 63500000, "otherCurrentLiab": 308887000, "longTermDebt": 395544000, "otherLiab": 729383000, "minorityInterest": 103340000, "totalCurrentLiabilities": 3670695000, "totalLiab": 4795622000, "commonStock": 65029000, "retainedEarnings": 6165494000, "treasuryStock": -30998000, "capitalSurplus": 809594000, "otherStockholderEquity": -30998000, "totalStockholderEquity": 7009119000, "netTangibleAssets": 6995069000}, {"maxAge": 1, "endDate": "2018-03-31", "cash": 216698000, "shortTermInvestments": 10758000, "netReceivables": 2802793000, "inventory": 1935066000, "otherCurrentAssets": 305256000, "totalCurrentAssets": 6379843000, "longTermInvestments": 90661000, "propertyPlantEquipment": 3639509000, "intangibleAssets": 10741000, "otherAssets": 330476000, "totalAssets": 10451230000, "accountsPayable": 945379000, "shortLongTermDebt": 43500000, "otherCurrentLiab": 218249000, "longTermDebt": 459044000, "otherLiab": 627830000, "minorityInterest": 67438000, "totalCurrentLiabilities": 3240683000, "totalLiab": 4327557000, "commonStock": 65029000, "retainedEarnings": 5202418000, "treasuryStock": -20806000, "capitalSurplus": 809594000, "otherStockholderEquity": -20806000, "totalStockholderEquity": 6056235000, "netTangibleAssets": 6045494000}, {"maxAge": 1, "endDate": "2017-03-31", "cash": 211489000, "shortTermInvestments": 1077933000, "netReceivables": 2300123000, "inventory": 1494608000, "otherCurrentAssets": 506540000, "totalCurrentAssets": 5601856000, "longTermInvestments": 170822000, "propertyPlantEquipment": 3437395000, "intangibleAssets": 13352000, "otherAssets": 222565000, "totalAssets": 9445990000, "accountsPayable": 847233000, "shortLongTermDebt": 85964000, "otherCurrentLiab": 211674000, "longTermDebt": 477767000, "otherLiab": 592477000, "minorityInterest": 38831000, "totalCurrentLiabilities": 3115418000, "totalLiab": 4185662000, "commonStock": 65029000, "retainedEarnings": 4358483000, "treasuryStock": -11609000, "capitalSurplus": 809594000, "otherStockholderEquity": -11609000, "totalStockholderEquity": 5221497000, "netTangibleAssets": 5208145000}], "maxAge": 86400}, "earningsTrend": {"trend": [{"maxAge": 1, "period": "0q", "endDate": "2018-12-31", "growth": {}, "earningsEstimate": {"avg": 0.0, "low": 0.0, "high": 0.0, "yearAgoEps": 17.75, "numberOfAnalysts": 0, "growth": {}}, "revenueEstimate": {"avg": 3338000000, "low": 3338000000, "high": 3338000000, "numberOfAnalysts": 1, "yearAgoRevenue": 2908790000, "growth": 0.148}, "epsTrend": {"current": 0.0, "7daysAgo": 21.63, "30daysAgo": 21.63, "60daysAgo": 21.63, "90daysAgo": 21.63}, "epsRevisions": {"upLast7days": 0, "upLast30days": 0, "downLast30days": 0, "downLast90days": {}}}, {"maxAge": 1, "period": "+1q", "endDate": "2019-03-31", "growth": {}, "earningsEstimate": {"avg": 0.0, "low": 0.0, "high": 0.0, "yearAgoEps": 23.53, "numberOfAnalysts": 0, "growth": {}}, "revenueEstimate": {"avg": 4171000000, "low": 4171000000, "high": 4171000000, "numberOfAnalysts": 1, "yearAgoRevenue": 3609270000, "growth": 0.156}, "epsTrend": {"current": 0.0, "7daysAgo": 27.21, "30daysAgo": 27.21, "60daysAgo": 27.21, "90daysAgo": 27.21}, "epsRevisions": {"upLast7days": 0, "upLast30days": 0, "downLast30days": 0, "downLast90days": {}}}, {"maxAge": 1, "period": "0y", "endDate": "2019-03-31", "growth": {}, "earningsEstimate": {"avg": 0.0, "low": 0.0, "high": 0.0, "yearAgoEps": {}, "numberOfAnalysts": 0, "growth": {}}, "revenueEstimate": {"avg": 13549500000, "low": 13324000000, "high": 13723000000, "numberOfAnalysts": 4, "yearAgoRevenue": 11820800000, "growth": 0.146}, "epsTrend": {"current": 0.0, "7daysAgo": 86.19, "30daysAgo": 86.19, "60daysAgo": 86.19, "90daysAgo": 86.19}, "epsRevisions": {"upLast7days": 0, "upLast30days": 0, "downLast30days": 0, "downLast90days": {}}}, {"maxAge": 1, "period": "+1y", "endDate": "2020-03-31", "growth": {}, "earningsEstimate": {"avg": 0.0, "low": 0.0, "high": 0.0, "yearAgoEps": {}, "numberOfAnalysts": 0, "growth": {}}, "revenueEstimate": {"avg": 15584800000, "low": 15268000000, "high": 16001000000, "numberOfAnalysts": 4, "yearAgoRevenue": 13549500000, "growth": 0.15}, "epsTrend": {"current": 0.0, "7daysAgo": 102.32, "30daysAgo": 102.32, "60daysAgo": 102.32, "90daysAgo": 102.32}, "epsRevisions": {"upLast7days": 0, "upLast30days": 0, "downLast30days": 0, "downLast90days": {}}}, {"maxAge": 1, "period": "+5y", "endDate": null, "growth": {}, "earningsEstimate": {"avg": {}, "low": {}, "high": {}, "yearAgoEps": {}, "numberOfAnalysts": {}, "growth": {}}, "revenueEstimate": {"avg": {}, "low": {}, "high": {}, "numberOfAnalysts": {}, "yearAgoRevenue": {}, "growth": {}}, "epsTrend": {"current": {}, "7daysAgo": {}, "30daysAgo": {}, "60daysAgo": {}, "90daysAgo": {}}, "epsRevisions": {"upLast7days": {}, "upLast30days": {}, "downLast30days": {}, "downLast90days": {}}}, {"maxAge": 1, "period": "-5y", "endDate": null, "growth": {}, "earningsEstimate": {"avg": {}, "low": {}, "high": {}, "yearAgoEps": {}, "numberOfAnalysts": {}, "growth": {}}, "revenueEstimate": {"avg": {}, "low": {}, "high": {}, "numberOfAnalysts": {}, "yearAgoRevenue": {}, "growth": {}}, "epsTrend": {"current": {}, "7daysAgo": {}, "30daysAgo": {}, "60daysAgo": {}, "90daysAgo": {}}, "epsRevisions": {"upLast7days": {}, "upLast30days": {}, "downLast30days": {}, "downLast90days": {}}}], "maxAge": 1}, "financialData": {"maxAge": 86400, "currentPrice": 3856.65, "targetHighPrice": 3483.0, "targetLowPrice": 2500.0, "targetMeanPrice": 2995.58, "targetMedianPrice": 3007.5, "recommendationKey": "none", "numberOfAnalystOpinions": 12, "grossProfits": 6673521000, "financialCurrency": "INR"}}}