{"CEREBRAINT.BO": {"cashflowStatementHistory": {"cashflowStatements": [{"maxAge": 1, "endDate": "2020-03-31", "netIncome": 114424000, "depreciation": 3239000, "changeToNetincome": 196103000, "changeToAccountReceivables": 174117000, "changeToLiabilities": -505293000, "changeToInventory": -82755000, "totalCashFromOperatingActivities": -100007000, "capitalExpenditures": -687052000, "investments": 9910000, "otherCashflowsFromInvestingActivities": 15746000, "totalCashflowsFromInvestingActivities": -661396000, "netBorrowings": 30936000, "otherCashflowsFromFinancingActivities": -18120000, "totalCashFromFinancingActivities": 12816000, "effectOfExchangeRate": 142746000, "changeInCash": -605841000}, {"maxAge": 1, "endDate": "2019-03-31", "netIncome": 44009000, "depreciation": 3766000, "changeToNetincome": 530613000, "changeToAccountReceivables": -1666271000, "changeToLiabilities": 781741000, "changeToInventory": 110593000, "totalCashFromOperatingActivities": -195549000, "capitalExpenditures": -4096000, "investments": 135396000, "otherCashflowsFromInvestingActivities": 3233000, "totalCashflowsFromInvestingActivities": 134533000, "netBorrowings": -4876000, "otherCashflowsFromFinancingActivities": -18948000, "totalCashFromFinancingActivities": 176000, "effectOfExchangeRate": 51324000, "changeInCash": -9516000, "issuanceOfStock": 24000000}, {"maxAge": 1, "endDate": "2018-03-31", "netIncome": 323989000, "depreciation": 3049000, "changeToNetincome": 75373000, "changeToAccountReceivables": -41668000, "changeToLiabilities": -531494000, "changeToInventory": -126631000, "totalCashFromOperatingActivities": -297382000, "capitalExpenditures": -3639000, "investments": -144948000, "otherCashflowsFromInvestingActivities": 4524000, "totalCashflowsFromInvestingActivities": -144063000, "netBorrowings": -2995000, "otherCashflowsFromFinancingActivities": 41103000, "totalCashFromFinancingActivities": 514108000, "effectOfExchangeRate": -27882000, "changeInCash": 44779000, "issuanceOfStock": 476000000}, {"maxAge": 1, "endDate": "2017-03-31", "netIncome": 112765000, "depreciation": 1701000, "changeToNetincome": 7869000, "changeToAccountReceivables": -1474957000, "changeToLiabilities": 1379025000, "changeToInventory": 1925000, "totalCashFromOperatingActivities": 28328000, "capitalExpenditures": -31619000, "investments": -3614000, "otherCashflowsFromInvestingActivities": 3497000, "totalCashflowsFromInvestingActivities": -31736000, "netBorrowings": -140531000, "otherCashflowsFromFinancingActivities": 6538000, "totalCashFromFinancingActivities": -7166000, "effectOfExchangeRate": -27882000, "changeInCash": -10572000, "issuanceOfStock": 126827000}], "maxAge": 86400}, "institutionOwnership": {"maxAge": 1, "ownershipList": []}, "balanceSheetHistoryQuarterly": {"balanceSheetStatements": [{"maxAge": 1, "endDate": "2020-06-30", "totalStockholderEquity": 2943717000, "netTangibleAssets": 2941624000}, {"maxAge": 1, "endDate": "2020-03-31", "cash": 129068000, "shortTermInvestments": 53991000, "netReceivables": 2544940000, "inventory": 121246000, "otherCurrentAssets": 120013000, "totalCurrentAssets": 2970223000, "longTermInvestments": 2085000, "propertyPlantEquipment": 772059000, "intangibleAssets": 2093000, "otherAssets": 736126000, "deferredLongTermAssetCharges": 6272000, "totalAssets": 4482586000, "accountsPayable": 1067920000, "shortLongTermDebt": 35575000, "otherCurrentLiab": 191534000, "longTermDebt": 5461000, "otherLiab": 5032000, "minorityInterest": 65019000, "totalCurrentLiabilities": 1463357000, "totalLiab": 1473850000, "commonStock": 1211864000, "retainedEarnings": 478366000, "treasuryStock": 279850000, "capitalSurplus": 973637000, "otherStockholderEquity": 279850000, "totalStockholderEquity": 2943717000, "netTangibleAssets": 2941624000}, {"maxAge": 1, "endDate": "2019-12-31", "totalStockholderEquity": 2864443000, "netTangibleAssets": 2863474000}, {"maxAge": 1, "endDate": "2019-09-30", "cash": 157488000, "netReceivables": 3674351000, "inventory": 74473000, "otherCurrentAssets": 149795000, "totalCurrentAssets": 4056107000, "longTermInvestments": 2021000, "propertyPlantEquipment": 716099000, "intangibleAssets": 969000, "otherAssets": 222115000, "deferredLongTermAssetCharges": 10716000, "totalAssets": 4997311000, "accountsPayable": 1679396000, "shortLongTermDebt": 86328000, "otherCurrentLiab": 280423000, "longTermDebt": 18866000, "otherLiab": 5033000, "minorityInterest": 62496000, "totalCurrentLiabilities": 2046473000, "totalLiab": 2070372000, "commonStock": 1211966000, "treasuryStock": 1652477000, "otherStockholderEquity": 1652477000, "totalStockholderEquity": 2864443000, "netTangibleAssets": 2863474000}], "maxAge": 86400}, "indexTrend": {"maxAge": 1, "symbol": "SP5", "peRatio": 19.7411, "pegRatio": 1.34172, "estimates": [{"period": "0q", "growth": 0.549}, {"period": "+1q", "growth": 0.431}, {"period": "0y", "growth": 0.305}, {"period": "+1y", "growth": 0.109}, {"period": "+5y", "growth": 0.120865}, {"period": "-5y"}]}, "insiderTransactions": {"transactions": [{"maxAge": 1, "shares": 100000, "filerUrl": "", "transactionText": "", "filerName": "Hegde (Shridhar S)", "filerRelation": "Wholetime Director", "moneyText": "", "startDate": "2018-12-21", "ownership": "D"}, {"maxAge": 1, "shares": 310414, "filerUrl": "", "transactionText": "", "filerName": "Ranganathan (V)", "filerRelation": "Managing Director", "moneyText": "", "startDate": "2018-12-21", "ownership": "D"}, {"maxAge": 1, "shares": 14697, "filerUrl": "", "transactionText": "", "filerName": "Lakhi (Dilipkumar)", "filerRelation": "UNREPORTED", "moneyText": "", "startDate": "2018-11-14", "ownership": "D"}, {"maxAge": 1, "shares": 124262, "filerUrl": "", "transactionText": "", "filerName": "Lakhi (Dilipkumar)", "filerRelation": "UNREPORTED", "moneyText": "", "startDate": "2018-11-09", "ownership": "D"}], "maxAge": 1}, "quoteType": {"exchange": "BSE", "quoteType": "EQUITY", "symbol": "CEREBRAINT.BO", "underlyingSymbol": "CEREBRAINT.BO", "shortName": "CEREBRA INTEGRATED TECHNOLOGIE", "longName": "Cerebra Integrated Technologies Limited", "firstTradeDateEpochUtc": "2001-12-31 09:15:00", "timeZoneFullName": "Asia/Kolkata", "timeZoneShortName": "IST", "uuid": "d6e3b127-c397-31b9-84b8-e0b911611b5c", "messageBoardId": null, "gmtOffSetMilliseconds": 19800000, "maxAge": 1}, "incomeStatementHistory": {"incomeStatementHistory": [{"maxAge": 1, "endDate": "2020-03-31", "totalRevenue": 1819991000, "costOfRevenue": 1296065000, "grossProfit": 523926000, "researchDevelopment": {}, "sellingGeneralAdministrative": 151711000, "nonRecurring": {}, "otherOperatingExpenses": 42068000, "totalOperatingExpenses": 1493241000, "operatingIncome": 326750000, "totalOtherIncomeExpenseNet": -182963000, "ebit": 326750000, "interestExpense": -27831000, "incomeBeforeTax": 143787000, "incomeTaxExpense": 21793000, "minorityInterest": 65019000, "netIncomeFromContinuingOps": 121994000, "discontinuedOperations": {}, "extraordinaryItems": {}, "effectOfAccountingCharges": {}, "otherItems": {}, "netIncome": 114424000, "netIncomeApplicableToCommonShares": 114424000}, {"maxAge": 1, "endDate": "2019-03-31", "totalRevenue": 3852333000, "costOfRevenue": 3104018000, "grossProfit": 748315000, "researchDevelopment": {}, "sellingGeneralAdministrative": 112709000, "nonRecurring": {}, "otherOperatingExpenses": 103807000, "totalOperatingExpenses": 3432613000, "operatingIncome": 419720000, "totalOtherIncomeExpenseNet": -221693000, "ebit": 419720000, "interestExpense": -33548000, "incomeBeforeTax": 198027000, "incomeTaxExpense": 139958000, "minorityInterest": 57448000, "netIncomeFromContinuingOps": 58069000, "discontinuedOperations": {}, "extraordinaryItems": {}, "effectOfAccountingCharges": {}, "otherItems": {}, "netIncome": 44009000, "netIncomeApplicableToCommonShares": 44009000}, {"maxAge": 1, "endDate": "2018-03-31", "totalRevenue": 3140157000, "costOfRevenue": 2462746000, "grossProfit": 677411000, "researchDevelopment": {}, "sellingGeneralAdministrative": 155611000, "nonRecurring": {}, "otherOperatingExpenses": 48864000, "totalOperatingExpenses": 2721956000, "operatingIncome": 418201000, "totalOtherIncomeExpenseNet": 793000, "ebit": 418201000, "interestExpense": -12615000, "incomeBeforeTax": 418994000, "incomeTaxExpense": 73270000, "minorityInterest": 38279000, "netIncomeFromContinuingOps": 345724000, "discontinuedOperations": {}, "extraordinaryItems": {}, "effectOfAccountingCharges": {}, "otherItems": {}, "netIncome": 323989000, "netIncomeApplicableToCommonShares": 323989000}, {"maxAge": 1, "endDate": "2017-03-31", "totalRevenue": 2504836000, "costOfRevenue": 2185177000, "grossProfit": 319659000, "researchDevelopment": {}, "sellingGeneralAdministrative": 163728000, "nonRecurring": {}, "otherOperatingExpenses": 8303000, "totalOperatingExpenses": 2359119000, "operatingIncome": 145717000, "totalOtherIncomeExpenseNet": -14640000, "ebit": 145717000, "interestExpense": -12888000, "incomeBeforeTax": 131077000, "incomeTaxExpense": 9602000, "minorityInterest": 16478000, "netIncomeFromContinuingOps": 121475000, "discontinuedOperations": {}, "extraordinaryItems": {}, "effectOfAccountingCharges": {}, "otherItems": {}, "netIncome": 112765000, "netIncomeApplicableToCommonShares": 112765000}], "maxAge": 86400}, "fundOwnership": {"maxAge": 1, "ownershipList": []}, "summaryDetail": {"maxAge": 1, "priceHint": 2, "previousClose": 49.55, "open": 49.25, "dayLow": 48.6, "dayHigh": 50.7, "regularMarketPreviousClose": 49.55, "regularMarketOpen": 49.25, "regularMarketDayLow": 48.6, "regularMarketDayHigh": 50.7, "trailingPE": 202.2, "volume": 168943, "regularMarketVolume": 168943, "averageVolume": 102239, "averageVolume10days": 27838, "averageDailyVolume10Day": 27838, "bid": 50.5, "ask": 50.75, "bidSize": 0, "askSize": 0, "marketCap": 6125952000, "fiftyTwoWeekLow": 17.0, "fiftyTwoWeekHigh": 64.0, "fiftyDayAverage": 46.58286, "twoHundredDayAverage": 33.894527, "currency": "INR", "fromCurrency": null, "toCurrency": null, "lastMarket": null, "algorithm": null, "tradeable": false}, "incomeStatementHistoryQuarterly": {"incomeStatementHistory": [{"maxAge": 1, "endDate": "2020-06-30", "totalRevenue": 158663000, "costOfRevenue": 139298000, "grossProfit": 19365000, "researchDevelopment": {}, "sellingGeneralAdministrative": 23947000, "nonRecurring": {}, "otherOperatingExpenses": 9642000, "totalOperatingExpenses": 173923000, "operatingIncome": -15260000, "totalOtherIncomeExpenseNet": -9579000, "ebit": -15260000, "interestExpense": -11364000, "incomeBeforeTax": -24839000, "incomeTaxExpense": 0, "minorityInterest": {}, "netIncomeFromContinuingOps": -24839000, "discontinuedOperations": {}, "extraordinaryItems": {}, "effectOfAccountingCharges": {}, "otherItems": {}, "netIncome": -24483000, "netIncomeApplicableToCommonShares": -24483000}, {"maxAge": 1, "endDate": "2020-03-31", "totalRevenue": 397944000, "costOfRevenue": 341535000, "grossProfit": 56409000, "researchDevelopment": {}, "sellingGeneralAdministrative": 54143000, "nonRecurring": {}, "otherOperatingExpenses": -994000, "totalOperatingExpenses": 395690000, "operatingIncome": 2254000, "totalOtherIncomeExpenseNet": -175233000, "ebit": 2254000, "interestExpense": -1212000, "incomeBeforeTax": -172979000, "incomeTaxExpense": -46394000, "minorityInterest": 65019000, "netIncomeFromContinuingOps": -126585000, "discontinuedOperations": {}, "extraordinaryItems": {}, "effectOfAccountingCharges": {}, "otherItems": {}, "netIncome": -127092000, "netIncomeApplicableToCommonShares": -127092000}, {"maxAge": 1, "endDate": "2019-12-31", "totalRevenue": 481897000, "costOfRevenue": 292257000, "grossProfit": 189640000, "researchDevelopment": {}, "sellingGeneralAdministrative": 37703000, "nonRecurring": {}, "otherOperatingExpenses": 15177000, "totalOperatingExpenses": 345978000, "operatingIncome": 135919000, "totalOtherIncomeExpenseNet": -9616000, "ebit": 135919000, "interestExpense": -9835000, "incomeBeforeTax": 126303000, "incomeTaxExpense": 29548000, "minorityInterest": 65019000, "netIncomeFromContinuingOps": 96755000, "discontinuedOperations": {}, "extraordinaryItems": {}, "effectOfAccountingCharges": {}, "otherItems": {}, "netIncome": 94739000, "netIncomeApplicableToCommonShares": 94739000}, {"maxAge": 1, "endDate": "2019-09-30", "totalRevenue": 537531000, "costOfRevenue": 381285000, "grossProfit": 156246000, "researchDevelopment": {}, "sellingGeneralAdministrative": 29293000, "nonRecurring": {}, "otherOperatingExpenses": 23984000, "totalOperatingExpenses": 435381000, "operatingIncome": 102150000, "totalOtherIncomeExpenseNet": 10436000, "ebit": 102150000, "interestExpense": -7085000, "incomeBeforeTax": 112586000, "incomeTaxExpense": 23225000, "minorityInterest": 62496000, "netIncomeFromContinuingOps": 89361000, "discontinuedOperations": {}, "extraordinaryItems": {}, "effectOfAccountingCharges": {}, "otherItems": {}, "netIncome": 87691000, "netIncomeApplicableToCommonShares": 87691000}], "maxAge": 86400}, "cashflowStatementHistoryQuarterly": {"cashflowStatements": [{"maxAge": 1, "endDate": "2020-06-30", "netIncome": -24483000, "changeToLiabilities": 0}, {"maxAge": 1, "endDate": "2020-03-31", "netIncome": -127092000, "changeToLiabilities": 0}, {"maxAge": 1, "endDate": "2019-12-31", "netIncome": 94739000, "changeToLiabilities": 0}, {"maxAge": 1, "endDate": "2019-09-30", "netIncome": 87691000, "changeToLiabilities": 0}], "maxAge": 86400}, "insiderHolders": {"holders": [{"maxAge": 1, "name": "Hegde (Shridhar S)", "relation": "Wholetime Director", "url": "", "transactionDescription": "Other", "latestTransDate": "2018-12-21", "positionDirect": 2688307, "positionDirectDate": "2018-12-21"}, {"maxAge": 1, "name": "Lakhi (Dilipkumar)", "relation": "UNREPORTED", "url": "", "transactionDescription": "Acquisition", "latestTransDate": "2018-11-14", "positionDirect": 1258622, "positionDirectDate": "2018-11-14"}, {"maxAge": 1, "name": "Ranganathan (V)", "relation": "Managing Director", "url": "", "transactionDescription": "Other", "latestTransDate": "2018-12-21", "positionDirect": 2885666, "positionDirectDate": "2018-12-21"}], "maxAge": 1}, "calendarEvents": {"maxAge": 1, "earnings": {"earningsDate": []}}, "price": {"maxAge": 1, "regularMarketChangePercent": 0.020181634, "regularMarketChange": 1.0, "regularMarketTime": "2021-04-30 15:24:27", "priceHint": 2, "regularMarketPrice": 50.55, "regularMarketDayHigh": 50.7, "regularMarketDayLow": 48.6, "regularMarketVolume": 168943, "averageDailyVolume10Day": 27838, "averageDailyVolume3Month": 102239, "regularMarketPreviousClose": 49.55, "regularMarketSource": "FREE_REALTIME", "regularMarketOpen": 49.25, "exchange": "BSE", "exchangeName": "BSE", "exchangeDataDelayedBy": 0, "marketState": "CLOSED", "quoteType": "EQUITY", "symbol": "CEREBRAINT.BO", "underlyingSymbol": null, "shortName": "CEREBRA INTEGRATED TECHNOLOGIE", "longName": "Cerebra Integrated Technologies Limited", "currency": "INR", "quoteSourceName": "Delayed Quote", "currencySymbol": "\u20b9", "fromCurrency": null, "toCurrency": null, "lastMarket": null, "marketCap": 6125952000}, "balanceSheetHistory": {"balanceSheetStatements": [{"maxAge": 1, "endDate": "2020-03-31", "cash": 129068000, "shortTermInvestments": 53991000, "netReceivables": 2544940000, "inventory": 121246000, "otherCurrentAssets": 120013000, "totalCurrentAssets": 2970223000, "longTermInvestments": 2085000, "propertyPlantEquipment": 772059000, "intangibleAssets": 2093000, "otherAssets": 736126000, "deferredLongTermAssetCharges": 6272000, "totalAssets": 4482586000, "accountsPayable": 1067920000, "shortLongTermDebt": 35575000, "otherCurrentLiab": 191534000, "longTermDebt": 5461000, "otherLiab": 5032000, "minorityInterest": 65019000, "totalCurrentLiabilities": 1463357000, "totalLiab": 1473850000, "commonStock": 1211864000, "retainedEarnings": 478366000, "treasuryStock": 279850000, "capitalSurplus": 973637000, "otherStockholderEquity": 279850000, "totalStockholderEquity": 2943717000, "netTangibleAssets": 2941624000}, {"maxAge": 1, "endDate": "2019-03-31", "cash": 701743000, "shortTermInvestments": 63901000, "netReceivables": 3446554000, "inventory": 38491000, "otherCurrentAssets": 25779000, "totalCurrentAssets": 4277209000, "longTermInvestments": 1962000, "propertyPlantEquipment": 89528000, "intangibleAssets": 969000, "otherAssets": 286210000, "deferredLongTermAssetCharges": 10716000, "totalAssets": 4655878000, "accountsPayable": 1638640000, "shortLongTermDebt": 8938000, "otherCurrentLiab": 159129000, "longTermDebt": 6437000, "otherLiab": 3742000, "minorityInterest": 57448000, "totalCurrentLiabilities": 1901598000, "totalLiab": 1911777000, "commonStock": 1211864000, "retainedEarnings": 363941000, "treasuryStock": 137210000, "capitalSurplus": 973638000, "otherStockholderEquity": 137210000, "totalStockholderEquity": 2686653000, "netTangibleAssets": 2685684000}, {"maxAge": 1, "endDate": "2018-03-31", "cash": 698427000, "shortTermInvestments": 53718000, "netReceivables": 2006269000, "inventory": 149084000, "otherCurrentAssets": 52832000, "totalCurrentAssets": 2961361000, "longTermInvestments": 143382000, "propertyPlantEquipment": 90008000, "otherAssets": 439120000, "deferredLongTermAssetCharges": 241000, "totalAssets": 3633871000, "accountsPayable": 904138000, "shortLongTermDebt": 18798000, "otherCurrentLiab": 62925000, "longTermDebt": 9805000, "otherLiab": 3796000, "minorityInterest": 38279000, "totalCurrentLiabilities": 1016537000, "totalLiab": 1030138000, "commonStock": 1203864000, "retainedEarnings": 319932000, "treasuryStock": 93686000, "capitalSurplus": 947972000, "otherStockholderEquity": 93686000, "totalStockholderEquity": 2565454000, "netTangibleAssets": 2565454000}, {"maxAge": 1, "endDate": "2017-03-31", "cash": 653648000, "shortTermInvestments": 46604000, "netReceivables": 2160773000, "inventory": 22453000, "otherCurrentAssets": 5004000, "totalCurrentAssets": 2890067000, "propertyPlantEquipment": 89419000, "otherAssets": 341725000, "deferredLongTermAssetCharges": 9429000, "totalAssets": 3321211000, "accountsPayable": 1479557000, "shortLongTermDebt": 20324000, "otherCurrentLiab": 10651000, "longTermDebt": 8000000, "otherLiab": 3589000, "minorityInterest": 16478000, "totalCurrentLiabilities": 1553041000, "totalLiab": 1564630000, "commonStock": 1084864000, "retainedEarnings": -4057000, "treasuryStock": 68324000, "capitalSurplus": 590972000, "otherStockholderEquity": 68324000, "totalStockholderEquity": 1740103000, "netTangibleAssets": 1740103000}], "maxAge": 86400}, "financialData": {"maxAge": 86400, "currentPrice": 50.55, "recommendationKey": "none", "grossProfits": 523926000, "financialCurrency": "INR"}}}