{"CESC.NS": {"assetProfile": {"address1": "CESC House", "address2": "Chowringhee Square", "city": "Kolkata", "zip": "700001", "country": "India", "phone": "91 33 2225 6040", "fax": "91 33 2225 5155", "website": "http://www.cesc.co.in", "industry": "Utilities\u2014Independent Power Producers", "sector": "Utilities", "longBusinessSummary": "CESC Limited, an integrated electrical utility company, engages in the generation, transmission, and distribution of electricity to approximately 3.3 million domestic, industrial, and commercial users in the area of 567 square kilometers of Kolkata, Howrah, Hooghly, and North and South 24 Parganas in West Bengal in India. It owns and operates three thermal power plants, including Budge Budge, Southern, and Titagarh generating stations generating 1125 megawatts (MW) of power; two thermal power projects with a capacity of 640 MW in Chandrapur, Maharashtra and Haldia, West Bengal; and transmission and distribution systems that comprise 474 km circuit of transmission lines linking the company's generating and receiving stations with 105 distribution stations, as well as 8,211 km circuit of HT lines, and 12,269 km circuit of LT lines. The company also owns and operates solar plant in Gujarat's Kutch generating 9 MW of solar energy, and a 18 MW DC project in Ramnathapuram, Tamil Nadu; hydro power venture in Arunachal Pradesh generating 146 MW energy; and wind power plants, including a 24 MW project at Dangri in Rajasthan, a 26 MW project in Surendranagar in Gujarat, a 36 MW project in Nipaniya in Madhya Pradesh, and a 70 MW project in Rojmal, Gujarat. The company was formerly known as The Calcutta Electric Supply Corporation (India) Limited and changed its name to CESC Limited in January 1987. CESC Limited was founded in 1899 and is headquartered in Kolkata, India.", "fullTimeEmployees": 7886, "companyOfficers": [{"maxAge": 1, "name": "Mr. Debasish  Banerjee", "age": 58, "title": "MD of Distribution & Exec. Director", "yearBorn": 1962, "fiscalYear": 2020, "totalPay": 49200000, "exercisedValue": 0, "unexercisedValue": 0}, {"maxAge": 1, "name": "Mr. Rajarshi  Banerjee", "title": "CFO & Exec. Director", "fiscalYear": 2017, "exercisedValue": 0, "unexercisedValue": 0}, {"maxAge": 1, "name": "Mr. Subhasis  Mitra", "title": "Compliance Officer, VP & Company Sec.", "fiscalYear": 2017, "exercisedValue": 0, "unexercisedValue": 0}, {"maxAge": 1, "name": "S.  Chatterjee", "age": 76, "title": "Exec. Director of Corp. Devel.", "yearBorn": 1944, "fiscalYear": 2007, "exercisedValue": 0, "unexercisedValue": 0}, {"maxAge": 1, "name": "Mr. Rabi  Chowdhury", "age": 59, "title": "MD of Generation & Exec. Director", "yearBorn": 1961, "exercisedValue": 0, "unexercisedValue": 0}, {"maxAge": 1, "name": "D.  Guha B.E..AMIE", "age": 75, "title": "Exec. Director of Program Implementation", "yearBorn": 1945, "fiscalYear": 2007, "exercisedValue": 0, "unexercisedValue": 0}, {"maxAge": 1, "name": "Mr. Sumantra  Banerjee", "age": 71, "title": "Advisor to the Chairman", "yearBorn": 1949, "fiscalYear": 2014, "exercisedValue": 0, "unexercisedValue": 0}], "compensationAsOfEpochDate": "2020-12-31 05:30:00", "maxAge": 86400}, "recommendationTrend": {"trend": [{"period": "0m", "strongBuy": 0, "buy": 0, "hold": 0, "sell": 0, "strongSell": 0}, {"period": "-1m", "strongBuy": 7, "buy": 12, "hold": 3, "sell": 0, "strongSell": 1}, {"period": "-2m", "strongBuy": 7, "buy": 12, "hold": 3, "sell": 0, "strongSell": 1}, {"period": "-3m", "strongBuy": 6, "buy": 13, "hold": 3, "sell": 0, "strongSell": 1}], "maxAge": 86400}, "cashflowStatementHistory": {"cashflowStatements": [{"maxAge": 1, "endDate": "2020-03-31", "netIncome": 13020500000, "depreciation": 7783400000, "changeToNetincome": 14244600000, "changeToAccountReceivables": -710000000, "changeToLiabilities": 2469400000, "changeToInventory": -179100000, "changeToOperatingActivities": -6626400000, "totalCashFromOperatingActivities": 30033200000, "capitalExpenditures": -7464000000, "investments": 5266800000, "otherCashflowsFromInvestingActivities": 512200000, "totalCashflowsFromInvestingActivities": -1631200000, "dividendsPaid": -2643100000, "netBorrowings": -4805300000, "otherCashflowsFromFinancingActivities": -13850500000, "totalCashFromFinancingActivities": -21298900000, "changeInCash": 7103100000}, {"maxAge": 1, "endDate": "2019-03-31", "netIncome": 11839800000, "depreciation": 7637800000, "changeToNetincome": 16452700000, "changeToAccountReceivables": -9549200000, "changeToLiabilities": 6404500000, "changeToInventory": -1178600000, "changeToOperatingActivities": -8667700000, "totalCashFromOperatingActivities": 22939300000, "capitalExpenditures": -8378400000, "investments": 803500000, "otherCashflowsFromInvestingActivities": 644100000, "totalCashflowsFromInvestingActivities": -6869800000, "dividendsPaid": -2313500000, "netBorrowings": -1246200000, "otherCashflowsFromFinancingActivities": -13812700000, "totalCashFromFinancingActivities": -17372400000, "changeInCash": -1296100000}, {"maxAge": 1, "endDate": "2018-03-31", "netIncome": 9126000000, "depreciation": 8110000000, "changeToNetincome": 13421400000, "changeToAccountReceivables": -12269000000, "changeToLiabilities": 3716800000, "changeToInventory": 2580600000, "changeToOperatingActivities": -8667700000, "totalCashFromOperatingActivities": 24685800000, "capitalExpenditures": -8944300000, "investments": -4364100000, "otherCashflowsFromInvestingActivities": 879500000, "totalCashflowsFromInvestingActivities": -12297800000, "dividendsPaid": -1578100000, "netBorrowings": 853900000, "otherCashflowsFromFinancingActivities": -14151900000, "totalCashFromFinancingActivities": -14854400000, "changeInCash": -6225700000, "issuanceOfStock": 21700000}, {"maxAge": 1, "endDate": "2017-03-31", "netIncome": 6908400000, "depreciation": 7147800000, "changeToNetincome": 13413600000, "changeToAccountReceivables": -9323000000, "changeToLiabilities": 9891100000, "changeToInventory": -1486300000, "changeToOperatingActivities": -8667700000, "totalCashFromOperatingActivities": 26551600000, "capitalExpenditures": -14719600000, "investments": -806800000, "otherCashflowsFromInvestingActivities": 375100000, "totalCashflowsFromInvestingActivities": -14931800000, "dividendsPaid": -1329200000, "netBorrowings": 8622400000, "otherCashflowsFromFinancingActivities": -15050100000, "totalCashFromFinancingActivities": -7599100000, "changeInCash": 4020700000, "issuanceOfStock": 157800000}], "maxAge": 86400}, "indexTrend": {"maxAge": 1, "symbol": "SP5", "peRatio": 19.7411, "pegRatio": 1.34172, "estimates": [{"period": "0q", "growth": 0.549}, {"period": "+1q", "growth": 0.431}, {"period": "0y", "growth": 0.305}, {"period": "+1y", "growth": 0.109}, {"period": "+5y", "growth": 0.120865}, {"period": "-5y"}]}, "defaultKeyStatistics": {"maxAge": 1, "priceHint": 2, "enterpriseValue": 195104538624, "profitMargins": 0.1282, "floatShares": 66248252, "sharesOutstanding": 132557000, "heldPercentInsiders": 0.060229998, "heldPercentInstitutions": 0.79937, "beta": 1.332571, "category": null, "bookValue": 759.454, "priceToBook": 0.80050933, "fundFamily": null, "legalType": null, "lastFiscalYearEnd": "2020-03-31 05:30:00", "nextFiscalYearEnd": "2022-03-31 05:30:00", "mostRecentQuarter": "2020-12-31 05:30:00", "earningsQuarterlyGrowth": 0.213, "netIncomeToCommon": 13310499840, "trailingEps": 100.382, "forwardEps": 85.88, "lastSplitFactor": null, "enterpriseToRevenue": 1.879, "enterpriseToEbitda": 7.324, "52WeekChange": -0.03469354, "SandP52WeekChange": 0.48148263, "lastDividendValue": 45.0, "lastDividendDate": 1611273600}, "industryTrend": {"maxAge": 1, "symbol": null, "estimates": []}, "quoteType": {"exchange": "NSI", "quoteType": "EQUITY", "symbol": "CESC.NS", "underlyingSymbol": "CESC.NS", "shortName": "CESC", "longName": "CESC Limited", "firstTradeDateEpochUtc": "2002-07-01 09:15:00", "timeZoneFullName": "Asia/Kolkata", "timeZoneShortName": "IST", "uuid": "115290b1-14e8-3f3a-ad55-a1c7397d7fe8", "messageBoardId": "finmb_882116", "gmtOffSetMilliseconds": 19800000, "maxAge": 1}, "incomeStatementHistory": {"incomeStatementHistory": [{"maxAge": 1, "endDate": "2020-03-31", "totalRevenue": 110145800000, "costOfRevenue": 58232100000, "grossProfit": 51913700000, "researchDevelopment": {}, "sellingGeneralAdministrative": 10944400000, "nonRecurring": {}, "otherOperatingExpenses": 11382200000, "totalOperatingExpenses": 88372900000, "operatingIncome": 21772900000, "totalOtherIncomeExpenseNet": -5087200000, "ebit": 21772900000, "interestExpense": -14193400000, "incomeBeforeTax": 16685700000, "incomeTaxExpense": 3627200000, "minorityInterest": 857800000, "netIncomeFromContinuingOps": 13058500000, "discontinuedOperations": {}, "extraordinaryItems": {}, "effectOfAccountingCharges": {}, "otherItems": {}, "netIncome": 13020500000, "netIncomeApplicableToCommonShares": 13020500000}, {"maxAge": 1, "endDate": "2019-03-31", "totalRevenue": 106641400000, "costOfRevenue": 56425200000, "grossProfit": 50216200000, "researchDevelopment": {}, "sellingGeneralAdministrative": 10642500000, "nonRecurring": {}, "otherOperatingExpenses": 10179800000, "totalOperatingExpenses": 84885300000, "operatingIncome": 21756100000, "totalOtherIncomeExpenseNet": -2825600000, "ebit": 21756100000, "interestExpense": -13833500000, "incomeBeforeTax": 18930500000, "incomeTaxExpense": 6949800000, "minorityInterest": 820600000, "netIncomeFromContinuingOps": 11980700000, "discontinuedOperations": {}, "extraordinaryItems": {}, "effectOfAccountingCharges": {}, "otherItems": {}, "netIncome": 11839800000, "netIncomeApplicableToCommonShares": 11839800000}, {"maxAge": 1, "endDate": "2018-03-31", "totalRevenue": 102748600000, "costOfRevenue": 50814900000, "grossProfit": 51933700000, "researchDevelopment": {}, "sellingGeneralAdministrative": 9994500000, "nonRecurring": {}, "otherOperatingExpenses": 11851000000, "totalOperatingExpenses": 80175100000, "operatingIncome": 22573500000, "totalOtherIncomeExpenseNet": -10109100000, "ebit": 22573500000, "interestExpense": -13710400000, "incomeBeforeTax": 12464400000, "incomeTaxExpense": 3562200000, "minorityInterest": 693900000, "netIncomeFromContinuingOps": 8902200000, "discontinuedOperations": 850300000, "extraordinaryItems": {}, "effectOfAccountingCharges": {}, "otherItems": {}, "netIncome": 9126000000, "netIncomeApplicableToCommonShares": 9126000000}, {"maxAge": 1, "endDate": "2017-03-31", "totalRevenue": 83633600000, "costOfRevenue": 35114900000, "grossProfit": 48518700000, "researchDevelopment": {}, "sellingGeneralAdministrative": 8727700000, "nonRecurring": {}, "otherOperatingExpenses": 11936500000, "totalOperatingExpenses": 62926900000, "operatingIncome": 20706700000, "totalOtherIncomeExpenseNet": -10949500000, "ebit": 20706700000, "interestExpense": -14344900000, "incomeBeforeTax": 9757200000, "incomeTaxExpense": 3209900000, "minorityInterest": 12100500000, "netIncomeFromContinuingOps": 6547300000, "discontinuedOperations": 1554600000, "extraordinaryItems": {}, "effectOfAccountingCharges": {}, "otherItems": {}, "netIncome": 6908400000, "netIncomeApplicableToCommonShares": 6908400000}], "maxAge": 86400}, "fundOwnership": {"maxAge": 1, "ownershipList": [{"maxAge": 1, "reportDate": "2021-02-28", "organization": "MFS Series Trust X-MFS Emerging Markets Equity Fund", "pctHeld": 0.0321, "position": 4251853, "value": 2575347362}, {"maxAge": 1, "reportDate": "2020-12-31", "organization": "MFS International New Discovery Fund", "pctHeld": 0.0234, "position": 3095481, "value": 1901553978}, {"maxAge": 1, "reportDate": "2021-01-31", "organization": "Vanguard International Stock Index-Emerging Markets Stk", "pctHeld": 0.0067000003, "position": 883279, "value": 539241829}, {"maxAge": 1, "reportDate": "2021-01-31", "organization": "Vanguard International Stock Index-Total Intl Stock Indx", "pctHeld": 0.0064999997, "position": 865235, "value": 528225967}, {"maxAge": 1, "reportDate": "2021-03-31", "organization": "iShares Core MSCI Emerging Markets ETF", "pctHeld": 0.0043, "position": 568720, "value": 337563756}, {"maxAge": 1, "reportDate": "2021-01-31", "organization": "DFA Emerging Markets Core Equity Portfolio", "pctHeld": 0.0034999999, "position": 468769, "value": 286183474}, {"maxAge": 1, "reportDate": "2021-01-31", "organization": "DFA Emerging Markets Small Cap Series", "pctHeld": 0.0023, "position": 311426, "value": 190125573}, {"maxAge": 1, "reportDate": "2021-02-28", "organization": "WisdomTree Tr-WisdomTree Emerging Markets Small Cap Dividend Fund", "pctHeld": 0.0022, "position": 295131, "value": 178760846}, {"maxAge": 1, "reportDate": "2021-02-28", "organization": "WisdomTree Tr-WisdomTree India Earnings Fd", "pctHeld": 0.0016, "position": 208398, "value": 126226668}, {"maxAge": 1, "reportDate": "2021-01-31", "organization": "Vanguard Intl Equity Index Fds-FTSE All World ex U.S.Small Cap Index", "pctHeld": 0.0014, "position": 183942, "value": 112296591}]}, "summaryDetail": {"maxAge": 1, "priceHint": 2, "previousClose": 623.15, "open": 615.0, "dayLow": 604.15, "dayHigh": 622.3, "regularMarketPreviousClose": 623.15, "regularMarketOpen": 615.0, "regularMarketDayLow": 604.15, "regularMarketDayHigh": 622.3, "dividendRate": 45.0, "dividendYield": 0.0722, "exDividendDate": "2021-01-22 05:30:00", "payoutRatio": 0.1992, "fiveYearAvgDividendYield": 2.25, "beta": 1.332571, "trailingPE": 6.0563645, "forwardPE": 7.0790644, "volume": 346193, "regularMarketVolume": 346193, "averageVolume": 379235, "averageVolume10days": 453996, "averageDailyVolume10Day": 453996, "bid": 0.0, "ask": 0.0, "bidSize": 0, "askSize": 0, "marketCap": 80510214144, "fiftyTwoWeekLow": 533.6, "fiftyTwoWeekHigh": 731.0, "priceToSalesTrailing12Months": 0.7754355, "fiftyDayAverage": 605.3457, "twoHundredDayAverage": 609.3267, "trailingAnnualDividendRate": 45.0, "trailingAnnualDividendYield": 0.07221375, "currency": "INR", "fromCurrency": null, "toCurrency": null, "lastMarket": null, "algorithm": null, "tradeable": false}, "insiderHolders": {"holders": [{"maxAge": 1, "name": "Castor Investments Ltd.", "relation": "UNREPORTED", "url": "", "transactionDescription": "Acquisition", "latestTransDate": "2017-03-24", "positionDirect": 250000, "positionDirectDate": "2017-03-24"}, {"maxAge": 1, "name": "Goenka (Harsh Anant)", "relation": "UNREPORTED", "url": "", "transactionDescription": "Sale", "latestTransDate": "2013-05-07", "positionDirect": 0, "positionDirectDate": "2013-05-07"}, {"maxAge": 1, "name": "Goenka (Preeti)", "relation": "UNREPORTED", "url": "", "transactionDescription": "Sale", "latestTransDate": "2011-03-29", "positionDirect": 25223, "positionDirectDate": "2011-03-29"}, {"maxAge": 1, "name": "Goldman Sachs Investments (Mauritius) Ltd", "relation": "UNREPORTED", "url": "", "transactionDescription": "Acquisition", "latestTransDate": "2011-08-09", "positionDirect": 5905046, "positionDirectDate": "2011-08-09"}, {"maxAge": 1, "name": "ICICI Prudential Discovery Fund", "relation": "Investment Advisor", "url": "", "transactionDescription": "Acquisition", "latestTransDate": "2010-12-10", "positionDirect": 6254178, "positionDirectDate": "2010-12-10"}, {"maxAge": 1, "name": "Integrated Coal Mining Ltd.", "relation": "Promoter", "url": "", "transactionDescription": "Purchase", "latestTransDate": "2015-04-27", "positionDirect": 1075364, "positionDirectDate": "2015-04-27"}, {"maxAge": 1, "name": "Spencer & Company, Ltd.", "relation": "Promoter", "url": "", "transactionDescription": "Sale", "latestTransDate": "2017-03-24", "positionDirectDate": "2017-03-24"}], "maxAge": 1}, "calendarEvents": {"maxAge": 1, "earnings": {"earningsDate": ["2021-01-13 05:30:S"], "revenueAverage": 17984000000, "revenueLow": 16432000000, "revenueHigh": 19536000000}, "exDividendDate": "2021-01-22 05:30:00"}, "price": {"maxAge": 1, "regularMarketChangePercent": -0.02439222, "regularMarketChange": -15.200012, "regularMarketTime": "2021-04-30 15:29:59", "priceHint": 2, "regularMarketPrice": 607.95, "regularMarketDayHigh": 622.3, "regularMarketDayLow": 604.15, "regularMarketVolume": 346193, "averageDailyVolume10Day": 453996, "averageDailyVolume3Month": 379235, "regularMarketPreviousClose": 623.15, "regularMarketSource": "FREE_REALTIME", "regularMarketOpen": 615.0, "exchange": "NSI", "exchangeName": "NSE", "exchangeDataDelayedBy": 15, "marketState": "CLOSED", "quoteType": "EQUITY", "symbol": "CESC.NS", "underlyingSymbol": null, "shortName": "CESC", "longName": "CESC Limited", "currency": "INR", "quoteSourceName": "Delayed Quote", "currencySymbol": "\u20b9", "fromCurrency": null, "toCurrency": null, "lastMarket": null, "marketCap": 80510214144}, "balanceSheetHistory": {"balanceSheetStatements": [{"maxAge": 1, "endDate": "2020-03-31", "cash": 12128700000, "shortTermInvestments": 4614200000, "netReceivables": 20002100000, "inventory": 8911200000, "otherCurrentAssets": 4175400000, "totalCurrentAssets": 50031200000, "longTermInvestments": 6708100000, "propertyPlantEquipment": 235234700000, "intangibleAssets": 1472400000, "otherAssets": 50274300000, "totalAssets": 343720700000, "accountsPayable": 6568400000, "shortLongTermDebt": 18092600000, "otherCurrentLiab": 11131700000, "longTermDebt": 97601100000, "otherLiab": 81319400000, "deferredLongTermLiab": 47245900000, "minorityInterest": 857800000, "totalCurrentLiabilities": 64882300000, "totalLiab": 246588500000, "commonStock": 1325600000, "retainedEarnings": 91964900000, "treasuryStock": 2983900000, "otherStockholderEquity": 2983900000, "totalStockholderEquity": 96274400000, "netTangibleAssets": 94802000000}, {"maxAge": 1, "endDate": "2019-03-31", "cash": 5025600000, "shortTermInvestments": 4124100000, "netReceivables": 18298900000, "inventory": 11111800000, "otherCurrentAssets": 3377000000, "totalCurrentAssets": 47223600000, "longTermInvestments": 6725200000, "propertyPlantEquipment": 235960500000, "intangibleAssets": 1579000000, "otherAssets": 43208300000, "totalAssets": 334696600000, "accountsPayable": 5723400000, "shortLongTermDebt": 18598500000, "otherCurrentLiab": 10859000000, "longTermDebt": 102253400000, "otherLiab": 78286500000, "deferredLongTermLiab": 39992700000, "minorityInterest": 820600000, "totalCurrentLiabilities": 63530700000, "totalLiab": 244137600000, "commonStock": 1325600000, "retainedEarnings": 85580800000, "treasuryStock": 2832000000, "otherStockholderEquity": 2832000000, "totalStockholderEquity": 89738400000, "netTangibleAssets": 88159400000}, {"maxAge": 1, "endDate": "2018-03-31", "cash": 6321700000, "shortTermInvestments": 4493000000, "netReceivables": 16073500000, "inventory": 10114600000, "otherCurrentAssets": 2123000000, "totalCurrentAssets": 44383000000, "longTermInvestments": 6673400000, "propertyPlantEquipment": 238447800000, "goodWill": 21710000000, "intangibleAssets": 1693500000, "otherAssets": 38664900000, "totalAssets": 329862600000, "accountsPayable": 6906700000, "shortLongTermDebt": 13294900000, "otherCurrentLiab": 9444600000, "longTermDebt": 110477800000, "otherLiab": 78260600000, "deferredLongTermLiab": 35668100000, "minorityInterest": 693900000, "totalCurrentLiabilities": 56164500000, "totalLiab": 244967000000, "commonStock": 1325600000, "retainedEarnings": 80063900000, "treasuryStock": 2812200000, "otherStockholderEquity": 2812200000, "totalStockholderEquity": 84201700000, "netTangibleAssets": 82508200000}, {"maxAge": 1, "endDate": "2017-03-31", "cash": 12547400000, "shortTermInvestments": 3664200000, "netReceivables": 18687000000, "inventory": 10663000000, "otherCurrentAssets": 4004000000, "totalCurrentAssets": 56779500000, "longTermInvestments": 5687000000, "propertyPlantEquipment": 247064400000, "goodWill": 20105600000, "intangibleAssets": 2450500000, "otherAssets": 46639700000, "deferredLongTermAssetCharges": 4076000000, "totalAssets": 378726700000, "accountsPayable": 7890400000, "shortLongTermDebt": 16322200000, "otherCurrentLiab": 8727800000, "longTermDebt": 115855500000, "otherLiab": 82440800000, "deferredLongTermLiab": 36534200000, "minorityInterest": 12100500000, "totalCurrentLiabilities": 61996000000, "totalLiab": 260399300000, "commonStock": 1325600000, "retainedEarnings": 83322800000, "treasuryStock": 4119500000, "capitalSurplus": 17459000000, "otherStockholderEquity": 4119500000, "totalStockholderEquity": 106226900000, "netTangibleAssets": 83670800000}], "maxAge": 86400}, "earningsTrend": {"trend": [{"maxAge": 1, "period": "0q", "endDate": "2018-12-31", "growth": {}, "earningsEstimate": {"avg": 0.0, "low": 0.0, "high": 0.0, "yearAgoEps": 11.63, "numberOfAnalysts": 0, "growth": {}}, "revenueEstimate": {"avg": 17984000000, "low": 16432000000, "high": 19536000000, "numberOfAnalysts": 2, "yearAgoRevenue": 17060000000, "growth": 0.054}, "epsTrend": {"current": 0.0, "7daysAgo": 15.29, "30daysAgo": 15.29, "60daysAgo": 15.29, "90daysAgo": 15.29}, "epsRevisions": {"upLast7days": 0, "upLast30days": 0, "downLast30days": 0, "downLast90days": {}}}, {"maxAge": 1, "period": "+1q", "endDate": "2019-03-31", "growth": {}, "earningsEstimate": {"avg": 0.0, "low": 0.0, "high": 0.0, "yearAgoEps": 22.08, "numberOfAnalysts": 0, "growth": {}}, "revenueEstimate": {"avg": 14453000000, "low": 14453000000, "high": 14453000000, "numberOfAnalysts": 1, "yearAgoRevenue": 17950000000, "growth": -0.195}, "epsTrend": {"current": 0.0, "7daysAgo": 0.0, "30daysAgo": 0.0, "60daysAgo": 0.0, "90daysAgo": 0.0}, "epsRevisions": {"upLast7days": 0, "upLast30days": 0, "downLast30days": 0, "downLast90days": {}}}, {"maxAge": 1, "period": "0y", "endDate": "2019-03-31", "growth": {}, "earningsEstimate": {"avg": 0.0, "low": 0.0, "high": 0.0, "yearAgoEps": {}, "numberOfAnalysts": 0, "growth": {}}, "revenueEstimate": {"avg": 107336000000, "low": 80081000000, "high": 168588000000, "numberOfAnalysts": 9, "yearAgoRevenue": 77730000000, "growth": 0.38099998}, "epsTrend": {"current": 0.0, "7daysAgo": 77.82, "30daysAgo": 77.82, "60daysAgo": 77.82, "90daysAgo": 77.82}, "epsRevisions": {"upLast7days": 0, "upLast30days": 1, "downLast30days": 0, "downLast90days": {}}}, {"maxAge": 1, "period": "+1y", "endDate": "2020-03-31", "growth": {}, "earningsEstimate": {"avg": 0.0, "low": 0.0, "high": 0.0, "yearAgoEps": {}, "numberOfAnalysts": 0, "growth": {}}, "revenueEstimate": {"avg": 113991000000, "low": 84068000000, "high": 180063000000, "numberOfAnalysts": 9, "yearAgoRevenue": 107336000000, "growth": 0.062}, "epsTrend": {"current": 0.0, "7daysAgo": 85.88, "30daysAgo": 85.88, "60daysAgo": 85.88, "90daysAgo": 85.88}, "epsRevisions": {"upLast7days": 0, "upLast30days": 1, "downLast30days": 0, "downLast90days": {}}}, {"maxAge": 1, "period": "+5y", "endDate": null, "growth": 0.1545, "earningsEstimate": {"avg": {}, "low": {}, "high": {}, "yearAgoEps": {}, "numberOfAnalysts": {}, "growth": {}}, "revenueEstimate": {"avg": {}, "low": {}, "high": {}, "numberOfAnalysts": {}, "yearAgoRevenue": {}, "growth": {}}, "epsTrend": {"current": {}, "7daysAgo": {}, "30daysAgo": {}, "60daysAgo": {}, "90daysAgo": {}}, "epsRevisions": {"upLast7days": {}, "upLast30days": {}, "downLast30days": {}, "downLast90days": {}}}, {"maxAge": 1, "period": "-5y", "endDate": null, "growth": {}, "earningsEstimate": {"avg": {}, "low": {}, "high": {}, "yearAgoEps": {}, "numberOfAnalysts": {}, "growth": {}}, "revenueEstimate": {"avg": {}, "low": {}, "high": {}, "numberOfAnalysts": {}, "yearAgoRevenue": {}, "growth": {}}, "epsTrend": {"current": {}, "7daysAgo": {}, "30daysAgo": {}, "60daysAgo": {}, "90daysAgo": {}}, "epsRevisions": {"upLast7days": {}, "upLast30days": {}, "downLast30days": {}, "downLast90days": {}}}], "maxAge": 1}, "institutionOwnership": {"maxAge": 1, "ownershipList": []}, "majorHoldersBreakdown": {"maxAge": 1, "insidersPercentHeld": 0.060229998, "institutionsPercentHeld": 0.79937, "institutionsFloatPercentHeld": 0.8506, "institutionsCount": 44}, "balanceSheetHistoryQuarterly": {"balanceSheetStatements": [{"maxAge": 1, "endDate": "2020-12-31", "totalStockholderEquity": 100680000000, "netTangibleAssets": 99260000000}, {"maxAge": 1, "endDate": "2020-09-30", "cash": 12860000000, "shortTermInvestments": 1450000000, "netReceivables": 32930000000, "inventory": 6030000000, "otherCurrentAssets": 4940000000, "totalCurrentAssets": 58210000000, "longTermInvestments": 7580000000, "propertyPlantEquipment": 230970000000, "intangibleAssets": 1420000000, "otherAssets": 52980000000, "totalAssets": 351160000000, "accountsPayable": 10110000000, "otherCurrentLiab": 31220000000, "longTermDebt": 98930000000, "otherLiab": 82380000000, "deferredLongTermLiab": 50490000000, "minorityInterest": 890000000, "totalCurrentLiabilities": 66360000000, "totalLiab": 249590000000, "commonStock": 1330000000, "treasuryStock": 99350000000, "otherStockholderEquity": 99350000000, "totalStockholderEquity": 100680000000, "netTangibleAssets": 99260000000}, {"maxAge": 1, "endDate": "2020-06-30", "totalStockholderEquity": 96274400000, "netTangibleAssets": 94802000000}, {"maxAge": 1, "endDate": "2020-03-31", "cash": 12128700000, "shortTermInvestments": 4614200000, "netReceivables": 20002100000, "inventory": 8911200000, "otherCurrentAssets": 4175400000, "totalCurrentAssets": 50031200000, "longTermInvestments": 6708100000, "propertyPlantEquipment": 235234700000, "intangibleAssets": 1472400000, "otherAssets": 50274300000, "totalAssets": 343720700000, "accountsPayable": 6568400000, "shortLongTermDebt": 18092600000, "otherCurrentLiab": 11131700000, "longTermDebt": 97601100000, "otherLiab": 81319400000, "deferredLongTermLiab": 47245900000, "minorityInterest": 857800000, "totalCurrentLiabilities": 64882300000, "totalLiab": 246588500000, "commonStock": 1325600000, "retainedEarnings": 91964900000, "treasuryStock": 2983900000, "otherStockholderEquity": 2983900000, "totalStockholderEquity": 96274400000, "netTangibleAssets": 94802000000}], "maxAge": 86400}, "earningsHistory": {"history": [{"maxAge": 1, "epsActual": 11.63, "epsEstimate": 12.05, "epsDifference": -0.42, "surprisePercent": -0.035, "quarter": "2017-12-31", "period": "-4q"}, {"maxAge": 1, "epsActual": 22.08, "epsEstimate": 17.16, "epsDifference": 4.92, "surprisePercent": 0.287, "quarter": "2018-03-31", "period": "-3q"}, {"maxAge": 1, "epsActual": 13.77, "epsEstimate": 16.2, "epsDifference": -2.43, "surprisePercent": -0.15, "quarter": "2018-06-30", "period": "-2q"}, {"maxAge": 1, "epsActual": 20.41, "epsEstimate": 18.25, "epsDifference": 2.16, "surprisePercent": 0.118, "quarter": "2018-09-30", "period": "-1q"}], "maxAge": 86400}, "summaryProfile": {"address1": "CESC House", "address2": "Chowringhee Square", "city": "Kolkata", "zip": "700001", "country": "India", "phone": "91 33 2225 6040", "fax": "91 33 2225 5155", "website": "http://www.cesc.co.in", "industry": "Utilities\u2014Independent Power Producers", "sector": "Utilities", "longBusinessSummary": "CESC Limited, an integrated electrical utility company, engages in the generation, transmission, and distribution of electricity to approximately 3.3 million domestic, industrial, and commercial users in the area of 567 square kilometers of Kolkata, Howrah, Hooghly, and North and South 24 Parganas in West Bengal in India. It owns and operates three thermal power plants, including Budge Budge, Southern, and Titagarh generating stations generating 1125 megawatts (MW) of power; two thermal power projects with a capacity of 640 MW in Chandrapur, Maharashtra and Haldia, West Bengal; and transmission and distribution systems that comprise 474 km circuit of transmission lines linking the company's generating and receiving stations with 105 distribution stations, as well as 8,211 km circuit of HT lines, and 12,269 km circuit of LT lines. The company also owns and operates solar plant in Gujarat's Kutch generating 9 MW of solar energy, and a 18 MW DC project in Ramnathapuram, Tamil Nadu; hydro power venture in Arunachal Pradesh generating 146 MW energy; and wind power plants, including a 24 MW project at Dangri in Rajasthan, a 26 MW project in Surendranagar in Gujarat, a 36 MW project in Nipaniya in Madhya Pradesh, and a 70 MW project in Rojmal, Gujarat. The company was formerly known as The Calcutta Electric Supply Corporation (India) Limited and changed its name to CESC Limited in January 1987. CESC Limited was founded in 1899 and is headquartered in Kolkata, India.", "fullTimeEmployees": 7886, "companyOfficers": [], "maxAge": 86400}, "netSharePurchaseActivity": {"maxAge": 1, "period": "6m", "buyInfoCount": 0, "buyInfoShares": 0, "sellInfoCount": 0, "netInfoCount": 0, "netInfoShares": 0, "netPercentInsiderShares": 0.0, "totalInsiderShares": 7987932}, "insiderTransactions": {"transactions": [{"maxAge": 1, "shares": 25000, "filerUrl": "", "transactionText": "", "filerName": "Spencer & Company, Ltd.", "filerRelation": "Promoter", "moneyText": "", "startDate": "2017-03-24", "ownership": "D"}, {"maxAge": 1, "shares": 25000, "filerUrl": "", "transactionText": "", "filerName": "Castor Investments Ltd.", "filerRelation": "UNREPORTED", "moneyText": "", "startDate": "2017-03-24", "ownership": "D"}, {"maxAge": 1, "shares": 100000, "filerUrl": "", "transactionText": "", "filerName": "Castor Investments Ltd.", "filerRelation": "UNREPORTED", "moneyText": "", "startDate": "2017-03-23", "ownership": "D"}, {"maxAge": 1, "shares": 100000, "filerUrl": "", "transactionText": "", "filerName": "Spencer & Company, Ltd.", "filerRelation": "Promoter", "moneyText": "", "startDate": "2017-03-23", "ownership": "D"}, {"maxAge": 1, "shares": 125000, "filerUrl": "", "transactionText": "", "filerName": "Castor Investments Ltd.", "filerRelation": "Institution- Corporation", "moneyText": "", "startDate": "2017-03-22", "ownership": "D"}, {"maxAge": 1, "shares": 125000, "filerUrl": "", "transactionText": "", "filerName": "Spencer & Company, Ltd.", "filerRelation": "Promoter", "moneyText": "", "startDate": "2017-03-22", "ownership": "D"}, {"maxAge": 1, "shares": 7100, "filerUrl": "", "transactionText": "", "filerName": "Integrated Coal Mining Ltd.", "filerRelation": "Promoter", "moneyText": "", "startDate": "2015-04-27", "ownership": "D"}, {"maxAge": 1, "shares": 162000, "filerUrl": "", "transactionText": "", "filerName": "Integrated Coal Mining Ltd.", "filerRelation": "Promoter", "moneyText": "", "startDate": "2015-04-24", "ownership": "D"}, {"maxAge": 1, "shares": 16176, "filerUrl": "", "transactionText": "", "filerName": "Goenka (Harsh Anant)", "filerRelation": "UNREPORTED", "moneyText": "", "startDate": "2013-05-07", "ownership": "D"}, {"maxAge": 1, "shares": 1868118, "filerUrl": "", "transactionText": "", "filerName": "Goldman Sachs Investments (Mauritius) Ltd", "filerRelation": "UNREPORTED", "moneyText": "", "startDate": "2011-08-09", "ownership": "D"}, {"maxAge": 1, "shares": 1868118, "filerUrl": "", "transactionText": "", "filerName": "Goldman Sachs Investments (Mauritius) Ltd", "filerRelation": "UNREPORTED", "moneyText": "", "startDate": "2011-08-09", "ownership": "D"}, {"maxAge": 1, "shares": 48400, "filerUrl": "", "transactionText": "", "filerName": "Goenka (Preeti)", "filerRelation": "UNREPORTED", "moneyText": "", "startDate": "2011-03-29", "ownership": "D"}, {"maxAge": 1, "shares": 77046, "filerUrl": "", "transactionText": "", "filerName": "ICICI Prudential Discovery Fund", "filerRelation": "Investment Advisor", "moneyText": "", "startDate": "2010-12-10", "ownership": "D"}], "maxAge": 1}, "sectorTrend": {"maxAge": 1, "symbol": null, "estimates": []}, "incomeStatementHistoryQuarterly": {"incomeStatementHistory": [{"maxAge": 1, "endDate": "2020-12-31", "totalRevenue": 25390000000, "costOfRevenue": 12220000000, "grossProfit": 13170000000, "researchDevelopment": {}, "sellingGeneralAdministrative": 2440000000, "nonRecurring": {}, "otherOperatingExpenses": 3160000000, "totalOperatingExpenses": 19850000000, "operatingIncome": 5540000000, "totalOtherIncomeExpenseNet": -1200000000, "ebit": 5540000000, "interestExpense": -3310000000, "incomeBeforeTax": 4340000000, "incomeTaxExpense": 1060000000, "minorityInterest": {}, "netIncomeFromContinuingOps": 3280000000, "discontinuedOperations": {}, "extraordinaryItems": {}, "effectOfAccountingCharges": {}, "otherItems": {}, "netIncome": 3240000000, "netIncomeApplicableToCommonShares": 3240000000}, {"maxAge": 1, "endDate": "2020-09-30", "totalRevenue": 29900000000, "costOfRevenue": 15790000000, "grossProfit": 14110000000, "researchDevelopment": {}, "sellingGeneralAdministrative": 2880000000, "nonRecurring": {}, "otherOperatingExpenses": 3320000000, "totalOperatingExpenses": 23980000000, "operatingIncome": 5920000000, "totalOtherIncomeExpenseNet": -1710000000, "ebit": 5920000000, "interestExpense": -3280000000, "incomeBeforeTax": 4210000000, "incomeTaxExpense": 500000000, "minorityInterest": 890000000, "netIncomeFromContinuingOps": 3710000000, "discontinuedOperations": {}, "extraordinaryItems": {}, "effectOfAccountingCharges": {}, "otherItems": {}, "netIncome": 3700000000, "netIncomeApplicableToCommonShares": 3700000000}, {"maxAge": 1, "endDate": "2020-06-30", "totalRevenue": 24200000000, "costOfRevenue": 13210000000, "grossProfit": 10990000000, "researchDevelopment": {}, "sellingGeneralAdministrative": 2700000000, "nonRecurring": {}, "otherOperatingExpenses": 2250000000, "totalOperatingExpenses": 20180000000, "operatingIncome": 4020000000, "totalOtherIncomeExpenseNet": -1060000000, "ebit": 4020000000, "interestExpense": -3470000000, "incomeBeforeTax": 2960000000, "incomeTaxExpense": 960000000, "minorityInterest": 890000000, "netIncomeFromContinuingOps": 2000000000, "discontinuedOperations": {}, "extraordinaryItems": {}, "effectOfAccountingCharges": {}, "otherItems": {}, "netIncome": 1980000000, "netIncomeApplicableToCommonShares": 1980000000}, {"maxAge": 1, "endDate": "2020-03-31", "totalRevenue": 24335800000, "costOfRevenue": 13142100000, "grossProfit": 11193700000, "researchDevelopment": {}, "sellingGeneralAdministrative": 3034400000, "nonRecurring": {}, "otherOperatingExpenses": 1842200000, "totalOperatingExpenses": 20072900000, "operatingIncome": 4262900000, "totalOtherIncomeExpenseNet": 552800000, "ebit": 4262900000, "interestExpense": -3423400000, "incomeBeforeTax": 4815700000, "incomeTaxExpense": 357200000, "minorityInterest": 857800000, "netIncomeFromContinuingOps": 4458500000, "discontinuedOperations": {}, "extraordinaryItems": {}, "effectOfAccountingCharges": {}, "otherItems": {}, "netIncome": 4390500000, "netIncomeApplicableToCommonShares": 4390500000}], "maxAge": 86400}, "cashflowStatementHistoryQuarterly": {"cashflowStatements": [{"maxAge": 1, "endDate": "2020-12-31", "netIncome": 3240000000, "changeToLiabilities": 0}, {"maxAge": 1, "endDate": "2020-09-30", "netIncome": 3700000000, "changeToLiabilities": 0}, {"maxAge": 1, "endDate": "2020-06-30", "netIncome": 1980000000, "changeToLiabilities": 0}, {"maxAge": 1, "endDate": "2020-03-31", "netIncome": 4390500000, "changeToLiabilities": 0}], "maxAge": 86400}, "earnings": {"maxAge": 86400, "earningsChart": {"quarterly": [{"date": "4Q2017", "actual": 11.63, "estimate": 12.05}, {"date": "1Q2018", "actual": 22.08, "estimate": 17.16}, {"date": "2Q2018", "actual": 13.77, "estimate": 16.2}, {"date": "3Q2018", "actual": 20.41, "estimate": 18.25}], "currentQuarterEstimateDate": "4Q", "currentQuarterEstimateYear": 2018, "earningsDate": ["2021-01-13 05:30:S"]}, "financialsChart": {"yearly": [{"date": 2017, "revenue": 83633600000, "earnings": 6908400000}, {"date": 2018, "revenue": 102748600000, "earnings": 9126000000}, {"date": 2019, "revenue": 106641400000, "earnings": 11839800000}, {"date": 2020, "revenue": 110145800000, "earnings": 13020500000}], "quarterly": [{"date": "1Q2020", "revenue": 24335800000, "earnings": 4390500000}, {"date": "2Q2020", "revenue": 24200000000, "earnings": 1980000000}, {"date": "3Q2020", "revenue": 29900000000, "earnings": 3700000000}, {"date": "4Q2020", "revenue": 25390000000, "earnings": 3240000000}]}, "financialCurrency": "INR"}, "financialData": {"maxAge": 86400, "currentPrice": 607.95, "targetHighPrice": 1300.0, "targetLowPrice": 765.0, "targetMeanPrice": 946.47, "targetMedianPrice": 881.0, "recommendationKey": "none", "numberOfAnalystOpinions": 17, "totalCash": 14309999616, "totalCashPerShare": 107.899, "ebitda": 26637824000, "totalDebt": 125880000512, "totalRevenue": 103825801216, "debtToEquity": 123.934, "revenuePerShare": 783.01, "grossProfits": 51913700000, "earningsGrowth": 0.212, "revenueGrowth": 0.083, "grossMargins": 0.47641, "ebitdaMargins": 0.25656, "operatingMargins": 0.19015, "profitMargins": 0.1282, "financialCurrency": "INR"}}}