{"CESC.BO": {"recommendationTrend": {"trend": [{"period": "0m", "strongBuy": 0, "buy": 0, "hold": 0, "sell": 0, "strongSell": 0}, {"period": "-1m", "strongBuy": 0, "buy": 0, "hold": 0, "sell": 0, "strongSell": 0}, {"period": "-2m", "strongBuy": 0, "buy": 0, "hold": 0, "sell": 0, "strongSell": 0}, {"period": "-3m", "strongBuy": 0, "buy": 0, "hold": 0, "sell": 0, "strongSell": 0}], "maxAge": 86400}, "cashflowStatementHistory": {"cashflowStatements": [{"maxAge": 1, "endDate": "2020-03-31", "netIncome": 13020500000, "depreciation": 7783400000, "changeToNetincome": 14244600000, "changeToAccountReceivables": -710000000, "changeToLiabilities": 2469400000, "changeToInventory": -179100000, "changeToOperatingActivities": -6626400000, "totalCashFromOperatingActivities": 30033200000, "capitalExpenditures": -7464000000, "investments": 5266800000, "otherCashflowsFromInvestingActivities": 512200000, "totalCashflowsFromInvestingActivities": -1631200000, "dividendsPaid": -2643100000, "netBorrowings": -4805300000, "otherCashflowsFromFinancingActivities": -13850500000, "totalCashFromFinancingActivities": -21298900000, "changeInCash": 7103100000}, {"maxAge": 1, "endDate": "2019-03-31", "netIncome": 11839800000, "depreciation": 7637800000, "changeToNetincome": 16452700000, "changeToAccountReceivables": -9549200000, "changeToLiabilities": 6404500000, "changeToInventory": -1178600000, "changeToOperatingActivities": -8667700000, "totalCashFromOperatingActivities": 22939300000, "capitalExpenditures": -8378400000, "investments": 803500000, "otherCashflowsFromInvestingActivities": 644100000, "totalCashflowsFromInvestingActivities": -6869800000, "dividendsPaid": -2313500000, "netBorrowings": -1246200000, "otherCashflowsFromFinancingActivities": -13812700000, "totalCashFromFinancingActivities": -17372400000, "changeInCash": -1296100000}, {"maxAge": 1, "endDate": "2018-03-31", "netIncome": 9126000000, "depreciation": 8110000000, "changeToNetincome": 13421400000, "changeToAccountReceivables": -12269000000, "changeToLiabilities": 3716800000, "changeToInventory": 2580600000, "changeToOperatingActivities": -8667700000, "totalCashFromOperatingActivities": 24685800000, "capitalExpenditures": -8944300000, "investments": -4364100000, "otherCashflowsFromInvestingActivities": 879500000, "totalCashflowsFromInvestingActivities": -12297800000, "dividendsPaid": -1578100000, "netBorrowings": 853900000, "otherCashflowsFromFinancingActivities": -14151900000, "totalCashFromFinancingActivities": -14854400000, "changeInCash": -6225700000, "issuanceOfStock": 21700000}, {"maxAge": 1, "endDate": "2017-03-31", "netIncome": 6908400000, "depreciation": 7147800000, "changeToNetincome": 13413600000, "changeToAccountReceivables": -9323000000, "changeToLiabilities": 9891100000, "changeToInventory": -1486300000, "changeToOperatingActivities": -8667700000, "totalCashFromOperatingActivities": 26551600000, "capitalExpenditures": -14719600000, "investments": -806800000, "otherCashflowsFromInvestingActivities": 375100000, "totalCashflowsFromInvestingActivities": -14931800000, "dividendsPaid": -1329200000, "netBorrowings": 8622400000, "otherCashflowsFromFinancingActivities": -15050100000, "totalCashFromFinancingActivities": -7599100000, "changeInCash": 4020700000, "issuanceOfStock": 157800000}], "maxAge": 86400}, "institutionOwnership": {"maxAge": 1, "ownershipList": []}, "balanceSheetHistoryQuarterly": {"balanceSheetStatements": [{"maxAge": 1, "endDate": "2020-06-30", "totalStockholderEquity": 96274400000, "netTangibleAssets": 94802000000}, {"maxAge": 1, "endDate": "2020-03-31", "cash": 12128700000, "shortTermInvestments": 4614200000, "netReceivables": 20002100000, "inventory": 8911200000, "otherCurrentAssets": 4175400000, "totalCurrentAssets": 50031200000, "longTermInvestments": 6708100000, "propertyPlantEquipment": 235234700000, "intangibleAssets": 1472400000, "otherAssets": 50274300000, "totalAssets": 343720700000, "accountsPayable": 6568400000, "shortLongTermDebt": 18092600000, "otherCurrentLiab": 11131700000, "longTermDebt": 97601100000, "otherLiab": 81319400000, "deferredLongTermLiab": 47245900000, "minorityInterest": 857800000, "totalCurrentLiabilities": 64882300000, "totalLiab": 246588500000, "commonStock": 1325600000, "retainedEarnings": 91964900000, "treasuryStock": 2983900000, "otherStockholderEquity": 2983900000, "totalStockholderEquity": 96274400000, "netTangibleAssets": 94802000000}, {"maxAge": 1, "endDate": "2019-12-31", "totalStockholderEquity": 94100000000, "netTangibleAssets": 92570000000}, {"maxAge": 1, "endDate": "2019-09-30", "cash": 15150000000, "shortTermInvestments": 6310000000, "netReceivables": 21210000000, "inventory": 6430000000, "otherCurrentAssets": 5140000000, "totalCurrentAssets": 54240000000, "longTermInvestments": 6710000000, "propertyPlantEquipment": 235080000000, "intangibleAssets": 1530000000, "otherAssets": 45290000000, "totalAssets": 342850000000, "accountsPayable": 8450000000, "otherCurrentLiab": 39950000000, "longTermDebt": 96360000000, "otherLiab": 79700000000, "deferredLongTermLiab": 42290000000, "minorityInterest": 830000000, "totalCurrentLiabilities": 71300000000, "totalLiab": 247920000000, "commonStock": 1330000000, "treasuryStock": 92770000000, "otherStockholderEquity": 92770000000, "totalStockholderEquity": 94100000000, "netTangibleAssets": 92570000000}], "maxAge": 86400}, "earningsHistory": {"history": [{"maxAge": 1, "epsActual": 13.4, "epsEstimate": 16.13, "epsDifference": -2.73, "surprisePercent": -0.169, "quarter": "2017-06-30", "period": "-4q"}, {"maxAge": 1, "epsActual": 18.65, "epsEstimate": 17.16, "epsDifference": 1.49, "surprisePercent": 0.087, "quarter": "2017-09-30", "period": "-3q"}, {"maxAge": 1, "epsActual": 11.63, "epsEstimate": 12.05, "epsDifference": -0.42, "surprisePercent": -0.035, "quarter": "2017-12-31", "period": "-2q"}, {"maxAge": 1, "epsActual": 22.08, "epsEstimate": 17.16, "epsDifference": 4.92, "surprisePercent": 0.287, "quarter": "2018-03-31", "period": "-1q"}], "maxAge": 86400}, "indexTrend": {"maxAge": 1, "symbol": "SP5", "peRatio": 19.7411, "pegRatio": 1.34172, "estimates": [{"period": "0q", "growth": 0.549}, {"period": "+1q", "growth": 0.431}, {"period": "0y", "growth": 0.305}, {"period": "+1y", "growth": 0.109}, {"period": "+5y", "growth": 0.120865}, {"period": "-5y"}]}, "industryTrend": {"maxAge": 1, "symbol": null, "estimates": []}, "insiderTransactions": {"transactions": [{"maxAge": 1, "shares": 25000, "filerUrl": "", "transactionText": "", "filerName": "Spencer & Company, Ltd.", "filerRelation": "Promoter", "moneyText": "", "startDate": "2017-03-24", "ownership": "D"}, {"maxAge": 1, "shares": 25000, "filerUrl": "", "transactionText": "", "filerName": "Castor Investments Ltd.", "filerRelation": "UNREPORTED", "moneyText": "", "startDate": "2017-03-24", "ownership": "D"}, {"maxAge": 1, "shares": 100000, "filerUrl": "", "transactionText": "", "filerName": "Spencer & Company, Ltd.", "filerRelation": "Promoter", "moneyText": "", "startDate": "2017-03-23", "ownership": "D"}, {"maxAge": 1, "shares": 100000, "filerUrl": "", "transactionText": "", "filerName": "Castor Investments Ltd.", "filerRelation": "UNREPORTED", "moneyText": "", "startDate": "2017-03-23", "ownership": "D"}, {"maxAge": 1, "shares": 125000, "filerUrl": "", "transactionText": "", "filerName": "Castor Investments Ltd.", "filerRelation": "Institution- Corporation", "moneyText": "", "startDate": "2017-03-22", "ownership": "D"}, {"maxAge": 1, "shares": 125000, "filerUrl": "", "transactionText": "", "filerName": "Spencer & Company, Ltd.", "filerRelation": "Promoter", "moneyText": "", "startDate": "2017-03-22", "ownership": "D"}, {"maxAge": 1, "shares": 7100, "filerUrl": "", "transactionText": "", "filerName": "Integrated Coal Mining Ltd.", "filerRelation": "Promoter", "moneyText": "", "startDate": "2015-04-27", "ownership": "D"}, {"maxAge": 1, "shares": 162000, "filerUrl": "", "transactionText": "", "filerName": "Integrated Coal Mining Ltd.", "filerRelation": "Promoter", "moneyText": "", "startDate": "2015-04-24", "ownership": "D"}, {"maxAge": 1, "shares": 16176, "filerUrl": "", "transactionText": "", "filerName": "Goenka (Harsh Anant)", "filerRelation": "UNREPORTED", "moneyText": "", "startDate": "2013-05-07", "ownership": "D"}, {"maxAge": 1, "shares": 1868118, "filerUrl": "", "transactionText": "", "filerName": "Goldman Sachs Investments (Mauritius) Ltd", "filerRelation": "UNREPORTED", "moneyText": "", "startDate": "2011-08-09", "ownership": "D"}, {"maxAge": 1, "shares": 1868118, "filerUrl": "", "transactionText": "", "filerName": "Goldman Sachs Investments (Mauritius) Ltd", "filerRelation": "UNREPORTED", "moneyText": "", "startDate": "2011-08-09", "ownership": "D"}, {"maxAge": 1, "shares": 48400, "filerUrl": "", "transactionText": "", "filerName": "Goenka (Preeti)", "filerRelation": "UNREPORTED", "moneyText": "", "startDate": "2011-03-29", "ownership": "D"}, {"maxAge": 1, "shares": 77046, "filerUrl": "", "transactionText": "", "filerName": "ICICI Prudential Discovery Fund", "filerRelation": "Investment Advisor", "moneyText": "", "startDate": "2010-12-10", "ownership": "D"}], "maxAge": 1}, "quoteType": {"exchange": "BSE", "quoteType": "EQUITY", "symbol": "CESC.BO", "underlyingSymbol": "CESC.BO", "shortName": "CESC LTD.", "longName": "CESC Limited", "firstTradeDateEpochUtc": "2000-01-03 09:15:00", "timeZoneFullName": "Asia/Kolkata", "timeZoneShortName": "IST", "uuid": "9cf26505-0371-3bef-8668-53af54dba6bd", "messageBoardId": null, "gmtOffSetMilliseconds": 19800000, "maxAge": 1}, "incomeStatementHistory": {"incomeStatementHistory": [{"maxAge": 1, "endDate": "2020-03-31", "totalRevenue": 110145800000, "costOfRevenue": 58232100000, "grossProfit": 51913700000, "researchDevelopment": {}, "sellingGeneralAdministrative": 10944400000, "nonRecurring": {}, "otherOperatingExpenses": 11382200000, "totalOperatingExpenses": 88372900000, "operatingIncome": 21772900000, "totalOtherIncomeExpenseNet": -5087200000, "ebit": 21772900000, "interestExpense": -14193400000, "incomeBeforeTax": 16685700000, "incomeTaxExpense": 3627200000, "minorityInterest": 857800000, "netIncomeFromContinuingOps": 13058500000, "discontinuedOperations": {}, "extraordinaryItems": {}, "effectOfAccountingCharges": {}, "otherItems": {}, "netIncome": 13020500000, "netIncomeApplicableToCommonShares": 13020500000}, {"maxAge": 1, "endDate": "2019-03-31", "totalRevenue": 106641400000, "costOfRevenue": 56425200000, "grossProfit": 50216200000, "researchDevelopment": {}, "sellingGeneralAdministrative": 10642500000, "nonRecurring": {}, "otherOperatingExpenses": 10179800000, "totalOperatingExpenses": 84885300000, "operatingIncome": 21756100000, "totalOtherIncomeExpenseNet": -2825600000, "ebit": 21756100000, "interestExpense": -13833500000, "incomeBeforeTax": 18930500000, "incomeTaxExpense": 6949800000, "minorityInterest": 820600000, "netIncomeFromContinuingOps": 11980700000, "discontinuedOperations": {}, "extraordinaryItems": {}, "effectOfAccountingCharges": {}, "otherItems": {}, "netIncome": 11839800000, "netIncomeApplicableToCommonShares": 11839800000}, {"maxAge": 1, "endDate": "2018-03-31", "totalRevenue": 102748600000, "costOfRevenue": 50814900000, "grossProfit": 51933700000, "researchDevelopment": {}, "sellingGeneralAdministrative": 9994500000, "nonRecurring": {}, "otherOperatingExpenses": 11851000000, "totalOperatingExpenses": 80175100000, "operatingIncome": 22573500000, "totalOtherIncomeExpenseNet": -10109100000, "ebit": 22573500000, "interestExpense": -13710400000, "incomeBeforeTax": 12464400000, "incomeTaxExpense": 3562200000, "minorityInterest": 693900000, "netIncomeFromContinuingOps": 8902200000, "discontinuedOperations": 850300000, "extraordinaryItems": {}, "effectOfAccountingCharges": {}, "otherItems": {}, "netIncome": 9126000000, "netIncomeApplicableToCommonShares": 9126000000}, {"maxAge": 1, "endDate": "2017-03-31", "totalRevenue": 83633600000, "costOfRevenue": 35114900000, "grossProfit": 48518700000, "researchDevelopment": {}, "sellingGeneralAdministrative": 8727700000, "nonRecurring": {}, "otherOperatingExpenses": 11936500000, "totalOperatingExpenses": 62926900000, "operatingIncome": 20706700000, "totalOtherIncomeExpenseNet": -10949500000, "ebit": 20706700000, "interestExpense": -14344900000, "incomeBeforeTax": 9757200000, "incomeTaxExpense": 3209900000, "minorityInterest": 12100500000, "netIncomeFromContinuingOps": 6547300000, "discontinuedOperations": 1554600000, "extraordinaryItems": {}, "effectOfAccountingCharges": {}, "otherItems": {}, "netIncome": 6908400000, "netIncomeApplicableToCommonShares": 6908400000}], "maxAge": 86400}, "fundOwnership": {"maxAge": 1, "ownershipList": [{"maxAge": 1, "reportDate": "2020-05-31", "organization": "MFS Series Trust X-MFS Emerging Markets Equity Fund", "pctHeld": 0.0322, "position": 4271953, "value": 2360681227}, {"maxAge": 1, "reportDate": "2020-06-30", "organization": "MFS International New Discovery Fund", "pctHeld": 0.0234, "position": 3095481, "value": 1924150989}, {"maxAge": 1, "reportDate": "2020-07-31", "organization": "Vanguard International Stock Index-Total Intl Stock Indx", "pctHeld": 0.0081, "position": 1076743, "value": 591131907}, {"maxAge": 1, "reportDate": "2020-07-31", "organization": "Vanguard International Stock Index-Emerging Markets Stk", "pctHeld": 0.0066000004, "position": 869713, "value": 477472437}, {"maxAge": 1, "reportDate": "2020-07-31", "organization": "DFA Emerging Markets Core Equity Portfolio", "pctHeld": 0.0037, "position": 489068, "value": 268498332}, {"maxAge": 1, "reportDate": "2020-07-31", "organization": "iShares Core MSCI Emerging Markets ETF", "pctHeld": 0.0036000002, "position": 481331, "value": 264250719}, {"maxAge": 1, "reportDate": "2020-07-31", "organization": "DFA Emerging Markets Small Cap Series", "pctHeld": 0.0029, "position": 378288, "value": 207680112}, {"maxAge": 1, "reportDate": "2020-08-31", "organization": "WisdomTree Tr-WisdomTree Emerging Markets Small Cap Dividend Fund", "pctHeld": 0.0015, "position": 194115, "value": 116401059}, {"maxAge": 1, "reportDate": "2020-07-31", "organization": "Vanguard Intl Equity Index Fds-FTSE All World ex U.S.Small Cap Index", "pctHeld": 0.0014, "position": 180060, "value": 98852940}, {"maxAge": 1, "reportDate": "2020-08-31", "organization": "WisdomTree Tr-WisdomTree India Earnings Fd", "pctHeld": 0.001, "position": 138956, "value": 83324965}]}, "summaryDetail": {"maxAge": 1, "priceHint": 2, "previousClose": 622.55, "open": 615.0, "dayLow": 604.55, "dayHigh": 622.3, "regularMarketPreviousClose": 622.55, "regularMarketOpen": 615.0, "regularMarketDayLow": 604.55, "regularMarketDayHigh": 622.3, "trailingPE": 6.3573055, "forwardPE": 8.030643, "volume": 16374, "regularMarketVolume": 16374, "averageVolume": 36577, "averageVolume10days": 18014, "averageDailyVolume10Day": 18014, "bid": 607.0, "ask": 609.5, "bidSize": 0, "askSize": 0, "marketCap": 80594657280, "fiftyTwoWeekLow": 366.2, "fiftyTwoWeekHigh": 730.0, "fiftyDayAverage": 637.36426, "twoHundredDayAverage": 613.2022, "trailingAnnualDividendRate": 20.0, "trailingAnnualDividendYield": 0.032125935, "currency": "INR", "fromCurrency": null, "toCurrency": null, "lastMarket": null, "algorithm": null, "tradeable": false}, "sectorTrend": {"maxAge": 1, "symbol": null, "estimates": []}, "incomeStatementHistoryQuarterly": {"incomeStatementHistory": [{"maxAge": 1, "endDate": "2020-06-30", "totalRevenue": 24200000000, "costOfRevenue": 13210000000, "grossProfit": 10990000000, "researchDevelopment": {}, "sellingGeneralAdministrative": 2700000000, "nonRecurring": {}, "otherOperatingExpenses": 2250000000, "totalOperatingExpenses": 20180000000, "operatingIncome": 4020000000, "totalOtherIncomeExpenseNet": -1060000000, "ebit": 4020000000, "interestExpense": -3470000000, "incomeBeforeTax": 2960000000, "incomeTaxExpense": 960000000, "minorityInterest": {}, "netIncomeFromContinuingOps": 2000000000, "discontinuedOperations": {}, "extraordinaryItems": {}, "effectOfAccountingCharges": {}, "otherItems": {}, "netIncome": 1980000000, "netIncomeApplicableToCommonShares": 1980000000}, {"maxAge": 1, "endDate": "2020-03-31", "totalRevenue": 24335800000, "costOfRevenue": 13142100000, "grossProfit": 11193700000, "researchDevelopment": {}, "sellingGeneralAdministrative": 3034400000, "nonRecurring": {}, "otherOperatingExpenses": 1842200000, "totalOperatingExpenses": 20072900000, "operatingIncome": 4262900000, "totalOtherIncomeExpenseNet": 552800000, "ebit": 4262900000, "interestExpense": -3423400000, "incomeBeforeTax": 4815700000, "incomeTaxExpense": 357200000, "minorityInterest": 857800000, "netIncomeFromContinuingOps": 4458500000, "discontinuedOperations": {}, "extraordinaryItems": {}, "effectOfAccountingCharges": {}, "otherItems": {}, "netIncome": 4390500000, "netIncomeApplicableToCommonShares": 4390500000}, {"maxAge": 1, "endDate": "2019-12-31", "totalRevenue": 23440000000, "costOfRevenue": 11650000000, "grossProfit": 11790000000, "researchDevelopment": {}, "sellingGeneralAdministrative": 2270000000, "nonRecurring": {}, "otherOperatingExpenses": 2710000000, "totalOperatingExpenses": 18560000000, "operatingIncome": 4880000000, "totalOtherIncomeExpenseNet": -1300000000, "ebit": 4880000000, "interestExpense": -3490000000, "incomeBeforeTax": 3580000000, "incomeTaxExpense": 950000000, "minorityInterest": 857800000, "netIncomeFromContinuingOps": 2630000000, "discontinuedOperations": {}, "extraordinaryItems": {}, "effectOfAccountingCharges": {}, "otherItems": {}, "netIncome": 2670000000, "netIncomeApplicableToCommonShares": 2670000000}, {"maxAge": 1, "endDate": "2019-09-30", "totalRevenue": 30100000000, "costOfRevenue": 15710000000, "grossProfit": 14390000000, "researchDevelopment": {}, "sellingGeneralAdministrative": 2780000000, "nonRecurring": {}, "otherOperatingExpenses": 3010000000, "totalOperatingExpenses": 23410000000, "operatingIncome": 6690000000, "totalOtherIncomeExpenseNet": -2010000000, "ebit": 6690000000, "interestExpense": -3560000000, "incomeBeforeTax": 4680000000, "incomeTaxExpense": 1020000000, "minorityInterest": 830000000, "netIncomeFromContinuingOps": 3660000000, "discontinuedOperations": {}, "extraordinaryItems": {}, "effectOfAccountingCharges": {}, "otherItems": {}, "netIncome": 3640000000, "netIncomeApplicableToCommonShares": 3640000000}], "maxAge": 86400}, "cashflowStatementHistoryQuarterly": {"cashflowStatements": [{"maxAge": 1, "endDate": "2020-06-30", "netIncome": 1980000000, "changeToLiabilities": 0}, {"maxAge": 1, "endDate": "2020-03-31", "netIncome": 4390500000, "changeToLiabilities": 0}, {"maxAge": 1, "endDate": "2019-12-31", "netIncome": 2670000000, "changeToLiabilities": 0}, {"maxAge": 1, "endDate": "2019-09-30", "netIncome": 3640000000, "changeToLiabilities": 0}], "maxAge": 86400}, "insiderHolders": {"holders": [{"maxAge": 1, "name": "Castor Investments Ltd.", "relation": "UNREPORTED", "url": "", "transactionDescription": "Acquisition", "latestTransDate": "2017-03-24", "positionDirect": 250000, "positionDirectDate": "2017-03-24"}, {"maxAge": 1, "name": "Goenka (Harsh Anant)", "relation": "UNREPORTED", "url": "", "transactionDescription": "Sale", "latestTransDate": "2013-05-07", "positionDirect": 0, "positionDirectDate": "2013-05-07"}, {"maxAge": 1, "name": "Goenka (Preeti)", "relation": "UNREPORTED", "url": "", "transactionDescription": "Sale", "latestTransDate": "2011-03-29", "positionDirect": 25223, "positionDirectDate": "2011-03-29"}, {"maxAge": 1, "name": "Goldman Sachs Investments (Mauritius) Ltd", "relation": "UNREPORTED", "url": "", "transactionDescription": "Sale", "latestTransDate": "2011-08-09", "positionDirect": 4036928, "positionDirectDate": "2011-08-09"}, {"maxAge": 1, "name": "ICICI Prudential Discovery Fund", "relation": "Investment Advisor", "url": "", "transactionDescription": "Acquisition", "latestTransDate": "2010-12-10", "positionDirect": 6254178, "positionDirectDate": "2010-12-10"}, {"maxAge": 1, "name": "Integrated Coal Mining Ltd.", "relation": "Promoter", "url": "", "transactionDescription": "Purchase", "latestTransDate": "2015-04-27", "positionDirect": 1075364, "positionDirectDate": "2015-04-27"}, {"maxAge": 1, "name": "Spencer & Company, Ltd.", "relation": "Promoter", "url": "", "transactionDescription": "Sale", "latestTransDate": "2017-03-24", "positionDirectDate": "2017-03-24"}], "maxAge": 1}, "earnings": {"maxAge": 86400, "earningsChart": {"quarterly": [{"date": "2Q2017", "actual": 13.4, "estimate": 16.13}, {"date": "3Q2017", "actual": 18.65, "estimate": 17.16}, {"date": "4Q2017", "actual": 11.63, "estimate": 12.05}, {"date": "1Q2018", "actual": 22.08, "estimate": 17.16}], "currentQuarterEstimateDate": "2Q", "currentQuarterEstimateYear": 2018, "earningsDate": ["2019-02-05 05:30:S"]}, "financialsChart": {"yearly": [{"date": 2017, "revenue": 83633600000, "earnings": 6908400000}, {"date": 2018, "revenue": 102748600000, "earnings": 9126000000}, {"date": 2019, "revenue": 106641400000, "earnings": 11839800000}, {"date": 2020, "revenue": 110145800000, "earnings": 13020500000}], "quarterly": [{"date": "3Q2019", "revenue": 30100000000, "earnings": 3640000000}, {"date": "4Q2019", "revenue": 23440000000, "earnings": 2670000000}, {"date": "1Q2020", "revenue": 24335800000, "earnings": 4390500000}, {"date": "2Q2020", "revenue": 24200000000, "earnings": 1980000000}]}, "financialCurrency": "INR"}, "calendarEvents": {"maxAge": 1, "earnings": {"earningsDate": ["2019-02-05 05:30:S"], "revenueAverage": 11100000, "revenueLow": 11100000, "revenueHigh": 11100000}}, "price": {"maxAge": 1, "regularMarketChangePercent": -0.0233716, "regularMarketChange": -14.549988, "regularMarketTime": "2021-04-30 15:29:58", "priceHint": 2, "regularMarketPrice": 608.0, "regularMarketDayHigh": 622.3, "regularMarketDayLow": 604.55, "regularMarketVolume": 16374, "averageDailyVolume10Day": 18014, "averageDailyVolume3Month": 36577, "regularMarketPreviousClose": 622.55, "regularMarketSource": "FREE_REALTIME", "regularMarketOpen": 615.0, "exchange": "BSE", "exchangeName": "BSE", "exchangeDataDelayedBy": 0, "marketState": "CLOSED", "quoteType": "EQUITY", "symbol": "CESC.BO", "underlyingSymbol": null, "shortName": "CESC LTD.", "longName": "CESC Limited", "currency": "INR", "quoteSourceName": "Delayed Quote", "currencySymbol": "\u20b9", "fromCurrency": null, "toCurrency": null, "lastMarket": null, "marketCap": 80594657280}, "balanceSheetHistory": {"balanceSheetStatements": [{"maxAge": 1, "endDate": "2020-03-31", "cash": 12128700000, "shortTermInvestments": 4614200000, "netReceivables": 20002100000, "inventory": 8911200000, "otherCurrentAssets": 4175400000, "totalCurrentAssets": 50031200000, "longTermInvestments": 6708100000, "propertyPlantEquipment": 235234700000, "intangibleAssets": 1472400000, "otherAssets": 50274300000, "totalAssets": 343720700000, "accountsPayable": 6568400000, "shortLongTermDebt": 18092600000, "otherCurrentLiab": 11131700000, "longTermDebt": 97601100000, "otherLiab": 81319400000, "deferredLongTermLiab": 47245900000, "minorityInterest": 857800000, "totalCurrentLiabilities": 64882300000, "totalLiab": 246588500000, "commonStock": 1325600000, "retainedEarnings": 91964900000, "treasuryStock": 2983900000, "otherStockholderEquity": 2983900000, "totalStockholderEquity": 96274400000, "netTangibleAssets": 94802000000}, {"maxAge": 1, "endDate": "2019-03-31", "cash": 5025600000, "shortTermInvestments": 4124100000, "netReceivables": 18298900000, "inventory": 11111800000, "otherCurrentAssets": 3377000000, "totalCurrentAssets": 47223600000, "longTermInvestments": 6725200000, "propertyPlantEquipment": 235960500000, "intangibleAssets": 1579000000, "otherAssets": 43208300000, "totalAssets": 334696600000, "accountsPayable": 5723400000, "shortLongTermDebt": 18598500000, "otherCurrentLiab": 10859000000, "longTermDebt": 102253400000, "otherLiab": 78286500000, "deferredLongTermLiab": 39992700000, "minorityInterest": 820600000, "totalCurrentLiabilities": 63530700000, "totalLiab": 244137600000, "commonStock": 1325600000, "retainedEarnings": 85580800000, "treasuryStock": 2832000000, "otherStockholderEquity": 2832000000, "totalStockholderEquity": 89738400000, "netTangibleAssets": 88159400000}, {"maxAge": 1, "endDate": "2018-03-31", "cash": 6321700000, "shortTermInvestments": 4493000000, "netReceivables": 16073500000, "inventory": 10114600000, "otherCurrentAssets": 2123000000, "totalCurrentAssets": 44383000000, "longTermInvestments": 6673400000, "propertyPlantEquipment": 238447800000, "goodWill": 21710000000, "intangibleAssets": 1693500000, "otherAssets": 38664900000, "totalAssets": 329862600000, "accountsPayable": 6906700000, "shortLongTermDebt": 13294900000, "otherCurrentLiab": 9444600000, "longTermDebt": 110477800000, "otherLiab": 78260600000, "deferredLongTermLiab": 35668100000, "minorityInterest": 693900000, "totalCurrentLiabilities": 56164500000, "totalLiab": 244967000000, "commonStock": 1325600000, "retainedEarnings": 80063900000, "treasuryStock": 2812200000, "otherStockholderEquity": 2812200000, "totalStockholderEquity": 84201700000, "netTangibleAssets": 82508200000}, {"maxAge": 1, "endDate": "2017-03-31", "cash": 12547400000, "shortTermInvestments": 3664200000, "netReceivables": 18687000000, "inventory": 10663000000, "otherCurrentAssets": 4004000000, "totalCurrentAssets": 56779500000, "longTermInvestments": 5687000000, "propertyPlantEquipment": 247064400000, "goodWill": 20105600000, "intangibleAssets": 2450500000, "otherAssets": 46639700000, "deferredLongTermAssetCharges": 4076000000, "totalAssets": 378726700000, "accountsPayable": 7890400000, "shortLongTermDebt": 16322200000, "otherCurrentLiab": 8727800000, "longTermDebt": 115855500000, "otherLiab": 82440800000, "deferredLongTermLiab": 36534200000, "minorityInterest": 12100500000, "totalCurrentLiabilities": 61996000000, "totalLiab": 260399300000, "commonStock": 1325600000, "retainedEarnings": 83322800000, "treasuryStock": 4119500000, "capitalSurplus": 17459000000, "otherStockholderEquity": 4119500000, "totalStockholderEquity": 106226900000, "netTangibleAssets": 83670800000}], "maxAge": 86400}, "earningsTrend": {"trend": [{"maxAge": 1, "period": "0q", "endDate": "2018-06-30", "growth": {}, "earningsEstimate": {"avg": 0.0, "low": 0.0, "high": 0.0, "yearAgoEps": 13.4, "numberOfAnalysts": 0, "growth": {}}, "revenueEstimate": {"avg": 11100000, "low": 11100000, "high": 11100000, "numberOfAnalysts": 1, "yearAgoRevenue": 21840000000, "growth": -0.999}, "epsTrend": {"current": 0.0, "7daysAgo": 0.0, "30daysAgo": 0.0, "60daysAgo": 0.0, "90daysAgo": 0.0}, "epsRevisions": {"upLast7days": 0, "upLast30days": 0, "downLast30days": 0, "downLast90days": {}}}, {"maxAge": 1, "period": "+1q", "endDate": "2018-09-30", "growth": {}, "earningsEstimate": {"avg": 0.0, "low": 0.0, "high": 0.0, "yearAgoEps": 18.65, "numberOfAnalysts": 0, "growth": {}}, "revenueEstimate": {"avg": 10200000, "low": 10200000, "high": 10200000, "numberOfAnalysts": 1, "yearAgoRevenue": 20880000000, "growth": -1.0}, "epsTrend": {"current": 0.0, "7daysAgo": 0.0, "30daysAgo": 0.0, "60daysAgo": 0.0, "90daysAgo": 0.0}, "epsRevisions": {"upLast7days": 0, "upLast30days": 0, "downLast30days": 0, "downLast90days": {}}}, {"maxAge": 1, "period": "0y", "endDate": "2019-03-31", "growth": 0.075, "earningsEstimate": {"avg": 70.73, "low": 58.6, "high": 81.9, "yearAgoEps": 65.77, "numberOfAnalysts": 10, "growth": 0.075}, "revenueEstimate": {"avg": 84243600000, "low": 79794000000, "high": 88894000000, "numberOfAnalysts": 9, "yearAgoRevenue": 77730000000, "growth": 0.084}, "epsTrend": {"current": 70.73, "7daysAgo": 70.73, "30daysAgo": 72.66, "60daysAgo": 72.66, "90daysAgo": 94.73}, "epsRevisions": {"upLast7days": 0, "upLast30days": 1, "downLast30days": 0, "downLast90days": {}}}, {"maxAge": 1, "period": "+1y", "endDate": "2020-03-31", "growth": 0.07, "earningsEstimate": {"avg": 75.71, "low": 66.3, "high": 84.2, "yearAgoEps": 70.73, "numberOfAnalysts": 9, "growth": 0.07}, "revenueEstimate": {"avg": 88483500000, "low": 83549000000, "high": 94030000000, "numberOfAnalysts": 8, "yearAgoRevenue": 84243600000, "growth": 0.05}, "epsTrend": {"current": 75.71, "7daysAgo": 75.71, "30daysAgo": 76.53, "60daysAgo": 76.53, "90daysAgo": 76.53}, "epsRevisions": {"upLast7days": 0, "upLast30days": 3, "downLast30days": 0, "downLast90days": {}}}, {"maxAge": 1, "period": "+5y", "endDate": null, "growth": 0.35029998, "earningsEstimate": {"avg": {}, "low": {}, "high": {}, "yearAgoEps": {}, "numberOfAnalysts": {}, "growth": {}}, "revenueEstimate": {"avg": {}, "low": {}, "high": {}, "numberOfAnalysts": {}, "yearAgoRevenue": {}, "growth": {}}, "epsTrend": {"current": {}, "7daysAgo": {}, "30daysAgo": {}, "60daysAgo": {}, "90daysAgo": {}}, "epsRevisions": {"upLast7days": {}, "upLast30days": {}, "downLast30days": {}, "downLast90days": {}}}, {"maxAge": 1, "period": "-5y", "endDate": null, "growth": 0.16861999, "earningsEstimate": {"avg": {}, "low": {}, "high": {}, "yearAgoEps": {}, "numberOfAnalysts": {}, "growth": {}}, "revenueEstimate": {"avg": {}, "low": {}, "high": {}, "numberOfAnalysts": {}, "yearAgoRevenue": {}, "growth": {}}, "epsTrend": {"current": {}, "7daysAgo": {}, "30daysAgo": {}, "60daysAgo": {}, "90daysAgo": {}}, "epsRevisions": {"upLast7days": {}, "upLast30days": {}, "downLast30days": {}, "downLast90days": {}}}], "maxAge": 1}, "financialData": {"maxAge": 86400, "currentPrice": 608.0, "targetHighPrice": 1407.0, "targetLowPrice": 948.0, "targetMeanPrice": 1181.63, "targetMedianPrice": 1190.0, "recommendationMean": 1.9, "recommendationKey": "buy", "numberOfAnalystOpinions": 19, "grossProfits": 51913700000, "financialCurrency": "INR"}}}