{"CGCL.BO": {"recommendationTrend": {"trend": [{"period": "0m", "strongBuy": 0, "buy": 0, "hold": 0, "sell": 0, "strongSell": 0}, {"period": "-1m", "strongBuy": 0, "buy": 0, "hold": 0, "sell": 0, "strongSell": 0}, {"period": "-2m", "strongBuy": 0, "buy": 0, "hold": 0, "sell": 0, "strongSell": 0}, {"period": "-3m", "strongBuy": 0, "buy": 0, "hold": 0, "sell": 0, "strongSell": 0}], "maxAge": 86400}, "cashflowStatementHistory": {"cashflowStatements": [{"maxAge": 1, "endDate": "2020-03-31", "netIncome": 1612338000, "depreciation": 97462000, "changeToNetincome": 550257000, "changeToLiabilities": -17742000, "changeToOperatingActivities": -153127000, "totalCashFromOperatingActivities": 2099561000, "capitalExpenditures": -35487000, "investments": -3560677000, "otherCashflowsFromInvestingActivities": 69414000, "totalCashflowsFromInvestingActivities": -3516869000, "dividendsPaid": -63049000, "netBorrowings": 637386000, "otherCashflowsFromFinancingActivities": -38053000, "totalCashFromFinancingActivities": 536284000, "changeInCash": -881024000}, {"maxAge": 1, "endDate": "2019-03-31", "netIncome": 1356630000, "depreciation": 56879000, "changeToNetincome": 25051000, "changeToLiabilities": -1606000, "changeToOperatingActivities": -12598779000, "totalCashFromOperatingActivities": -11152281000, "capitalExpenditures": -55273000, "investments": 442722000, "otherCashflowsFromInvestingActivities": 12850000, "totalCashflowsFromInvestingActivities": 405479000, "dividendsPaid": -52540000, "netBorrowings": 12025616000, "otherCashflowsFromFinancingActivities": -10800000, "totalCashFromFinancingActivities": 11962276000, "changeInCash": 1215474000}, {"maxAge": 1, "endDate": "2018-03-31", "netIncome": 649002000, "depreciation": 58805000, "changeToNetincome": 271438000, "changeToLiabilities": -4124000, "changeToOperatingActivities": -9544545000, "totalCashFromOperatingActivities": -8565980000, "capitalExpenditures": -84293000, "investments": 380545000, "otherCashflowsFromInvestingActivities": 100800000, "totalCashflowsFromInvestingActivities": 401277000, "dividendsPaid": -63236000, "netBorrowings": 8410919000, "otherCashflowsFromFinancingActivities": -10800000, "totalCashFromFinancingActivities": 8347683000, "changeInCash": 182980000}, {"maxAge": 1, "endDate": "2017-03-31", "netIncome": 581223000, "depreciation": 39974000, "changeToNetincome": 449707000, "changeToLiabilities": 9594000, "changeToOperatingActivities": -6197517000, "totalCashFromOperatingActivities": -5113967000, "capitalExpenditures": -93890000, "investments": 543994000, "otherCashflowsFromInvestingActivities": 5409000, "totalCashflowsFromInvestingActivities": 455617000, "dividendsPaid": -52540000, "netBorrowings": 4662769000, "otherCashflowsFromFinancingActivities": -10696000, "totalCashFromFinancingActivities": 4599533000, "changeInCash": -58817000}], "maxAge": 86400}, "institutionOwnership": {"maxAge": 1, "ownershipList": []}, "balanceSheetHistoryQuarterly": {"balanceSheetStatements": [{"maxAge": 1, "endDate": "2020-06-30", "totalStockholderEquity": 15391849000, "netTangibleAssets": 15370022000}, {"maxAge": 1, "endDate": "2020-03-31", "cash": 623259000, "netReceivables": 39341666000, "otherCurrentAssets": 243803000, "totalCurrentAssets": 40208728000, "longTermInvestments": 3725794000, "propertyPlantEquipment": 295355000, "intangibleAssets": 21827000, "otherAssets": 202996000, "deferredLongTermAssetCharges": 151840000, "totalAssets": 44454700000, "accountsPayable": 64327000, "shortLongTermDebt": 6848870000, "otherCurrentLiab": 117359000, "longTermDebt": 21071034000, "otherLiab": 146301000, "deferredLongTermLiab": 11012000, "totalCurrentLiabilities": 7672678000, "totalLiab": 29062851000, "commonStock": 350270000, "retainedEarnings": 10512653000, "treasuryStock": 57920000, "capitalSurplus": 4471006000, "otherStockholderEquity": 57920000, "totalStockholderEquity": 15391849000, "netTangibleAssets": 15370022000}, {"maxAge": 1, "endDate": "2019-12-31", "totalStockholderEquity": 14531747000, "netTangibleAssets": 14276999000}, {"maxAge": 1, "endDate": "2019-09-30", "cash": 1229183000, "netReceivables": 38697008000, "otherCurrentAssets": 22805000, "totalCurrentAssets": 39948996000, "longTermInvestments": 1396425000, "propertyPlantEquipment": 93595000, "intangibleAssets": 254748000, "otherAssets": 397207000, "deferredLongTermAssetCharges": 188207000, "totalAssets": 42090971000, "accountsPayable": 68765000, "shortLongTermDebt": 1499484000, "otherCurrentLiab": 41572000, "longTermDebt": 25496184000, "otherLiab": 106248000, "totalCurrentLiabilities": 1956792000, "totalLiab": 27559224000, "commonStock": 350270000, "treasuryStock": 14181477000, "otherStockholderEquity": 14181477000, "totalStockholderEquity": 14531747000, "netTangibleAssets": 14276999000}], "maxAge": 86400}, "earningsHistory": {"history": [{"maxAge": 1, "epsActual": {}, "epsEstimate": {}, "epsDifference": {}, "surprisePercent": {}, "quarter": {}, "period": "-4q"}, {"maxAge": 1, "epsActual": {}, "epsEstimate": {}, "epsDifference": {}, "surprisePercent": {}, "quarter": {}, "period": "-3q"}, {"maxAge": 1, "epsActual": {}, "epsEstimate": {}, "epsDifference": {}, "surprisePercent": {}, "quarter": {}, "period": "-2q"}, {"maxAge": 1, "epsActual": 1.54, "epsEstimate": 1.92, "epsDifference": -0.38, "surprisePercent": -0.198, "quarter": "2018-06-30", "period": "-1q"}], "maxAge": 86400}, "indexTrend": {"maxAge": 1, "symbol": "SP5", "peRatio": 19.7411, "pegRatio": 1.34172, "estimates": [{"period": "0q", "growth": 0.549}, {"period": "+1q", "growth": 0.431}, {"period": "0y", "growth": 0.305}, {"period": "+1y", "growth": 0.109}, {"period": "+5y", "growth": 0.120865}, {"period": "-5y"}]}, "industryTrend": {"maxAge": 1, "symbol": null, "estimates": []}, "insiderTransactions": {"transactions": [{"maxAge": 1, "shares": 3000, "filerUrl": "", "transactionText": "", "filerName": "Agarwal (Sapna)", "filerRelation": "UNREPORTED", "moneyText": "", "startDate": "2018-12-17", "ownership": "D"}, {"maxAge": 1, "shares": 32000, "filerUrl": "", "transactionText": "", "filerName": "Agarwal (Sapna)", "filerRelation": "UNREPORTED", "moneyText": "", "startDate": "2018-12-14", "ownership": "D"}], "maxAge": 1}, "quoteType": {"exchange": "BSE", "quoteType": "EQUITY", "symbol": "CGCL.BO", "underlyingSymbol": "CGCL.BO", "shortName": "CAPRI GLOBAL CAPITAL LIMITED", "longName": "Capri Global Capital Limited", "firstTradeDateEpochUtc": "2002-01-03 09:15:00", "timeZoneFullName": "Asia/Kolkata", "timeZoneShortName": "IST", "uuid": "1f3d0623-0e7f-34bd-84f8-3a327b23f9aa", "messageBoardId": null, "gmtOffSetMilliseconds": 19800000, "maxAge": 1}, "incomeStatementHistory": {"incomeStatementHistory": [{"maxAge": 1, "endDate": "2020-03-31", "totalRevenue": 4291261000, "costOfRevenue": 5953000, "grossProfit": 4285308000, "researchDevelopment": {}, "sellingGeneralAdministrative": 1226968000, "nonRecurring": {}, "otherOperatingExpenses": 375964000, "totalOperatingExpenses": 1770609000, "operatingIncome": 2520652000, "totalOtherIncomeExpenseNet": -300836000, "ebit": 0, "interestExpense": {}, "incomeBeforeTax": 2219816000, "incomeTaxExpense": 607478000, "minorityInterest": {}, "netIncomeFromContinuingOps": 1612338000, "discontinuedOperations": {}, "extraordinaryItems": {}, "effectOfAccountingCharges": {}, "otherItems": {}, "netIncome": 1612338000, "netIncomeApplicableToCommonShares": 1612338000}, {"maxAge": 1, "endDate": "2019-03-31", "totalRevenue": 3754583000, "costOfRevenue": 4859000, "grossProfit": 3749724000, "researchDevelopment": {}, "sellingGeneralAdministrative": 1271376000, "nonRecurring": {}, "otherOperatingExpenses": 392893000, "totalOperatingExpenses": 1802480000, "operatingIncome": 1952103000, "totalOtherIncomeExpenseNet": -85217000, "ebit": 0, "interestExpense": {}, "incomeBeforeTax": 1866886000, "incomeTaxExpense": 510256000, "minorityInterest": {}, "netIncomeFromContinuingOps": 1356630000, "discontinuedOperations": {}, "extraordinaryItems": {}, "effectOfAccountingCharges": {}, "otherItems": {}, "netIncome": 1356630000, "netIncomeApplicableToCommonShares": 1356630000}, {"maxAge": 1, "endDate": "2018-03-31", "totalRevenue": 2497294000, "costOfRevenue": 10912000, "grossProfit": 2486382000, "researchDevelopment": {}, "sellingGeneralAdministrative": 892323000, "nonRecurring": {}, "otherOperatingExpenses": 368199000, "totalOperatingExpenses": 1359900000, "operatingIncome": 1137394000, "totalOtherIncomeExpenseNet": -55013000, "ebit": 0, "interestExpense": {}, "incomeBeforeTax": 1082381000, "incomeTaxExpense": 433379000, "minorityInterest": {}, "netIncomeFromContinuingOps": 649002000, "discontinuedOperations": {}, "extraordinaryItems": {}, "effectOfAccountingCharges": {}, "otherItems": {}, "netIncome": 649002000, "netIncomeApplicableToCommonShares": 649002000}, {"maxAge": 1, "endDate": "2017-03-31", "totalRevenue": 1813652000, "costOfRevenue": 785000, "grossProfit": 1812867000, "researchDevelopment": {}, "sellingGeneralAdministrative": 602322000, "nonRecurring": {}, "otherOperatingExpenses": 219777000, "totalOperatingExpenses": 865910000, "operatingIncome": 947742000, "totalOtherIncomeExpenseNet": 7629000, "ebit": 0, "interestExpense": {}, "incomeBeforeTax": 955371000, "incomeTaxExpense": 374148000, "minorityInterest": {}, "netIncomeFromContinuingOps": 581223000, "discontinuedOperations": {}, "extraordinaryItems": {}, "effectOfAccountingCharges": {}, "otherItems": {}, "netIncome": 581223000, "netIncomeApplicableToCommonShares": 581223000}], "maxAge": 86400}, "fundOwnership": {"maxAge": 1, "ownershipList": []}, "summaryDetail": {"maxAge": 1, "priceHint": 2, "previousClose": 419.85, "open": 415.0, "dayLow": 415.0, "dayHigh": 454.85, "regularMarketPreviousClose": 419.85, "regularMarketOpen": 415.0, "regularMarketDayLow": 415.0, "regularMarketDayHigh": 454.85, "trailingPE": 48.542114, "forwardPE": 46.67705, "volume": 48457, "regularMarketVolume": 48457, "averageVolume": 71566, "averageVolume10days": 98907, "averageDailyVolume10Day": 98907, "bid": 0.0, "ask": 452.5, "bidSize": 0, "askSize": 0, "marketCap": 78750605312, "fiftyTwoWeekLow": 115.0, "fiftyTwoWeekHigh": 454.85, "fiftyDayAverage": 350.08856, "twoHundredDayAverage": 274.81644, "trailingAnnualDividendRate": 0.2, "trailingAnnualDividendYield": 0.0004763606, "currency": "INR", "fromCurrency": null, "toCurrency": null, "lastMarket": null, "algorithm": null, "tradeable": false}, "sectorTrend": {"maxAge": 1, "symbol": null, "estimates": []}, "incomeStatementHistoryQuarterly": {"incomeStatementHistory": [{"maxAge": 1, "endDate": "2020-06-30", "totalRevenue": 1003260000, "costOfRevenue": 0, "grossProfit": 1003260000, "researchDevelopment": {}, "sellingGeneralAdministrative": 170040000, "nonRecurring": {}, "otherOperatingExpenses": 79840000, "totalOperatingExpenses": 272510000, "operatingIncome": 730750000, "totalOtherIncomeExpenseNet": -203000000, "ebit": 0, "interestExpense": {}, "incomeBeforeTax": 527750000, "incomeTaxExpense": 131300000, "minorityInterest": {}, "netIncomeFromContinuingOps": 396450000, "discontinuedOperations": {}, "extraordinaryItems": {}, "effectOfAccountingCharges": {}, "otherItems": {}, "netIncome": 396450000, "netIncomeApplicableToCommonShares": 396450000}, {"maxAge": 1, "endDate": "2020-03-31", "totalRevenue": 1064873000, "costOfRevenue": 5953000, "grossProfit": 1058920000, "researchDevelopment": {}, "sellingGeneralAdministrative": 302335000, "nonRecurring": {}, "otherOperatingExpenses": -4000000, "totalOperatingExpenses": 386131000, "operatingIncome": 678742000, "totalOtherIncomeExpenseNet": -184777000, "ebit": 0, "interestExpense": {}, "incomeBeforeTax": 493965000, "incomeTaxExpense": 143768000, "minorityInterest": {}, "netIncomeFromContinuingOps": 350197000, "discontinuedOperations": {}, "extraordinaryItems": {}, "effectOfAccountingCharges": {}, "otherItems": {}, "netIncome": 350197000, "netIncomeApplicableToCommonShares": 350197000}, {"maxAge": 1, "endDate": "2019-12-31", "totalRevenue": 1119286000, "costOfRevenue": 0, "grossProfit": 1119286000, "researchDevelopment": {}, "sellingGeneralAdministrative": 279530000, "nonRecurring": {}, "otherOperatingExpenses": 119820000, "totalOperatingExpenses": 426961000, "operatingIncome": 692325000, "totalOtherIncomeExpenseNet": -57336000, "ebit": 0, "interestExpense": {}, "incomeBeforeTax": 634989000, "incomeTaxExpense": 139242000, "minorityInterest": {}, "netIncomeFromContinuingOps": 495747000, "discontinuedOperations": {}, "extraordinaryItems": {}, "effectOfAccountingCharges": {}, "otherItems": {}, "netIncome": 495747000, "netIncomeApplicableToCommonShares": 495747000}, {"maxAge": 1, "endDate": "2019-09-30", "totalRevenue": 1091594000, "costOfRevenue": 0, "grossProfit": 1091594000, "researchDevelopment": {}, "sellingGeneralAdministrative": 307375000, "nonRecurring": {}, "otherOperatingExpenses": 156625000, "totalOperatingExpenses": 490506000, "operatingIncome": 601088000, "totalOtherIncomeExpenseNet": -47767000, "ebit": 0, "interestExpense": {}, "incomeBeforeTax": 553321000, "incomeTaxExpense": 164256000, "minorityInterest": {}, "netIncomeFromContinuingOps": 389065000, "discontinuedOperations": {}, "extraordinaryItems": {}, "effectOfAccountingCharges": {}, "otherItems": {}, "netIncome": 389065000, "netIncomeApplicableToCommonShares": 389065000}], "maxAge": 86400}, "cashflowStatementHistoryQuarterly": {"cashflowStatements": [{"maxAge": 1, "endDate": "2020-06-30", "netIncome": 396450000, "changeToLiabilities": 0}, {"maxAge": 1, "endDate": "2020-03-31", "netIncome": 350197000, "changeToLiabilities": 0}, {"maxAge": 1, "endDate": "2019-12-31", "netIncome": 495747000, "changeToLiabilities": 0}, {"maxAge": 1, "endDate": "2019-09-30", "netIncome": 389065000, "changeToLiabilities": 0}], "maxAge": 86400}, "insiderHolders": {"holders": [{"maxAge": 1, "name": "Agarwal (Sapna)", "relation": "UNREPORTED", "url": "", "transactionDescription": "Sale", "latestTransDate": "2018-12-17", "positionDirect": 100000, "positionDirectDate": "2018-12-17"}], "maxAge": 1}, "earnings": {"maxAge": 86400, "earningsChart": {"quarterly": [{"date": "2Q2018", "actual": 1.54, "estimate": 1.92}], "currentQuarterEstimateDate": "3Q", "currentQuarterEstimateYear": 2018, "earningsDate": ["2020-07-31 05:30:S"]}, "financialsChart": {"yearly": [{"date": 2017, "revenue": 1813652000, "earnings": 581223000}, {"date": 2018, "revenue": 2497294000, "earnings": 649002000}, {"date": 2019, "revenue": 3754583000, "earnings": 1356630000}, {"date": 2020, "revenue": 4291261000, "earnings": 1612338000}], "quarterly": [{"date": "3Q2019", "revenue": 1091594000, "earnings": 389065000}, {"date": "4Q2019", "revenue": 1119286000, "earnings": 495747000}, {"date": "1Q2020", "revenue": 1064873000, "earnings": 350197000}, {"date": "2Q2020", "revenue": 1003260000, "earnings": 396450000}]}, "financialCurrency": "INR"}, "calendarEvents": {"maxAge": 1, "earnings": {"earningsDate": ["2020-07-31 05:30:S"], "revenueAverage": 1349430000}}, "price": {"maxAge": 1, "regularMarketChangePercent": 0.07062045, "regularMarketChange": 29.649994, "regularMarketTime": "2021-04-30 15:45:05", "priceHint": 2, "regularMarketPrice": 449.5, "regularMarketDayHigh": 454.85, "regularMarketDayLow": 415.0, "regularMarketVolume": 48457, "averageDailyVolume10Day": 98907, "averageDailyVolume3Month": 71566, "regularMarketPreviousClose": 419.85, "regularMarketSource": "FREE_REALTIME", "regularMarketOpen": 415.0, "exchange": "BSE", "exchangeName": "BSE", "exchangeDataDelayedBy": 0, "marketState": "CLOSED", "quoteType": "EQUITY", "symbol": "CGCL.BO", "underlyingSymbol": null, "shortName": "CAPRI GLOBAL CAPITAL LIMITED", "longName": "Capri Global Capital Limited", "currency": "INR", "quoteSourceName": "Delayed Quote", "currencySymbol": "\u20b9", "fromCurrency": null, "toCurrency": null, "lastMarket": null, "marketCap": 78750605312}, "balanceSheetHistory": {"balanceSheetStatements": [{"maxAge": 1, "endDate": "2020-03-31", "cash": 623259000, "netReceivables": 39341666000, "otherCurrentAssets": 243803000, "totalCurrentAssets": 40208728000, "longTermInvestments": 3725794000, "propertyPlantEquipment": 295355000, "intangibleAssets": 21827000, "otherAssets": 202996000, "deferredLongTermAssetCharges": 151840000, "totalAssets": 44454700000, "accountsPayable": 64327000, "shortLongTermDebt": 6848870000, "otherCurrentLiab": 117359000, "longTermDebt": 21071034000, "otherLiab": 146301000, "deferredLongTermLiab": 11012000, "totalCurrentLiabilities": 7672678000, "totalLiab": 29062851000, "commonStock": 350270000, "retainedEarnings": 10512653000, "treasuryStock": 57920000, "capitalSurplus": 4471006000, "otherStockholderEquity": 57920000, "totalStockholderEquity": 15391849000, "netTangibleAssets": 15370022000}, {"maxAge": 1, "endDate": "2019-03-31", "cash": 1504301000, "netReceivables": 40308379000, "otherCurrentAssets": 259552000, "totalCurrentAssets": 42072232000, "longTermInvestments": 279797000, "propertyPlantEquipment": 106653000, "intangibleAssets": 20477000, "otherAssets": 290968000, "deferredLongTermAssetCharges": 233491000, "totalAssets": 42770127000, "accountsPayable": 61834000, "shortLongTermDebt": 6112831000, "otherCurrentLiab": 14446000, "longTermDebt": 20490951000, "otherLiab": 157959000, "deferredLongTermLiab": 13423000, "totalCurrentLiabilities": 8294425000, "totalLiab": 28943335000, "commonStock": 350270000, "retainedEarnings": 8974826000, "treasuryStock": 30690000, "capitalSurplus": 4471006000, "otherStockholderEquity": 30690000, "totalStockholderEquity": 13826792000, "netTangibleAssets": 13806315000}, {"maxAge": 1, "endDate": "2018-03-31", "cash": 289045000, "netReceivables": 28015788000, "otherCurrentAssets": 244226000, "totalCurrentAssets": 28549059000, "longTermInvestments": 750180000, "propertyPlantEquipment": 121053000, "intangibleAssets": 22235000, "otherAssets": 268430000, "deferredLongTermAssetCharges": 190563000, "totalAssets": 29710957000, "accountsPayable": 75422000, "shortLongTermDebt": 316300000, "otherCurrentLiab": 47059000, "longTermDebt": 13858281000, "otherLiab": 205464000, "deferredLongTermLiab": 15136000, "totalCurrentLiabilities": 3130706000, "totalLiab": 17194451000, "commonStock": 350270000, "retainedEarnings": 7681329000, "treasuryStock": 13901000, "capitalSurplus": 4471006000, "otherStockholderEquity": 13901000, "totalStockholderEquity": 12516506000, "netTangibleAssets": 12494271000}, {"maxAge": 1, "endDate": "2017-03-31", "cash": 114101000, "netReceivables": 18233216000, "inventory": 6091000, "otherCurrentAssets": 298842000, "totalCurrentAssets": 18652250000, "longTermInvestments": 680806000, "propertyPlantEquipment": 105202000, "intangibleAssets": 23652000, "otherAssets": 399308000, "deferredLongTermAssetCharges": 25907000, "totalAssets": 19861218000, "accountsPayable": 88379000, "shortLongTermDebt": 1483333000, "otherCurrentLiab": 67112000, "longTermDebt": 5008333000, "otherLiab": 181352000, "totalCurrentLiabilities": 3065003000, "totalLiab": 8254688000, "commonStock": 350270000, "retainedEarnings": 6756847000, "treasuryStock": 28407000, "capitalSurplus": 4471006000, "otherStockholderEquity": 28407000, "totalStockholderEquity": 11606530000, "netTangibleAssets": 11582878000}], "maxAge": 86400}, "earningsTrend": {"trend": [{"maxAge": 1, "period": "0q", "endDate": "2018-09-30", "growth": {}, "earningsEstimate": {"avg": 0.0, "low": 0.0, "high": 0.0, "yearAgoEps": {}, "numberOfAnalysts": 0, "growth": {}}, "revenueEstimate": {"avg": 1349430000, "low": 0, "high": 0, "numberOfAnalysts": 0, "yearAgoRevenue": 864591000, "growth": 0.561}, "epsTrend": {"current": 0.0, "7daysAgo": 0.0, "30daysAgo": 0.0, "60daysAgo": 0.0, "90daysAgo": 0.0}, "epsRevisions": {"upLast7days": 0, "upLast30days": 0, "downLast30days": 0, "downLast90days": {}}}, {"maxAge": 1, "period": "+1q", "endDate": "2018-12-31", "growth": {}, "earningsEstimate": {"avg": 0.0, "low": 0.0, "high": 0.0, "yearAgoEps": {}, "numberOfAnalysts": 0, "growth": {}}, "revenueEstimate": {"avg": 0, "low": 0, "high": 0, "numberOfAnalysts": 0, "yearAgoRevenue": {}, "growth": {}}, "epsTrend": {"current": 0.0, "7daysAgo": 0.0, "30daysAgo": 0.0, "60daysAgo": 0.0, "90daysAgo": 0.0}, "epsRevisions": {"upLast7days": 0, "upLast30days": 0, "downLast30days": 0, "downLast90days": {}}}, {"maxAge": 1, "period": "0y", "endDate": "2019-03-31", "growth": {}, "earningsEstimate": {"avg": 0.0, "low": 0.0, "high": 0.0, "yearAgoEps": {}, "numberOfAnalysts": 0, "growth": {}}, "revenueEstimate": {"avg": 4476570000, "low": 4476570000, "high": 4476570000, "numberOfAnalysts": 1, "yearAgoRevenue": 3538790000, "growth": 0.265}, "epsTrend": {"current": 0.0, "7daysAgo": 7.73, "30daysAgo": 7.73, "60daysAgo": 7.73, "90daysAgo": 7.73}, "epsRevisions": {"upLast7days": 0, "upLast30days": 0, "downLast30days": 0, "downLast90days": {}}}, {"maxAge": 1, "period": "+1y", "endDate": "2020-03-31", "growth": {}, "earningsEstimate": {"avg": 0.0, "low": 0.0, "high": 0.0, "yearAgoEps": {}, "numberOfAnalysts": 0, "growth": {}}, "revenueEstimate": {"avg": 5483800000, "low": 5483800000, "high": 5483800000, "numberOfAnalysts": 1, "yearAgoRevenue": 4476570000, "growth": 0.225}, "epsTrend": {"current": 0.0, "7daysAgo": 9.63, "30daysAgo": 9.63, "60daysAgo": 9.63, "90daysAgo": 9.63}, "epsRevisions": {"upLast7days": 0, "upLast30days": 0, "downLast30days": 0, "downLast90days": {}}}, {"maxAge": 1, "period": "+5y", "endDate": null, "growth": {}, "earningsEstimate": {"avg": {}, "low": {}, "high": {}, "yearAgoEps": {}, "numberOfAnalysts": {}, "growth": {}}, "revenueEstimate": {"avg": {}, "low": {}, "high": {}, "numberOfAnalysts": {}, "yearAgoRevenue": {}, "growth": {}}, "epsTrend": {"current": {}, "7daysAgo": {}, "30daysAgo": {}, "60daysAgo": {}, "90daysAgo": {}}, "epsRevisions": {"upLast7days": {}, "upLast30days": {}, "downLast30days": {}, "downLast90days": {}}}, {"maxAge": 1, "period": "-5y", "endDate": null, "growth": {}, "earningsEstimate": {"avg": {}, "low": {}, "high": {}, "yearAgoEps": {}, "numberOfAnalysts": {}, "growth": {}}, "revenueEstimate": {"avg": {}, "low": {}, "high": {}, "numberOfAnalysts": {}, "yearAgoRevenue": {}, "growth": {}}, "epsTrend": {"current": {}, "7daysAgo": {}, "30daysAgo": {}, "60daysAgo": {}, "90daysAgo": {}}, "epsRevisions": {"upLast7days": {}, "upLast30days": {}, "downLast30days": {}, "downLast90days": {}}}], "maxAge": 1}, "financialData": {"maxAge": 86400, "currentPrice": 449.5, "targetHighPrice": 194.0, "targetLowPrice": 194.0, "targetMeanPrice": 194.0, "targetMedianPrice": 194.0, "recommendationKey": "none", "numberOfAnalystOpinions": 1, "grossProfits": 4285308000, "financialCurrency": "INR"}}}