{"CGPOWER.BO": {"recommendationTrend": {"trend": [{"period": "0m", "strongBuy": 0, "buy": 0, "hold": 0, "sell": 0, "strongSell": 0}, {"period": "-1m", "strongBuy": 0, "buy": 0, "hold": 0, "sell": 0, "strongSell": 0}, {"period": "-2m", "strongBuy": 0, "buy": 0, "hold": 0, "sell": 0, "strongSell": 0}, {"period": "-3m", "strongBuy": 0, "buy": 0, "hold": 0, "sell": 0, "strongSell": 0}], "maxAge": 86400}, "cashflowStatementHistory": {"cashflowStatements": [{"maxAge": 1, "endDate": "2020-03-31", "netIncome": -21594500000, "depreciation": 1731200000, "changeToNetincome": 20372200000, "changeToAccountReceivables": 7117400000, "changeToLiabilities": -4090200000, "changeToInventory": 2922400000, "changeToOperatingActivities": -25800000, "totalCashFromOperatingActivities": 6816300000, "capitalExpenditures": -518400000, "otherCashflowsFromInvestingActivities": -494400000, "totalCashflowsFromInvestingActivities": -1070500000, "netBorrowings": -4097500000, "otherCashflowsFromFinancingActivities": -1178700000, "totalCashFromFinancingActivities": -5276200000, "changeInCash": -236400000}, {"maxAge": 1, "endDate": "2019-03-31", "netIncome": -5035000000, "depreciation": 2252500000, "changeToNetincome": 6477700000, "changeToAccountReceivables": 3560500000, "changeToLiabilities": 1012700000, "changeToInventory": 335800000, "changeToOperatingActivities": -495600000, "totalCashFromOperatingActivities": 8108600000, "capitalExpenditures": -1353700000, "otherCashflowsFromInvestingActivities": -3663400000, "totalCashflowsFromInvestingActivities": -7449400000, "netBorrowings": 1676200000, "otherCashflowsFromFinancingActivities": -3804800000, "totalCashFromFinancingActivities": -2128600000, "changeInCash": -1469400000}, {"maxAge": 1, "endDate": "2018-03-31", "netIncome": -7187000000, "depreciation": 1788000000, "changeToNetincome": 6784600000, "changeToAccountReceivables": -451700000, "changeToLiabilities": 3497600000, "changeToInventory": -1676500000, "changeToOperatingActivities": 518300000, "totalCashFromOperatingActivities": 3796400000, "capitalExpenditures": -1813800000, "investments": 2282300000, "otherCashflowsFromInvestingActivities": -12004600000, "totalCashflowsFromInvestingActivities": -10308900000, "netBorrowings": 8263200000, "otherCashflowsFromFinancingActivities": -3126000000, "totalCashFromFinancingActivities": 5137200000, "changeInCash": -1375300000}, {"maxAge": 1, "endDate": "2017-03-31", "netIncome": -4908600000, "depreciation": 1016400000, "changeToNetincome": 3105300000, "changeToAccountReceivables": -2879500000, "changeToLiabilities": 1300900000, "changeToInventory": -3473400000, "changeToOperatingActivities": 26500000, "totalCashFromOperatingActivities": -5399400000, "capitalExpenditures": -637900000, "investments": -16800000, "otherCashflowsFromInvestingActivities": -2383000000, "totalCashflowsFromInvestingActivities": 4967700000, "dividendsPaid": -3600000, "netBorrowings": 4959500000, "otherCashflowsFromFinancingActivities": -4453700000, "totalCashFromFinancingActivities": 502200000, "changeInCash": 70500000}], "maxAge": 86400}, "institutionOwnership": {"maxAge": 1, "ownershipList": []}, "balanceSheetHistoryQuarterly": {"balanceSheetStatements": [{"maxAge": 1, "endDate": "2020-06-30", "totalStockholderEquity": -1036800000, "netTangibleAssets": -3803300000}, {"maxAge": 1, "endDate": "2020-03-31", "cash": 2108900000, "shortTermInvestments": 420100000, "netReceivables": 11238000000, "inventory": 3843400000, "otherCurrentAssets": 4090700000, "totalCurrentAssets": 21701200000, "longTermInvestments": 352700000, "propertyPlantEquipment": 12399500000, "goodWill": 1501600000, "intangibleAssets": 504900000, "otherAssets": 30598400000, "deferredLongTermAssetCharges": 145300000, "totalAssets": 67058300000, "accountsPayable": 13056200000, "shortLongTermDebt": 10840000000, "otherCurrentLiab": 22122900000, "longTermDebt": 9258800000, "otherLiab": 972800000, "deferredLongTermLiab": 760000000, "minorityInterest": 155400000, "totalCurrentLiabilities": 57704700000, "totalLiab": 68095100000, "commonStock": 1253500000, "retainedEarnings": -7607400000, "treasuryStock": 4978700000, "capitalSurplus": 183000000, "otherStockholderEquity": 4978700000, "totalStockholderEquity": -1192200000, "netTangibleAssets": -3198700000}, {"maxAge": 1, "endDate": "2019-12-31"}, {"maxAge": 1, "endDate": "2019-09-30", "cash": 2532900000, "shortTermInvestments": 100000, "netReceivables": 13822300000, "inventory": 12297200000, "otherCurrentAssets": 9582700000, "totalCurrentAssets": 38235200000, "longTermInvestments": 39030400000, "propertyPlantEquipment": 17764900000, "goodWill": 1400700000, "intangibleAssets": 1914000000, "otherAssets": 550000000, "deferredLongTermAssetCharges": 242200000, "totalAssets": 98895200000, "accountsPayable": 23242800000, "otherCurrentLiab": 24755000000, "longTermDebt": 11438800000, "otherLiab": 5821300000, "totalCurrentLiabilities": 60869900000, "totalLiab": 78130000000, "commonStock": 1253500000, "treasuryStock": 19511700000, "otherStockholderEquity": 19511700000, "totalStockholderEquity": 20765200000, "netTangibleAssets": 17450500000}], "maxAge": 86400}, "earningsHistory": {"history": [{"maxAge": 1, "epsActual": {}, "epsEstimate": {}, "epsDifference": {}, "surprisePercent": {}, "quarter": {}, "period": "-4q"}, {"maxAge": 1, "epsActual": {}, "epsEstimate": {}, "epsDifference": {}, "surprisePercent": {}, "quarter": {}, "period": "-3q"}, {"maxAge": 1, "epsActual": -1.58, "epsEstimate": 0.52, "epsDifference": -2.1, "surprisePercent": -4.038, "quarter": "2017-09-30", "period": "-2q"}, {"maxAge": 1, "epsActual": 0.07, "epsEstimate": 0.66, "epsDifference": -0.59, "surprisePercent": -0.894, "quarter": "2018-06-30", "period": "-1q"}], "maxAge": 86400}, "indexTrend": {"maxAge": 1, "symbol": "SP5", "peRatio": 19.7411, "pegRatio": 1.34172, "estimates": [{"period": "0q", "growth": 0.549}, {"period": "+1q", "growth": 0.431}, {"period": "0y", "growth": 0.305}, {"period": "+1y", "growth": 0.109}, {"period": "+5y", "growth": 0.120865}, {"period": "-5y"}]}, "industryTrend": {"maxAge": 1, "symbol": null, "estimates": []}, "insiderTransactions": {"transactions": [{"maxAge": 1, "shares": 63400000, "filerUrl": "", "transactionText": "", "filerName": "Yes Bank Ltd", "filerRelation": "Promoter", "moneyText": "", "startDate": "2020-08-19", "ownership": "D"}, {"maxAge": 1, "shares": 62600000, "filerUrl": "", "transactionText": "", "filerName": "Land Mutual Fund Trustee Ltd- L & T Infrastructure Fund", "filerRelation": "Promoter", "moneyText": "", "startDate": "2020-08-17", "ownership": "D"}, {"maxAge": 1, "shares": 41293778, "filerUrl": "", "transactionText": "", "filerName": "Blue Daimond Properties Pvt. Ltd.", "filerRelation": "Institution- Corporation", "moneyText": "", "startDate": "2020-08-17", "ownership": "D"}, {"maxAge": 1, "shares": 16650000, "filerUrl": "", "transactionText": "", "filerName": "Yes Bank Ltd", "filerRelation": "Promoter", "moneyText": "", "startDate": "2020-07-07", "ownership": "D"}], "maxAge": 1}, "quoteType": {"exchange": "BSE", "quoteType": "EQUITY", "symbol": "CGPOWER.BO", "underlyingSymbol": "CGPOWER.BO", "shortName": "CG Power and Industrial Soluti", "longName": "CG Power and Industrial Solutions Limited", "firstTradeDateEpochUtc": "2002-07-01 09:15:00", "timeZoneFullName": "Asia/Kolkata", "timeZoneShortName": "IST", "uuid": "5e1ed372-1c68-3f9d-8df7-45c458d05993", "messageBoardId": null, "gmtOffSetMilliseconds": 19800000, "maxAge": 1}, "incomeStatementHistory": {"incomeStatementHistory": [{"maxAge": 1, "endDate": "2020-03-31", "totalRevenue": 51098800000, "costOfRevenue": 33744200000, "grossProfit": 17354600000, "researchDevelopment": {}, "sellingGeneralAdministrative": 8933400000, "nonRecurring": {}, "otherOperatingExpenses": 7726800000, "totalOperatingExpenses": 52517300000, "operatingIncome": -1418500000, "totalOtherIncomeExpenseNet": -21365200000, "ebit": -1418500000, "interestExpense": -3240500000, "incomeBeforeTax": -22783700000, "incomeTaxExpense": -1184700000, "minorityInterest": 155400000, "netIncomeFromContinuingOps": -21599000000, "discontinuedOperations": -70400000, "extraordinaryItems": {}, "effectOfAccountingCharges": {}, "otherItems": {}, "netIncome": -21594500000, "netIncomeApplicableToCommonShares": -21594500000}, {"maxAge": 1, "endDate": "2019-03-31", "totalRevenue": 79979100000, "costOfRevenue": 52690800000, "grossProfit": 27288300000, "researchDevelopment": {}, "sellingGeneralAdministrative": 11692700000, "nonRecurring": {}, "otherOperatingExpenses": 11973800000, "totalOperatingExpenses": 78601800000, "operatingIncome": 1377300000, "totalOtherIncomeExpenseNet": -5966800000, "ebit": 1377300000, "interestExpense": -3829900000, "incomeBeforeTax": -4589500000, "incomeTaxExpense": 325800000, "minorityInterest": 548200000, "netIncomeFromContinuingOps": -4915300000, "discontinuedOperations": -156000000, "extraordinaryItems": {}, "effectOfAccountingCharges": {}, "otherItems": {}, "netIncome": -5035000000, "netIncomeApplicableToCommonShares": -5035000000}, {"maxAge": 1, "endDate": "2018-03-31", "totalRevenue": 80310800000, "costOfRevenue": 53159300000, "grossProfit": 27151500000, "researchDevelopment": {}, "sellingGeneralAdministrative": 12290400000, "nonRecurring": {}, "otherOperatingExpenses": 14483600000, "totalOperatingExpenses": 82208800000, "operatingIncome": -1898000000, "totalOtherIncomeExpenseNet": -3739200000, "ebit": -1898000000, "interestExpense": -3496100000, "incomeBeforeTax": -5637200000, "incomeTaxExpense": 1017200000, "minorityInterest": 387200000, "netIncomeFromContinuingOps": -6654400000, "discontinuedOperations": -491400000, "extraordinaryItems": {}, "effectOfAccountingCharges": {}, "otherItems": {}, "netIncome": -7187000000, "netIncomeApplicableToCommonShares": -7187000000}, {"maxAge": 1, "endDate": "2017-03-31", "totalRevenue": 55165100000, "costOfRevenue": 39177900000, "grossProfit": 15987200000, "researchDevelopment": {}, "sellingGeneralAdministrative": 5567600000, "nonRecurring": {}, "otherOperatingExpenses": 5995600000, "totalOperatingExpenses": 52170500000, "operatingIncome": 2994600000, "totalOtherIncomeExpenseNet": -1928500000, "ebit": 2994600000, "interestExpense": -1861100000, "incomeBeforeTax": 1066100000, "incomeTaxExpense": 281100000, "minorityInterest": 84300000, "netIncomeFromContinuingOps": 785000000, "discontinuedOperations": -5691300000, "extraordinaryItems": {}, "effectOfAccountingCharges": {}, "otherItems": {}, "netIncome": -4908600000, "netIncomeApplicableToCommonShares": -4908600000}], "maxAge": 86400}, "fundOwnership": {"maxAge": 1, "ownershipList": []}, "summaryDetail": {"maxAge": 1, "priceHint": 2, "previousClose": 70.25, "open": 71.3, "dayLow": 68.5, "dayHigh": 71.3, "regularMarketPreviousClose": 70.25, "regularMarketOpen": 71.3, "regularMarketDayLow": 68.5, "regularMarketDayHigh": 71.3, "forwardPE": 15.2407, "volume": 271967, "regularMarketVolume": 271967, "averageVolume": 703817, "averageVolume10days": 669549, "averageDailyVolume10Day": 669549, "bid": 69.0, "ask": 69.65, "bidSize": 0, "askSize": 0, "marketCap": 43652857856, "fiftyTwoWeekLow": 4.69, "fiftyTwoWeekHigh": 71.3, "fiftyDayAverage": 43.704285, "twoHundredDayAverage": 33.077007, "currency": "INR", "fromCurrency": null, "toCurrency": null, "lastMarket": null, "algorithm": null, "tradeable": false}, "sectorTrend": {"maxAge": 1, "symbol": null, "estimates": []}, "incomeStatementHistoryQuarterly": {"incomeStatementHistory": [{"maxAge": 1, "endDate": "2020-06-30", "totalRevenue": 3627300000, "costOfRevenue": 2407500000, "grossProfit": 1219800000, "researchDevelopment": {}, "sellingGeneralAdministrative": 1062200000, "nonRecurring": {}, "otherOperatingExpenses": 1289900000, "totalOperatingExpenses": 5155800000, "operatingIncome": -1528500000, "totalOtherIncomeExpenseNet": -845200000, "ebit": -1528500000, "interestExpense": -816600000, "incomeBeforeTax": -2373700000, "incomeTaxExpense": 254900000, "minorityInterest": {}, "netIncomeFromContinuingOps": -2628600000, "discontinuedOperations": -200000, "extraordinaryItems": {}, "effectOfAccountingCharges": {}, "otherItems": {}, "netIncome": -2628800000, "netIncomeApplicableToCommonShares": -2628800000}, {"maxAge": 1, "endDate": "2020-03-31", "totalRevenue": 6162500000, "costOfRevenue": 4778900000, "grossProfit": 1383600000, "researchDevelopment": {}, "sellingGeneralAdministrative": 1470200000, "nonRecurring": {}, "otherOperatingExpenses": 748100000, "totalOperatingExpenses": 7401300000, "operatingIncome": -1238800000, "totalOtherIncomeExpenseNet": -2547900000, "ebit": -1238800000, "interestExpense": -830000000, "incomeBeforeTax": -3786700000, "incomeTaxExpense": -888600000, "minorityInterest": 155400000, "netIncomeFromContinuingOps": -2898100000, "discontinuedOperations": 17500000, "extraordinaryItems": {}, "effectOfAccountingCharges": {}, "otherItems": {}, "netIncome": -2805700000, "netIncomeApplicableToCommonShares": -2805700000}, {"maxAge": 1, "endDate": "2019-12-31", "totalRevenue": 11783200000, "costOfRevenue": 7799100000, "grossProfit": 3984100000, "researchDevelopment": {}, "sellingGeneralAdministrative": 2377400000, "nonRecurring": {}, "otherOperatingExpenses": 1789500000, "totalOperatingExpenses": 12585900000, "operatingIncome": -802700000, "totalOtherIncomeExpenseNet": -1396900000, "ebit": -802700000, "interestExpense": -799600000, "incomeBeforeTax": -2199600000, "incomeTaxExpense": -99700000, "minorityInterest": 155400000, "netIncomeFromContinuingOps": -2099900000, "discontinuedOperations": -800000, "extraordinaryItems": {}, "effectOfAccountingCharges": {}, "otherItems": {}, "netIncome": -2100700000, "netIncomeApplicableToCommonShares": -2100700000}, {"maxAge": 1, "endDate": "2019-09-30", "totalRevenue": 15415800000, "costOfRevenue": 9742600000, "grossProfit": 5673200000, "researchDevelopment": {}, "sellingGeneralAdministrative": 2428900000, "nonRecurring": {}, "otherOperatingExpenses": 2274400000, "totalOperatingExpenses": 14966600000, "operatingIncome": 449200000, "totalOtherIncomeExpenseNet": -16453200000, "ebit": 449200000, "interestExpense": -800800000, "incomeBeforeTax": -16004000000, "incomeTaxExpense": -123900000, "minorityInterest": 155400000, "netIncomeFromContinuingOps": -15880100000, "discontinuedOperations": -72000000, "extraordinaryItems": {}, "effectOfAccountingCharges": {}, "otherItems": {}, "netIncome": -15952100000, "netIncomeApplicableToCommonShares": -15952100000}], "maxAge": 86400}, "cashflowStatementHistoryQuarterly": {"cashflowStatements": [{"maxAge": 1, "endDate": "2020-06-30", "netIncome": -2628800000, "changeToLiabilities": 0}, {"maxAge": 1, "endDate": "2020-03-31", "netIncome": -2805700000, "changeToLiabilities": 0}, {"maxAge": 1, "endDate": "2019-12-31", "netIncome": -2100700000, "changeToLiabilities": 0}, {"maxAge": 1, "endDate": "2019-09-30", "netIncome": -15952100000, "changeToLiabilities": 0}], "maxAge": 86400}, "insiderHolders": {"holders": [{"maxAge": 1, "name": "Blue Daimond Properties Pvt. Ltd.", "relation": "Institution- Corporation", "url": "", "transactionDescription": "Acquisition", "latestTransDate": "2020-08-17", "positionDirect": 41293778, "positionDirectDate": "2020-08-17"}, {"maxAge": 1, "name": "Land Mutual Fund Trustee Ltd- L & T Infrastructure Fund", "relation": "Promoter", "url": "", "transactionDescription": "Sale", "latestTransDate": "2020-08-17", "positionDirect": 0, "positionDirectDate": "2020-08-17"}, {"maxAge": 1, "name": "Yes Bank Ltd", "relation": "Promoter", "url": "", "transactionDescription": "Sale", "latestTransDate": "2020-08-19", "positionDirect": 0, "positionDirectDate": "2020-08-19"}], "maxAge": 1}, "earnings": {"maxAge": 86400, "earningsChart": {"quarterly": [{"date": "3Q2017", "actual": -1.58, "estimate": 0.52}, {"date": "2Q2018", "actual": 0.07, "estimate": 0.66}], "currentQuarterEstimateDate": "3Q", "currentQuarterEstimateYear": 2018, "earningsDate": ["2020-11-09 05:30:S", "2020-11-13 05:30:S"]}, "financialsChart": {"yearly": [{"date": 2017, "revenue": 55165100000, "earnings": -4908600000}, {"date": 2018, "revenue": 80310800000, "earnings": -7187000000}, {"date": 2019, "revenue": 79979100000, "earnings": -5035000000}, {"date": 2020, "revenue": 51098800000, "earnings": -21594500000}], "quarterly": [{"date": "3Q2019", "revenue": 15415800000, "earnings": -15952100000}, {"date": "4Q2019", "revenue": 11783200000, "earnings": -2100700000}, {"date": "1Q2020", "revenue": 6162500000, "earnings": -2805700000}, {"date": "2Q2020", "revenue": 3627300000, "earnings": -2628800000}]}, "financialCurrency": "INR"}, "calendarEvents": {"maxAge": 1, "earnings": {"earningsDate": ["2020-11-09 05:30:S", "2020-11-13 05:30:S"], "revenueAverage": 13881200000, "revenueLow": 16355000000, "revenueHigh": 17352000000}}, "price": {"maxAge": 1, "regularMarketChangePercent": -0.008540903, "regularMarketChange": -0.5999985, "regularMarketTime": "2021-04-30 15:40:14", "priceHint": 2, "regularMarketPrice": 69.65, "regularMarketDayHigh": 71.3, "regularMarketDayLow": 68.5, "regularMarketVolume": 271967, "averageDailyVolume10Day": 669549, "averageDailyVolume3Month": 703817, "regularMarketPreviousClose": 70.25, "regularMarketSource": "FREE_REALTIME", "regularMarketOpen": 71.3, "exchange": "BSE", "exchangeName": "BSE", "exchangeDataDelayedBy": 0, "marketState": "CLOSED", "quoteType": "EQUITY", "symbol": "CGPOWER.BO", "underlyingSymbol": null, "shortName": "CG Power and Industrial Soluti", "longName": "CG Power and Industrial Solutions Limited", "currency": "INR", "quoteSourceName": "Delayed Quote", "currencySymbol": "\u20b9", "fromCurrency": null, "toCurrency": null, "lastMarket": null, "marketCap": 43652857856}, "balanceSheetHistory": {"balanceSheetStatements": [{"maxAge": 1, "endDate": "2020-03-31", "cash": 2108900000, "shortTermInvestments": 420100000, "netReceivables": 11238000000, "inventory": 3843400000, "otherCurrentAssets": 4090700000, "totalCurrentAssets": 21701200000, "longTermInvestments": 352700000, "propertyPlantEquipment": 12399500000, "goodWill": 1501600000, "intangibleAssets": 504900000, "otherAssets": 30598400000, "deferredLongTermAssetCharges": 145300000, "totalAssets": 67058300000, "accountsPayable": 13056200000, "shortLongTermDebt": 10840000000, "otherCurrentLiab": 22122900000, "longTermDebt": 9258800000, "otherLiab": 972800000, "deferredLongTermLiab": 760000000, "minorityInterest": 155400000, "totalCurrentLiabilities": 57704700000, "totalLiab": 68095100000, "commonStock": 1253500000, "retainedEarnings": -7607400000, "treasuryStock": 4978700000, "capitalSurplus": 183000000, "otherStockholderEquity": 4978700000, "totalStockholderEquity": -1192200000, "netTangibleAssets": -3198700000}, {"maxAge": 1, "endDate": "2019-03-31", "cash": 2339800000, "shortTermInvestments": 162800000, "netReceivables": 23692100000, "inventory": 11928000000, "otherCurrentAssets": 4272800000, "totalCurrentAssets": 42395600000, "longTermInvestments": 1444900000, "propertyPlantEquipment": 18143500000, "goodWill": 1408700000, "intangibleAssets": 1113000000, "otherAssets": 38853000000, "deferredLongTermAssetCharges": 253100000, "totalAssets": 103358700000, "accountsPayable": 23140500000, "shortLongTermDebt": 5670600000, "otherCurrentLiab": 17017200000, "longTermDebt": 17345400000, "otherLiab": 3286700000, "deferredLongTermLiab": 744000000, "minorityInterest": 548200000, "totalCurrentLiabilities": 60816100000, "totalLiab": 81505000000, "commonStock": 1253500000, "retainedEarnings": 12184400000, "treasuryStock": 7684600000, "capitalSurplus": 183000000, "otherStockholderEquity": 7684600000, "totalStockholderEquity": 21305500000, "netTangibleAssets": 18783800000}, {"maxAge": 1, "endDate": "2018-03-31", "cash": 3815200000, "netReceivables": 30164400000, "inventory": 12263800000, "otherCurrentAssets": 2196800000, "totalCurrentAssets": 48546300000, "longTermInvestments": 2988500000, "propertyPlantEquipment": 20837100000, "goodWill": 1465500000, "intangibleAssets": 1445500000, "otherAssets": 33448700000, "deferredLongTermAssetCharges": 623800000, "totalAssets": 108731600000, "accountsPayable": 18703900000, "shortLongTermDebt": 3031000000, "otherCurrentLiab": 19048400000, "longTermDebt": 18770100000, "otherLiab": 4714700000, "deferredLongTermLiab": 744600000, "minorityInterest": 387200000, "totalCurrentLiabilities": 55956700000, "totalLiab": 79516700000, "commonStock": 1253500000, "retainedEarnings": 18367500000, "treasuryStock": 9023700000, "capitalSurplus": 183000000, "otherStockholderEquity": 9023700000, "totalStockholderEquity": 28827700000, "netTangibleAssets": 25916700000}, {"maxAge": 1, "endDate": "2017-03-31", "cash": 7244900000, "netReceivables": 25191600000, "inventory": 8821000000, "otherCurrentAssets": 40278700000, "totalCurrentAssets": 81816000000, "longTermInvestments": 2039200000, "propertyPlantEquipment": 14044700000, "goodWill": 1435400000, "intangibleAssets": 1387100000, "otherAssets": 1158600000, "deferredLongTermAssetCharges": 266200000, "totalAssets": 101881000000, "accountsPayable": 13831400000, "shortLongTermDebt": 2875300000, "otherCurrentLiab": 27846500000, "longTermDebt": 5038000000, "otherLiab": 3355900000, "deferredLongTermLiab": 793800000, "minorityInterest": 84300000, "totalCurrentLiabilities": 52376200000, "totalLiab": 60770100000, "commonStock": 1253500000, "retainedEarnings": 28212000000, "treasuryStock": 11378100000, "capitalSurplus": 183000000, "otherStockholderEquity": 11378100000, "totalStockholderEquity": 41026600000, "netTangibleAssets": 38204100000}], "maxAge": 86400}, "earningsTrend": {"trend": [{"maxAge": 1, "period": "0q", "endDate": "2018-09-30", "growth": {}, "earningsEstimate": {"avg": 0.0, "low": 0.0, "high": 0.0, "yearAgoEps": {}, "numberOfAnalysts": 0, "growth": {}}, "revenueEstimate": {"avg": 13881200000, "low": 16355000000, "high": 17352000000, "numberOfAnalysts": 5, "yearAgoRevenue": 12085000000, "growth": 0.14899999}, "epsTrend": {"current": 0.0, "7daysAgo": 0.73, "30daysAgo": 0.73, "60daysAgo": 0.73, "90daysAgo": 0.73}, "epsRevisions": {"upLast7days": 0, "upLast30days": 0, "downLast30days": 0, "downLast90days": {}}}, {"maxAge": 1, "period": "+1q", "endDate": "2018-12-31", "growth": {}, "earningsEstimate": {"avg": 0.0, "low": 0.0, "high": 0.0, "yearAgoEps": {}, "numberOfAnalysts": 0, "growth": {}}, "revenueEstimate": {"avg": 12501000000, "low": 12501000000, "high": 12501000000, "numberOfAnalysts": 1, "yearAgoRevenue": 11793800000, "growth": 0.06}, "epsTrend": {"current": 0.0, "7daysAgo": 1.04, "30daysAgo": 1.04, "60daysAgo": 1.04, "90daysAgo": 1.04}, "epsRevisions": {"upLast7days": 0, "upLast30days": 0, "downLast30days": 0, "downLast90days": {}}}, {"maxAge": 1, "period": "0y", "endDate": "2019-03-31", "growth": {}, "earningsEstimate": {"avg": 0.0, "low": 0.0, "high": 0.0, "yearAgoEps": {}, "numberOfAnalysts": 0, "growth": {}}, "revenueEstimate": {"avg": 60915000000, "low": 55671000000, "high": 70710000000, "numberOfAnalysts": 3, "yearAgoRevenue": 49810100000, "growth": 0.22299999}, "epsTrend": {"current": 0.0, "7daysAgo": 3.17, "30daysAgo": 3.17, "60daysAgo": 3.17, "90daysAgo": 3.17}, "epsRevisions": {"upLast7days": 0, "upLast30days": 0, "downLast30days": 0, "downLast90days": {}}}, {"maxAge": 1, "period": "+1y", "endDate": "2020-03-31", "growth": {}, "earningsEstimate": {"avg": 0.0, "low": 0.0, "high": 0.0, "yearAgoEps": {}, "numberOfAnalysts": 0, "growth": {}}, "revenueEstimate": {"avg": 71182700000, "low": 63964000000, "high": 79690000000, "numberOfAnalysts": 3, "yearAgoRevenue": 60915000000, "growth": 0.169}, "epsTrend": {"current": 0.0, "7daysAgo": 4.57, "30daysAgo": 4.57, "60daysAgo": 4.57, "90daysAgo": 4.57}, "epsRevisions": {"upLast7days": 0, "upLast30days": 0, "downLast30days": 0, "downLast90days": {}}}, {"maxAge": 1, "period": "+5y", "endDate": null, "growth": 0.31, "earningsEstimate": {"avg": {}, "low": {}, "high": {}, "yearAgoEps": {}, "numberOfAnalysts": {}, "growth": {}}, "revenueEstimate": {"avg": {}, "low": {}, "high": {}, "numberOfAnalysts": {}, "yearAgoRevenue": {}, "growth": {}}, "epsTrend": {"current": {}, "7daysAgo": {}, "30daysAgo": {}, "60daysAgo": {}, "90daysAgo": {}}, "epsRevisions": {"upLast7days": {}, "upLast30days": {}, "downLast30days": {}, "downLast90days": {}}}, {"maxAge": 1, "period": "-5y", "endDate": null, "growth": {}, "earningsEstimate": {"avg": {}, "low": {}, "high": {}, "yearAgoEps": {}, "numberOfAnalysts": {}, "growth": {}}, "revenueEstimate": {"avg": {}, "low": {}, "high": {}, "numberOfAnalysts": {}, "yearAgoRevenue": {}, "growth": {}}, "epsTrend": {"current": {}, "7daysAgo": {}, "30daysAgo": {}, "60daysAgo": {}, "90daysAgo": {}}, "epsRevisions": {"upLast7days": {}, "upLast30days": {}, "downLast30days": {}, "downLast90days": {}}}], "maxAge": 1}, "financialData": {"maxAge": 86400, "currentPrice": 69.65, "targetHighPrice": 105.0, "targetLowPrice": 38.0, "targetMeanPrice": 66.09, "targetMedianPrice": 64.0, "recommendationKey": "none", "numberOfAnalystOpinions": 11, "grossProfits": 17354600000, "financialCurrency": "INR"}}}