{"CGPOWER.NS": {"assetProfile": {"address1": "CG House", "address2": "6th Floor Dr. Annie Besant Road Worli", "city": "Mumbai", "zip": "400030", "country": "India", "phone": "91 22 2423 7777", "fax": "91 22 2423 7733", "website": "http://www.cgglobal.com", "industry": "Electrical Equipment & Parts", "sector": "Industrials", "longBusinessSummary": "CG Power and Industrial Solutions Limited provides various solutions to utilities, industries, and consumers for the management and application of electrical energy in India and internationally. The company operates through Power Systems and Industrial Systems segments. The Power Systems segment offers power and distribution transformers, switchgears, circuit breakers instrument transformers, lightning arrestors, isolators, and vacuum interrupters. It also undertakes design, products, procurement, construction, erection, and servicing of turnkey transmission and distribution projects, as well as substation projects. The Industrial Systems segment provides motors, AC and DC drives, AC generators, variable frequency drives and solutions, soft starters and shaft power monitors, rotary heat exchangers with switch reluctance motors, traction electronics and traction machines for railway transportation, railway signalling equipment, and stampings. It serves utilities and industries in the generation, transmission, distribution, renewable, oil and gas, cement, metals and mining, and railway and transportation sectors. The company was formerly known as Crompton Greaves Limited and changed its name to CG Power and Industrial Solutions Limited in February 2017. CG Power and Industrial Solutions Limited was founded in 1937 and is based in Mumbai, India.", "fullTimeEmployees": 3445, "companyOfficers": [{"maxAge": 1, "name": "Mr. Alen  Ferns", "title": "Company Sec. & Compliance Officer", "fiscalYear": 2020, "totalPay": 3520256, "exercisedValue": 0, "unexercisedValue": 0}, {"maxAge": 1, "name": "Mr. Natarajan  Srinivasan", "age": 63, "title": "MD & Director", "yearBorn": 1957, "exercisedValue": 0, "unexercisedValue": 0}, {"maxAge": 1, "name": "Mr. Susheel P. Todi", "title": "Group Financial Controller & VP", "exercisedValue": 0, "unexercisedValue": 0}, {"maxAge": 1, "name": "Dr. Srinivas  Ponnaluri", "age": 48, "title": "Chief Technology Officer & VP", "yearBorn": 1972, "fiscalYear": 2015, "exercisedValue": 0, "unexercisedValue": 0}, {"maxAge": 1, "name": "Ms. Paula  Sengupta", "title": "Global Head of Communications", "exercisedValue": 0, "unexercisedValue": 0}, {"maxAge": 1, "name": "Lloyd  Pinto", "title": "Pres of International Bus.es and Head of HR, EHS, Corp. Strategy & Corp. Communications", "exercisedValue": 0, "unexercisedValue": 0}, {"maxAge": 1, "name": "Mr. Kunal  Dhawan", "age": 44, "title": "Chief Marketing Officer", "yearBorn": 1976, "fiscalYear": 2015, "exercisedValue": 0, "unexercisedValue": 0}, {"maxAge": 1, "name": "Mr. Jean-Michel  Aubertin", "age": 62, "title": "EVP, Member of International Board & CEO of International Power Bus.", "yearBorn": 1958, "exercisedValue": 0, "unexercisedValue": 0}, {"maxAge": 1, "name": "Ramesh Kumar N", "title": "Pres of Industrial Division & Bus. Communications", "exercisedValue": 0, "unexercisedValue": 0}, {"maxAge": 1, "name": "Claes  Bjareholt", "title": "Chief Exec. Officer of Drives & Automation Sweden", "exercisedValue": 0, "unexercisedValue": 0}], "compensationAsOfEpochDate": "2020-12-31 05:30:00", "maxAge": 86400}, "recommendationTrend": {"trend": [{"period": "0m", "strongBuy": 0, "buy": 0, "hold": 0, "sell": 0, "strongSell": 0}, {"period": "-1m", "strongBuy": 2, "buy": 3, "hold": 7, "sell": 4, "strongSell": 1}, {"period": "-2m", "strongBuy": 1, "buy": 3, "hold": 7, "sell": 4, "strongSell": 1}, {"period": "-3m", "strongBuy": 1, "buy": 3, "hold": 8, "sell": 4, "strongSell": 1}], "maxAge": 86400}, "cashflowStatementHistory": {"cashflowStatements": [{"maxAge": 1, "endDate": "2020-03-31", "netIncome": -21594500000, "depreciation": 1731200000, "changeToNetincome": 20372200000, "changeToAccountReceivables": 7117400000, "changeToLiabilities": -4090200000, "changeToInventory": 2922400000, "changeToOperatingActivities": -25800000, "totalCashFromOperatingActivities": 6816300000, "capitalExpenditures": -518400000, "otherCashflowsFromInvestingActivities": -494400000, "totalCashflowsFromInvestingActivities": -1070500000, "netBorrowings": -4097500000, "otherCashflowsFromFinancingActivities": -1178700000, "totalCashFromFinancingActivities": -5276200000, "changeInCash": -236400000}, {"maxAge": 1, "endDate": "2019-03-31", "netIncome": -5035000000, "depreciation": 2252500000, "changeToNetincome": 6477700000, "changeToAccountReceivables": 3560500000, "changeToLiabilities": 1012700000, "changeToInventory": 335800000, "changeToOperatingActivities": -495600000, "totalCashFromOperatingActivities": 8108600000, "capitalExpenditures": -1353700000, "otherCashflowsFromInvestingActivities": -3663400000, "totalCashflowsFromInvestingActivities": -7449400000, "netBorrowings": 1676200000, "otherCashflowsFromFinancingActivities": -3804800000, "totalCashFromFinancingActivities": -2128600000, "changeInCash": -1469400000}, {"maxAge": 1, "endDate": "2018-03-31", "netIncome": -7187000000, "depreciation": 1788000000, "changeToNetincome": 6784600000, "changeToAccountReceivables": -451700000, "changeToLiabilities": 3497600000, "changeToInventory": -1676500000, "changeToOperatingActivities": 518300000, "totalCashFromOperatingActivities": 3796400000, "capitalExpenditures": -1813800000, "investments": 2282300000, "otherCashflowsFromInvestingActivities": -12004600000, "totalCashflowsFromInvestingActivities": -10308900000, "netBorrowings": 8263200000, "otherCashflowsFromFinancingActivities": -3126000000, "totalCashFromFinancingActivities": 5137200000, "changeInCash": -1375300000}, {"maxAge": 1, "endDate": "2017-03-31", "netIncome": -4908600000, "depreciation": 1016400000, "changeToNetincome": 3105300000, "changeToAccountReceivables": -2879500000, "changeToLiabilities": 1300900000, "changeToInventory": -3473400000, "changeToOperatingActivities": 26500000, "totalCashFromOperatingActivities": -5399400000, "capitalExpenditures": -637900000, "investments": -16800000, "otherCashflowsFromInvestingActivities": -2383000000, "totalCashflowsFromInvestingActivities": 4967700000, "dividendsPaid": -3600000, "netBorrowings": 4959500000, "otherCashflowsFromFinancingActivities": -4453700000, "totalCashFromFinancingActivities": 502200000, "changeInCash": 70500000}], "maxAge": 86400}, "indexTrend": {"maxAge": 1, "symbol": "SP5", "peRatio": 19.7411, "pegRatio": 1.34172, "estimates": [{"period": "0q", "growth": 0.549}, {"period": "+1q", "growth": 0.431}, {"period": "0y", "growth": 0.305}, {"period": "+1y", "growth": 0.109}, {"period": "+5y", "growth": 0.120865}, {"period": "-5y"}]}, "defaultKeyStatistics": {"maxAge": 1, "priceHint": 2, "enterpriseValue": 48063979520, "forwardPE": 23.754265, "profitMargins": -0.39339, "floatShares": 231438548, "sharesOutstanding": 1338000000, "heldPercentInsiders": 0.64283997, "heldPercentInstitutions": 0.11547, "beta": 1.956601, "category": null, "bookValue": -4.903, "fundFamily": null, "legalType": null, "lastFiscalYearEnd": "2020-03-31 05:30:00", "nextFiscalYearEnd": "2022-03-31 05:30:00", "mostRecentQuarter": "2020-12-31 05:30:00", "netIncomeToCommon": -9704099840, "trailingEps": -13.764, "forwardEps": 2.93, "lastSplitFactor": "7:4", "lastSplitDate": "2010-03-08 05:30:00", "enterpriseToRevenue": 1.952, "enterpriseToEbitda": -51.885, "52WeekChange": 8.157895, "SandP52WeekChange": 0.48148263, "lastDividendValue": 0.4, "lastDividendDate": 1423180800}, "industryTrend": {"maxAge": 1, "symbol": null, "estimates": []}, "quoteType": {"exchange": "NSI", "quoteType": "EQUITY", "symbol": "CGPOWER.NS", "underlyingSymbol": "CGPOWER.NS", "shortName": "CG POWER AND INDUS", "longName": "CG Power and Industrial Solutions Limited", "firstTradeDateEpochUtc": "2002-07-01 09:15:00", "timeZoneFullName": "Asia/Kolkata", "timeZoneShortName": "IST", "uuid": "07223532-1d73-3a30-baa3-86ea64b6bfbb", "messageBoardId": "finmb_874738", "gmtOffSetMilliseconds": 19800000, "maxAge": 1}, "incomeStatementHistory": {"incomeStatementHistory": [{"maxAge": 1, "endDate": "2020-03-31", "totalRevenue": 51098800000, "costOfRevenue": 33744200000, "grossProfit": 17354600000, "researchDevelopment": {}, "sellingGeneralAdministrative": 8933400000, "nonRecurring": {}, "otherOperatingExpenses": 7726800000, "totalOperatingExpenses": 52517300000, "operatingIncome": -1418500000, "totalOtherIncomeExpenseNet": -21365200000, "ebit": -1418500000, "interestExpense": -3240500000, "incomeBeforeTax": -22783700000, "incomeTaxExpense": -1184700000, "minorityInterest": 155400000, "netIncomeFromContinuingOps": -21599000000, "discontinuedOperations": -70400000, "extraordinaryItems": {}, "effectOfAccountingCharges": {}, "otherItems": {}, "netIncome": -21594500000, "netIncomeApplicableToCommonShares": -21594500000}, {"maxAge": 1, "endDate": "2019-03-31", "totalRevenue": 79979100000, "costOfRevenue": 52690800000, "grossProfit": 27288300000, "researchDevelopment": {}, "sellingGeneralAdministrative": 11692700000, "nonRecurring": {}, "otherOperatingExpenses": 11973800000, "totalOperatingExpenses": 78601800000, "operatingIncome": 1377300000, "totalOtherIncomeExpenseNet": -5966800000, "ebit": 1377300000, "interestExpense": -3829900000, "incomeBeforeTax": -4589500000, "incomeTaxExpense": 325800000, "minorityInterest": 548200000, "netIncomeFromContinuingOps": -4915300000, "discontinuedOperations": -156000000, "extraordinaryItems": {}, "effectOfAccountingCharges": {}, "otherItems": {}, "netIncome": -5035000000, "netIncomeApplicableToCommonShares": -5035000000}, {"maxAge": 1, "endDate": "2018-03-31", "totalRevenue": 80310800000, "costOfRevenue": 53159300000, "grossProfit": 27151500000, "researchDevelopment": {}, "sellingGeneralAdministrative": 12290400000, "nonRecurring": {}, "otherOperatingExpenses": 14483600000, "totalOperatingExpenses": 82208800000, "operatingIncome": -1898000000, "totalOtherIncomeExpenseNet": -3739200000, "ebit": -1898000000, "interestExpense": -3496100000, "incomeBeforeTax": -5637200000, "incomeTaxExpense": 1017200000, "minorityInterest": 387200000, "netIncomeFromContinuingOps": -6654400000, "discontinuedOperations": -491400000, "extraordinaryItems": {}, "effectOfAccountingCharges": {}, "otherItems": {}, "netIncome": -7187000000, "netIncomeApplicableToCommonShares": -7187000000}, {"maxAge": 1, "endDate": "2017-03-31", "totalRevenue": 55165100000, "costOfRevenue": 39177900000, "grossProfit": 15987200000, "researchDevelopment": {}, "sellingGeneralAdministrative": 5567600000, "nonRecurring": {}, "otherOperatingExpenses": 5995600000, "totalOperatingExpenses": 52170500000, "operatingIncome": 2994600000, "totalOtherIncomeExpenseNet": -1928500000, "ebit": 2994600000, "interestExpense": -1861100000, "incomeBeforeTax": 1066100000, "incomeTaxExpense": 281100000, "minorityInterest": 84300000, "netIncomeFromContinuingOps": 785000000, "discontinuedOperations": -5691300000, "extraordinaryItems": {}, "effectOfAccountingCharges": {}, "otherItems": {}, "netIncome": -4908600000, "netIncomeApplicableToCommonShares": -4908600000}], "maxAge": 86400}, "fundOwnership": {"maxAge": 1, "ownershipList": [{"maxAge": 1, "reportDate": "2021-01-31", "organization": "DFA Emerging Markets Core Equity Portfolio", "pctHeld": 0.0021, "position": 2863194, "value": 113811961}, {"maxAge": 1, "reportDate": "2021-01-31", "organization": "DFA Investment Dimensions-DFA Emerging Mkts Value", "pctHeld": 0.0018000001, "position": 2437294, "value": 96882436}, {"maxAge": 1, "reportDate": "2021-03-31", "organization": "SPDR Portfolio Emerging Markets ETF", "pctHeld": 0.00029999999, "position": 464120, "value": 31049628}, {"maxAge": 1, "reportDate": "2021-01-31", "organization": "DFA Emerging Markets Small Cap Series", "pctHeld": 0.0002, "position": 288948, "value": 11485683}, {"maxAge": 1, "reportDate": "2021-01-31", "organization": "DFA T.A. World Ex U.S. Core Equity Portfolio", "pctHeld": 0.0001, "position": 109873, "value": 4367451}]}, "summaryDetail": {"maxAge": 1, "priceHint": 2, "previousClose": 70.2, "open": 71.0, "dayLow": 68.85, "dayHigh": 71.0, "regularMarketPreviousClose": 70.2, "regularMarketOpen": 71.0, "regularMarketDayLow": 68.85, "regularMarketDayHigh": 71.0, "exDividendDate": "2015-02-06 05:30:00", "payoutRatio": 0.0, "beta": 1.956601, "forwardPE": 23.754265, "volume": 2017577, "regularMarketVolume": 2017577, "averageVolume": 4884258, "averageVolume10days": 1937563, "averageDailyVolume10Day": 1937563, "bid": 0.0, "ask": 0.0, "bidSize": 0, "askSize": 0, "marketCap": 93190922240, "fiftyTwoWeekLow": 5.4, "fiftyTwoWeekHigh": 80.65, "priceToSalesTrailing12Months": 3.784572, "fiftyDayAverage": 67.674286, "twoHundredDayAverage": 47.996876, "currency": "INR", "fromCurrency": null, "toCurrency": null, "lastMarket": null, "algorithm": null, "tradeable": false}, "insiderHolders": {"holders": [{"maxAge": 1, "name": "A M (Meyyammai)", "relation": "Promoter", "url": "", "transactionDescription": "Acquisition", "latestTransDate": "2021-02-22", "positionDirect": 90000, "positionDirectDate": "2021-02-22"}, {"maxAge": 1, "name": "A Venkatachalam HUF", "relation": "Promoter", "url": "", "transactionDescription": "Acquisition", "latestTransDate": "2021-02-11", "positionDirect": 31300, "positionDirectDate": "2021-02-11"}, {"maxAge": 1, "name": "Alagappan (M A)", "relation": "Promoter", "url": "", "transactionDescription": "Acquisition", "latestTransDate": "2021-02-10", "positionDirect": 165000, "positionDirectDate": "2021-02-10"}, {"maxAge": 1, "name": "Arunachalam (Mam)", "relation": "Non-Independent Non-Executive Director", "url": "", "transactionDescription": "Acquisition", "latestTransDate": "2021-02-12", "positionDirect": 165000, "positionDirectDate": "2021-02-12"}, {"maxAge": 1, "name": "Arunachalam (Vedika Meyammai)", "relation": "Promoter", "url": "", "transactionDescription": "Acquisition", "latestTransDate": "2021-02-12", "positionDirect": 31000, "positionDirectDate": "2021-02-12"}, {"maxAge": 1, "name": "Arunachalam Murugapan HUF", "relation": "Institution- Corporation", "url": "", "transactionDescription": "Acquisition", "latestTransDate": "2021-02-12", "positionDirect": 55000, "positionDirectDate": "2021-02-12"}, {"maxAge": 1, "name": "M A Muruguppan Holdings Pvt Ltd", "relation": "Promoter", "url": "", "transactionDescription": "Acquisition", "latestTransDate": "2021-02-23", "positionDirect": 350000, "positionDirectDate": "2021-02-23"}, {"maxAge": 1, "name": "Murugappan Arunachalam Children Trust", "relation": "Promoter", "url": "", "transactionDescription": "Acquisition", "latestTransDate": "2021-02-23", "positionDirect": 46900, "positionDirectDate": "2021-02-23"}, {"maxAge": 1, "name": "Swami (Archana Radheshyam)", "relation": "UNREPORTED", "url": "", "transactionDescription": "Acquisition", "latestTransDate": "2021-02-23", "positionDirect": 50000, "positionDirectDate": "2021-02-23"}, {"maxAge": 1, "name": "TI Financial Holdings Ltd", "relation": "Promoter", "url": "", "transactionDescription": "Other", "latestTransDate": "2020-12-19", "positionDirect": 711251887, "positionDirectDate": "2020-12-19"}], "maxAge": 1}, "calendarEvents": {"maxAge": 1, "earnings": {"earningsDate": [], "revenueAverage": 11793800000, "revenueLow": 12680000000, "revenueHigh": 12680000000}, "exDividendDate": "2015-02-06 05:30:00"}, "price": {"maxAge": 1, "regularMarketChangePercent": -0.008546988, "regularMarketChange": -0.5999985, "regularMarketTime": "2021-04-30 15:30:00", "priceHint": 2, "regularMarketPrice": 69.6, "regularMarketDayHigh": 71.0, "regularMarketDayLow": 68.85, "regularMarketVolume": 2017577, "averageDailyVolume10Day": 1937563, "averageDailyVolume3Month": 4884258, "regularMarketPreviousClose": 70.2, "regularMarketSource": "FREE_REALTIME", "regularMarketOpen": 71.0, "exchange": "NSI", "exchangeName": "NSE", "exchangeDataDelayedBy": 15, "marketState": "CLOSED", "quoteType": "EQUITY", "symbol": "CGPOWER.NS", "underlyingSymbol": null, "shortName": "CG POWER AND INDUS", "longName": "CG Power and Industrial Solutions Limited", "currency": "INR", "quoteSourceName": "Delayed Quote", "currencySymbol": "\u20b9", "fromCurrency": null, "toCurrency": null, "lastMarket": null, "marketCap": 93190922240}, "balanceSheetHistory": {"balanceSheetStatements": [{"maxAge": 1, "endDate": "2020-03-31", "cash": 2108900000, "shortTermInvestments": 420100000, "netReceivables": 11238000000, "inventory": 3843400000, "otherCurrentAssets": 4090700000, "totalCurrentAssets": 21701200000, "longTermInvestments": 352700000, "propertyPlantEquipment": 12399500000, "goodWill": 1501600000, "intangibleAssets": 504900000, "otherAssets": 30598400000, "deferredLongTermAssetCharges": 145300000, "totalAssets": 67058300000, "accountsPayable": 13056200000, "shortLongTermDebt": 10840000000, "otherCurrentLiab": 22122900000, "longTermDebt": 9258800000, "otherLiab": 972800000, "deferredLongTermLiab": 760000000, "minorityInterest": 155400000, "totalCurrentLiabilities": 57704700000, "totalLiab": 68095100000, "commonStock": 1253500000, "retainedEarnings": -7607400000, "treasuryStock": 4978700000, "capitalSurplus": 183000000, "otherStockholderEquity": 4978700000, "totalStockholderEquity": -1192200000, "netTangibleAssets": -3198700000}, {"maxAge": 1, "endDate": "2019-03-31", "cash": 2339800000, "shortTermInvestments": 162800000, "netReceivables": 23692100000, "inventory": 11928000000, "otherCurrentAssets": 4272800000, "totalCurrentAssets": 42395600000, "longTermInvestments": 1444900000, "propertyPlantEquipment": 18143500000, "goodWill": 1408700000, "intangibleAssets": 1113000000, "otherAssets": 38853000000, "deferredLongTermAssetCharges": 253100000, "totalAssets": 103358700000, "accountsPayable": 23140500000, "shortLongTermDebt": 5670600000, "otherCurrentLiab": 17017200000, "longTermDebt": 17345400000, "otherLiab": 3286700000, "deferredLongTermLiab": 744000000, "minorityInterest": 548200000, "totalCurrentLiabilities": 60816100000, "totalLiab": 81505000000, "commonStock": 1253500000, "retainedEarnings": 12184400000, "treasuryStock": 7684600000, "capitalSurplus": 183000000, "otherStockholderEquity": 7684600000, "totalStockholderEquity": 21305500000, "netTangibleAssets": 18783800000}, {"maxAge": 1, "endDate": "2018-03-31", "cash": 3815200000, "netReceivables": 30164400000, "inventory": 12263800000, "otherCurrentAssets": 2196800000, "totalCurrentAssets": 48546300000, "longTermInvestments": 2988500000, "propertyPlantEquipment": 20837100000, "goodWill": 1465500000, "intangibleAssets": 1445500000, "otherAssets": 33448700000, "deferredLongTermAssetCharges": 623800000, "totalAssets": 108731600000, "accountsPayable": 18703900000, "shortLongTermDebt": 3031000000, "otherCurrentLiab": 19048400000, "longTermDebt": 18770100000, "otherLiab": 4714700000, "deferredLongTermLiab": 744600000, "minorityInterest": 387200000, "totalCurrentLiabilities": 55956700000, "totalLiab": 79516700000, "commonStock": 1253500000, "retainedEarnings": 18367500000, "treasuryStock": 9023700000, "capitalSurplus": 183000000, "otherStockholderEquity": 9023700000, "totalStockholderEquity": 28827700000, "netTangibleAssets": 25916700000}, {"maxAge": 1, "endDate": "2017-03-31", "cash": 7244900000, "netReceivables": 25191600000, "inventory": 8821000000, "otherCurrentAssets": 40278700000, "totalCurrentAssets": 81816000000, "longTermInvestments": 2039200000, "propertyPlantEquipment": 14044700000, "goodWill": 1435400000, "intangibleAssets": 1387100000, "otherAssets": 1158600000, "deferredLongTermAssetCharges": 266200000, "totalAssets": 101881000000, "accountsPayable": 13831400000, "shortLongTermDebt": 2875300000, "otherCurrentLiab": 27846500000, "longTermDebt": 5038000000, "otherLiab": 3355900000, "deferredLongTermLiab": 793800000, "minorityInterest": 84300000, "totalCurrentLiabilities": 52376200000, "totalLiab": 60770100000, "commonStock": 1253500000, "retainedEarnings": 28212000000, "treasuryStock": 11378100000, "capitalSurplus": 183000000, "otherStockholderEquity": 11378100000, "totalStockholderEquity": 41026600000, "netTangibleAssets": 38204100000}], "maxAge": 86400}, "earningsTrend": {"trend": [{"maxAge": 1, "period": "0q", "endDate": "2017-12-31", "growth": {}, "earningsEstimate": {"avg": 0.0, "low": 0.0, "high": 0.0, "yearAgoEps": 0.61, "numberOfAnalysts": 0, "growth": {}}, "revenueEstimate": {"avg": 11793800000, "low": 12680000000, "high": 12680000000, "numberOfAnalysts": 1, "yearAgoRevenue": 11601200000, "growth": 0.017}, "epsTrend": {"current": 0.0, "7daysAgo": 0.63, "30daysAgo": 0.63, "60daysAgo": 0.63, "90daysAgo": 0.63}, "epsRevisions": {"upLast7days": 0, "upLast30days": 0, "downLast30days": 0, "downLast90days": {}}}, {"maxAge": 1, "period": "+1q", "endDate": "2018-03-31", "growth": {}, "earningsEstimate": {"avg": 0.0, "low": 0.0, "high": 0.0, "yearAgoEps": 1.44, "numberOfAnalysts": 0, "growth": {}}, "revenueEstimate": {"avg": 14308500000, "low": 14095000000, "high": 14095000000, "numberOfAnalysts": 1, "yearAgoRevenue": 12844900000, "growth": 0.11399999}, "epsTrend": {"current": 0.0, "7daysAgo": 1.32, "30daysAgo": 1.32, "60daysAgo": 1.32, "90daysAgo": 1.32}, "epsRevisions": {"upLast7days": 0, "upLast30days": 0, "downLast30days": 0, "downLast90days": {}}}, {"maxAge": 1, "period": "0y", "endDate": "2018-03-31", "growth": {}, "earningsEstimate": {"avg": 0.0, "low": 0.0, "high": 0.0, "yearAgoEps": {}, "numberOfAnalysts": 0, "growth": {}}, "revenueEstimate": {"avg": 49810100000, "low": 49012000000, "high": 53294000000, "numberOfAnalysts": 4, "yearAgoRevenue": 47614300000, "growth": 0.046}, "epsTrend": {"current": 0.0, "7daysAgo": 1.97, "30daysAgo": 1.97, "60daysAgo": 1.97, "90daysAgo": 1.97}, "epsRevisions": {"upLast7days": 0, "upLast30days": 0, "downLast30days": 0, "downLast90days": {}}}, {"maxAge": 1, "period": "+1y", "endDate": "2019-03-31", "growth": {}, "earningsEstimate": {"avg": 2.93, "low": 1.9, "high": 3.8, "yearAgoEps": {}, "numberOfAnalysts": 3, "growth": {}}, "revenueEstimate": {"avg": 56354500000, "low": 54817000000, "high": 57983000000, "numberOfAnalysts": 4, "yearAgoRevenue": 49810100000, "growth": 0.131}, "epsTrend": {"current": 2.93, "7daysAgo": 3.13, "30daysAgo": 3.29, "60daysAgo": 3.17, "90daysAgo": 3.17}, "epsRevisions": {"upLast7days": 0, "upLast30days": 0, "downLast30days": 0, "downLast90days": {}}}, {"maxAge": 1, "period": "+5y", "endDate": null, "growth": 0.31, "earningsEstimate": {"avg": {}, "low": {}, "high": {}, "yearAgoEps": {}, "numberOfAnalysts": {}, "growth": {}}, "revenueEstimate": {"avg": {}, "low": {}, "high": {}, "numberOfAnalysts": {}, "yearAgoRevenue": {}, "growth": {}}, "epsTrend": {"current": {}, "7daysAgo": {}, "30daysAgo": {}, "60daysAgo": {}, "90daysAgo": {}}, "epsRevisions": {"upLast7days": {}, "upLast30days": {}, "downLast30days": {}, "downLast90days": {}}}, {"maxAge": 1, "period": "-5y", "endDate": null, "growth": 0.020739999, "earningsEstimate": {"avg": {}, "low": {}, "high": {}, "yearAgoEps": {}, "numberOfAnalysts": {}, "growth": {}}, "revenueEstimate": {"avg": {}, "low": {}, "high": {}, "numberOfAnalysts": {}, "yearAgoRevenue": {}, "growth": {}}, "epsTrend": {"current": {}, "7daysAgo": {}, "30daysAgo": {}, "60daysAgo": {}, "90daysAgo": {}}, "epsRevisions": {"upLast7days": {}, "upLast30days": {}, "downLast30days": {}, "downLast90days": {}}}], "maxAge": 1}, "institutionOwnership": {"maxAge": 1, "ownershipList": []}, "majorHoldersBreakdown": {"maxAge": 1, "insidersPercentHeld": 0.64283997, "institutionsPercentHeld": 0.11547, "institutionsFloatPercentHeld": 0.32331002, "institutionsCount": 20}, "balanceSheetHistoryQuarterly": {"balanceSheetStatements": [{"maxAge": 1, "endDate": "2020-12-31", "totalStockholderEquity": -3073100000, "netTangibleAssets": -5686300000}, {"maxAge": 1, "endDate": "2020-09-30", "cash": 2967100000, "shortTermInvestments": 1821000000, "netReceivables": 5246200000, "inventory": 3225500000, "otherCurrentAssets": 7121400000, "totalCurrentAssets": 20381200000, "longTermInvestments": 29693200000, "propertyPlantEquipment": 9671400000, "goodWill": 1565000000, "intangibleAssets": 1048200000, "otherAssets": 247300000, "deferredLongTermAssetCharges": 49900000, "totalAssets": 62606300000, "accountsPayable": 12438100000, "otherCurrentLiab": 43587100000, "longTermDebt": 220300000, "otherLiab": 799700000, "totalCurrentLiabilities": 64659400000, "totalLiab": 65679400000, "commonStock": 1253500000, "treasuryStock": -4326600000, "otherStockholderEquity": -4326600000, "totalStockholderEquity": -3073100000, "netTangibleAssets": -5686300000}, {"maxAge": 1, "endDate": "2020-06-30", "totalStockholderEquity": -1036800000, "netTangibleAssets": -3803300000}, {"maxAge": 1, "endDate": "2020-03-31", "cash": 2108900000, "shortTermInvestments": 420100000, "netReceivables": 11238000000, "inventory": 3843400000, "otherCurrentAssets": 4090700000, "totalCurrentAssets": 21701200000, "longTermInvestments": 352700000, "propertyPlantEquipment": 12399500000, "goodWill": 1501600000, "intangibleAssets": 504900000, "otherAssets": 30598400000, "deferredLongTermAssetCharges": 145300000, "totalAssets": 67058300000, "accountsPayable": 13056200000, "shortLongTermDebt": 10840000000, "otherCurrentLiab": 22122900000, "longTermDebt": 9258800000, "otherLiab": 972800000, "deferredLongTermLiab": 760000000, "minorityInterest": 155400000, "totalCurrentLiabilities": 57704700000, "totalLiab": 68095100000, "commonStock": 1253500000, "retainedEarnings": -7607400000, "treasuryStock": 4978700000, "capitalSurplus": 183000000, "otherStockholderEquity": 4978700000, "totalStockholderEquity": -1192200000, "netTangibleAssets": -3198700000}], "maxAge": 86400}, "earningsHistory": {"history": [{"maxAge": 1, "epsActual": 0.61, "epsEstimate": 0.6, "epsDifference": 0.01, "surprisePercent": 0.017, "quarter": "2016-06-30", "period": "-4q"}, {"maxAge": 1, "epsActual": 1.44, "epsEstimate": 1.2, "epsDifference": 0.24, "surprisePercent": 0.2, "quarter": "2016-09-30", "period": "-3q"}, {"maxAge": 1, "epsActual": 0.64, "epsEstimate": 0.69, "epsDifference": -0.05, "surprisePercent": -0.072, "quarter": "2016-12-31", "period": "-2q"}, {"maxAge": 1, "epsActual": -1.58, "epsEstimate": 0.52, "epsDifference": -2.1, "surprisePercent": -4.038, "quarter": "2017-09-30", "period": "-1q"}], "maxAge": 86400}, "summaryProfile": {"address1": "CG House", "address2": "6th Floor Dr. Annie Besant Road Worli", "city": "Mumbai", "zip": "400030", "country": "India", "phone": "91 22 2423 7777", "fax": "91 22 2423 7733", "website": "http://www.cgglobal.com", "industry": "Electrical Equipment & Parts", "sector": "Industrials", "longBusinessSummary": "CG Power and Industrial Solutions Limited provides various solutions to utilities, industries, and consumers for the management and application of electrical energy in India and internationally. The company operates through Power Systems and Industrial Systems segments. The Power Systems segment offers power and distribution transformers, switchgears, circuit breakers instrument transformers, lightning arrestors, isolators, and vacuum interrupters. It also undertakes design, products, procurement, construction, erection, and servicing of turnkey transmission and distribution projects, as well as substation projects. The Industrial Systems segment provides motors, AC and DC drives, AC generators, variable frequency drives and solutions, soft starters and shaft power monitors, rotary heat exchangers with switch reluctance motors, traction electronics and traction machines for railway transportation, railway signalling equipment, and stampings. It serves utilities and industries in the generation, transmission, distribution, renewable, oil and gas, cement, metals and mining, and railway and transportation sectors. The company was formerly known as Crompton Greaves Limited and changed its name to CG Power and Industrial Solutions Limited in February 2017. CG Power and Industrial Solutions Limited was founded in 1937 and is based in Mumbai, India.", "fullTimeEmployees": 3445, "companyOfficers": [], "maxAge": 86400}, "netSharePurchaseActivity": {"maxAge": 1, "period": "6m", "buyInfoCount": 0, "buyInfoShares": 0, "sellInfoCount": 0, "netInfoCount": 0, "netInfoShares": 0, "netPercentInsiderShares": 0.0, "totalInsiderShares": 402897440}, "insiderTransactions": {"transactions": [{"maxAge": 1, "shares": 10000, "value": 7930, "filerUrl": "", "transactionText": "Acquisition at price 0.79 per share.", "filerName": "M A Muruguppan Holdings Pvt Ltd", "filerRelation": "Promoter", "moneyText": "", "startDate": "2021-02-23", "ownership": "D"}, {"maxAge": 1, "shares": 26081, "value": 20682, "filerUrl": "", "transactionText": "Acquisition at price 0.79 per share.", "filerName": "Murugappan Arunachalam Children Trust", "filerRelation": "Promoter", "moneyText": "", "startDate": "2021-02-23", "ownership": "D"}, {"maxAge": 1, "shares": 25000, "value": 19825, "filerUrl": "", "transactionText": "Acquisition at price 0.79 per share.", "filerName": "Swami (Archana Radheshyam)", "filerRelation": "UNREPORTED", "moneyText": "", "startDate": "2021-02-23", "ownership": "D"}, {"maxAge": 1, "shares": 20819, "value": 15720, "filerUrl": "", "transactionText": "Acquisition at price 0.76 per share.", "filerName": "Murugappan Arunachalam Children Trust", "filerRelation": "Promoter", "moneyText": "", "startDate": "2021-02-22", "ownership": "D"}, {"maxAge": 1, "shares": 250000, "value": 188775, "filerUrl": "", "transactionText": "Acquisition at price 0.76 per share.", "filerName": "M A Muruguppan Holdings Pvt Ltd", "filerRelation": "Promoter", "moneyText": "", "startDate": "2021-02-22", "ownership": "D"}, {"maxAge": 1, "shares": 90000, "value": 67959, "filerUrl": "", "transactionText": "Acquisition at price 0.76 per share.", "filerName": "A M (Meyyammai)", "filerRelation": "Promoter", "moneyText": "", "startDate": "2021-02-22", "ownership": "D"}, {"maxAge": 1, "shares": 25000, "value": 18107, "filerUrl": "", "transactionText": "Acquisition at price 0.72 per share.", "filerName": "Swami (Archana Radheshyam)", "filerRelation": "UNREPORTED", "moneyText": "", "startDate": "2021-02-19", "ownership": "D"}, {"maxAge": 1, "shares": 159000, "value": 98580, "filerUrl": "", "transactionText": "Acquisition at price 0.62 per share.", "filerName": "Arunachalam (Mam)", "filerRelation": "Non-Independent Non-Executive Director", "moneyText": "", "startDate": "2021-02-12", "ownership": "D"}, {"maxAge": 1, "shares": 31000, "value": 19220, "filerUrl": "", "transactionText": "Acquisition at price 0.62 per share.", "filerName": "Arunachalam (Vedika Meyammai)", "filerRelation": "Promoter", "moneyText": "", "startDate": "2021-02-12", "ownership": "D"}, {"maxAge": 1, "shares": 51000, "value": 31620, "filerUrl": "", "transactionText": "Acquisition at price 0.62 per share.", "filerName": "Arunachalam Murugapan HUF", "filerRelation": "Institution- Corporation", "moneyText": "", "startDate": "2021-02-12", "ownership": "D"}, {"maxAge": 1, "shares": 10000, "value": 6327, "filerUrl": "", "transactionText": "Acquisition at price 0.63 per share.", "filerName": "A Venkatachalam HUF", "filerRelation": "Promoter", "moneyText": "", "startDate": "2021-02-11", "ownership": "D"}, {"maxAge": 1, "shares": 165000, "value": 104263, "filerUrl": "", "transactionText": "Acquisition at price 0.63 per share.", "filerName": "Alagappan (M A)", "filerRelation": "Promoter", "moneyText": "", "startDate": "2021-02-10", "ownership": "D"}, {"maxAge": 1, "shares": 68728522, "value": 13587628, "filerUrl": "", "transactionText": "Other at price 0.20 per share.", "filerName": "TI Financial Holdings Ltd", "filerRelation": "Promoter", "moneyText": "", "startDate": "2020-12-19", "ownership": "D"}, {"maxAge": 1, "shares": 63400000, "filerUrl": "", "transactionText": "", "filerName": "Yes Bank Ltd", "filerRelation": "Promoter", "moneyText": "", "startDate": "2020-08-19", "ownership": "D"}, {"maxAge": 1, "shares": 62600000, "filerUrl": "", "transactionText": "", "filerName": "Land Mutual Fund Trustee Ltd- L & T Infrastructure Fund", "filerRelation": "Promoter", "moneyText": "", "startDate": "2020-08-17", "ownership": "D"}, {"maxAge": 1, "shares": 16650000, "filerUrl": "", "transactionText": "", "filerName": "Yes Bank Ltd", "filerRelation": "Promoter", "moneyText": "", "startDate": "2020-07-07", "ownership": "D"}, {"maxAge": 1, "shares": 7190750, "filerUrl": "", "transactionText": "", "filerName": "Corella Investments, Ltd.", "filerRelation": "Promoter", "moneyText": "", "startDate": "2014-12-22", "ownership": "D"}, {"maxAge": 1, "shares": 11505462, "filerUrl": "", "transactionText": "", "filerName": "Avantha Holdings Ltd", "filerRelation": "Promoter", "moneyText": "", "startDate": "2014-12-22", "ownership": "D"}, {"maxAge": 1, "shares": 4314712, "filerUrl": "", "transactionText": "", "filerName": "Lustre International Ltd", "filerRelation": "Promoter", "moneyText": "", "startDate": "2014-12-22", "ownership": "D"}, {"maxAge": 1, "shares": 52000000, "filerUrl": "", "transactionText": "", "filerName": "Avantha Holdings Ltd", "filerRelation": "Promoter", "moneyText": "", "startDate": "2014-11-27", "ownership": "D"}, {"maxAge": 1, "shares": 499838, "filerUrl": "", "transactionText": "", "filerName": "Avantha Holdings Ltd", "filerRelation": "Promoter", "moneyText": "", "startDate": "2011-09-15", "ownership": "D"}, {"maxAge": 1, "shares": 123783, "filerUrl": "", "transactionText": "", "filerName": "Avantha Holdings Ltd", "filerRelation": "Promoter", "moneyText": "", "startDate": "2011-09-14", "ownership": "D"}, {"maxAge": 1, "shares": 863075, "filerUrl": "", "transactionText": "", "filerName": "Avantha Holdings Ltd", "filerRelation": "Promoter", "moneyText": "", "startDate": "2011-09-13", "ownership": "D"}, {"maxAge": 1, "shares": 747632, "filerUrl": "", "transactionText": "", "filerName": "Avantha Holdings Ltd", "filerRelation": "Promoter", "moneyText": "", "startDate": "2011-09-12", "ownership": "D"}, {"maxAge": 1, "shares": 490272, "filerUrl": "", "transactionText": "", "filerName": "Avantha Holdings Ltd", "filerRelation": "Promoter", "moneyText": "", "startDate": "2011-09-09", "ownership": "D"}, {"maxAge": 1, "shares": 223642, "filerUrl": "", "transactionText": "", "filerName": "Avantha Holdings Ltd", "filerRelation": "Promoter", "moneyText": "", "startDate": "2011-09-08", "ownership": "D"}, {"maxAge": 1, "shares": 339618, "filerUrl": "", "transactionText": "", "filerName": "Avantha Holdings Ltd", "filerRelation": "Promoter", "moneyText": "", "startDate": "2011-09-07", "ownership": "D"}, {"maxAge": 1, "shares": 808744, "filerUrl": "", "transactionText": "", "filerName": "Avantha Holdings Ltd", "filerRelation": "Promoter", "moneyText": "", "startDate": "2011-09-06", "ownership": "D"}, {"maxAge": 1, "shares": 84503, "filerUrl": "", "transactionText": "", "filerName": "Avantha Holdings Ltd", "filerRelation": "Promoter", "moneyText": "", "startDate": "2011-09-05", "ownership": "D"}, {"maxAge": 1, "shares": 105003, "filerUrl": "", "transactionText": "", "filerName": "Avantha Holdings Ltd", "filerRelation": "Promoter", "moneyText": "", "startDate": "2011-09-02", "ownership": "D"}, {"maxAge": 1, "shares": 74247, "filerUrl": "", "transactionText": "", "filerName": "Avantha Holdings Ltd", "filerRelation": "Promoter", "moneyText": "", "startDate": "2011-08-30", "ownership": "D"}, {"maxAge": 1, "shares": 17000, "filerUrl": "", "transactionText": "", "filerName": "Avantha Holdings Ltd", "filerRelation": "Promoter", "moneyText": "", "startDate": "2011-08-29", "ownership": "D"}, {"maxAge": 1, "shares": 25000, "filerUrl": "", "transactionText": "", "filerName": "Avantha Holdings Ltd", "filerRelation": "Promoter", "moneyText": "", "startDate": "2011-08-26", "ownership": "D"}, {"maxAge": 1, "shares": 153179, "filerUrl": "", "transactionText": "", "filerName": "Avantha Holdings Ltd", "filerRelation": "Promoter", "moneyText": "", "startDate": "2011-08-25", "ownership": "D"}, {"maxAge": 1, "shares": 146167, "filerUrl": "", "transactionText": "", "filerName": "Avantha Holdings Ltd", "filerRelation": "Promoter", "moneyText": "", "startDate": "2011-08-24", "ownership": "D"}, {"maxAge": 1, "shares": 114152, "filerUrl": "", "transactionText": "", "filerName": "Avantha Holdings Ltd", "filerRelation": "Promoter", "moneyText": "", "startDate": "2011-08-22", "ownership": "D"}, {"maxAge": 1, "shares": 75000, "filerUrl": "", "transactionText": "", "filerName": "Avantha Holdings Ltd", "filerRelation": "Promoter", "moneyText": "", "startDate": "2011-08-19", "ownership": "D"}, {"maxAge": 1, "shares": 25000, "filerUrl": "", "transactionText": "", "filerName": "Avantha Holdings Ltd", "filerRelation": "Promoter", "moneyText": "", "startDate": "2011-08-18", "ownership": "D"}, {"maxAge": 1, "shares": 13511, "filerUrl": "", "transactionText": "", "filerName": "Trehan (Sudhir)", "filerRelation": "Non Executive Vice Chairman", "moneyText": "", "startDate": "2011-07-01", "ownership": "D"}, {"maxAge": 1, "shares": 111809, "filerUrl": "", "transactionText": "", "filerName": "Trehan (Sudhir)", "filerRelation": "Non Executive Vice Chairman", "moneyText": "", "startDate": "2011-06-30", "ownership": "D"}, {"maxAge": 1, "shares": 55000, "filerUrl": "", "transactionText": "", "filerName": "Trehan (Sudhir)", "filerRelation": "Non Executive Vice Chairman", "moneyText": "", "startDate": "2011-06-29", "ownership": "D"}, {"maxAge": 1, "shares": 100000, "filerUrl": "", "transactionText": "", "filerName": "Life Insurance Corporation of India", "filerRelation": "Institution- Corporation", "moneyText": "", "startDate": "2010-10-15", "ownership": "D"}, {"maxAge": 1, "shares": 76500, "filerUrl": "", "transactionText": "", "filerName": "Thapar (Gautam)", "filerRelation": "Chief Executive Officer", "moneyText": "", "startDate": "2009-09-30", "ownership": "D"}, {"maxAge": 1, "shares": 3425, "filerUrl": "", "transactionText": "", "filerName": "Thapar (Gautam)", "filerRelation": "Chief Executive Officer", "moneyText": "", "startDate": "2009-09-29", "ownership": "D"}, {"maxAge": 1, "shares": 140790, "filerUrl": "", "transactionText": "", "filerName": "Thapar (Gautam)", "filerRelation": "Chief Executive Officer", "moneyText": "", "startDate": "2009-09-25", "ownership": "D"}], "maxAge": 1}, "sectorTrend": {"maxAge": 1, "symbol": null, "estimates": []}, "incomeStatementHistoryQuarterly": {"incomeStatementHistory": [{"maxAge": 1, "endDate": "2020-12-31", "totalRevenue": 8195200000, "costOfRevenue": 5265400000, "grossProfit": 2929800000, "researchDevelopment": {}, "sellingGeneralAdministrative": 906900000, "nonRecurring": {}, "otherOperatingExpenses": 1057000000, "totalOperatingExpenses": 7568500000, "operatingIncome": 626700000, "totalOtherIncomeExpenseNet": -10149900000, "ebit": 626700000, "interestExpense": -135700000, "incomeBeforeTax": -9523200000, "incomeTaxExpense": -4177200000, "minorityInterest": {}, "netIncomeFromContinuingOps": -5346000000, "discontinuedOperations": 100000, "extraordinaryItems": {}, "effectOfAccountingCharges": {}, "otherItems": {}, "netIncome": -5345900000, "netIncomeApplicableToCommonShares": -5345900000}, {"maxAge": 1, "endDate": "2020-09-30", "totalRevenue": 6638900000, "costOfRevenue": 4200900000, "grossProfit": 2438000000, "researchDevelopment": {}, "sellingGeneralAdministrative": 868500000, "nonRecurring": {}, "otherOperatingExpenses": 1013400000, "totalOperatingExpenses": 6404900000, "operatingIncome": 234000000, "totalOtherIncomeExpenseNet": 928200000, "ebit": 234000000, "interestExpense": -756000000, "incomeBeforeTax": 1162200000, "incomeTaxExpense": 68500000, "minorityInterest": {}, "netIncomeFromContinuingOps": 1093700000, "discontinuedOperations": 100000, "extraordinaryItems": {}, "effectOfAccountingCharges": {}, "otherItems": {}, "netIncome": 1093700000, "netIncomeApplicableToCommonShares": 1093700000}, {"maxAge": 1, "endDate": "2020-06-30", "totalRevenue": 3627300000, "costOfRevenue": 2407500000, "grossProfit": 1219800000, "researchDevelopment": {}, "sellingGeneralAdministrative": 1062200000, "nonRecurring": {}, "otherOperatingExpenses": 1289900000, "totalOperatingExpenses": 5155800000, "operatingIncome": -1528500000, "totalOtherIncomeExpenseNet": -845200000, "ebit": -1528500000, "interestExpense": -816600000, "incomeBeforeTax": -2373700000, "incomeTaxExpense": 254900000, "minorityInterest": {}, "netIncomeFromContinuingOps": -2628600000, "discontinuedOperations": -200000, "extraordinaryItems": {}, "effectOfAccountingCharges": {}, "otherItems": {}, "netIncome": -2628800000, "netIncomeApplicableToCommonShares": -2628800000}, {"maxAge": 1, "endDate": "2020-03-31", "totalRevenue": 6162500000, "costOfRevenue": 4778900000, "grossProfit": 1383600000, "researchDevelopment": {}, "sellingGeneralAdministrative": 1470200000, "nonRecurring": {}, "otherOperatingExpenses": 748100000, "totalOperatingExpenses": 7401300000, "operatingIncome": -1238800000, "totalOtherIncomeExpenseNet": -2547900000, "ebit": -1238800000, "interestExpense": -830000000, "incomeBeforeTax": -3786700000, "incomeTaxExpense": -888600000, "minorityInterest": 155400000, "netIncomeFromContinuingOps": -2898100000, "discontinuedOperations": 17500000, "extraordinaryItems": {}, "effectOfAccountingCharges": {}, "otherItems": {}, "netIncome": -2805700000, "netIncomeApplicableToCommonShares": -2805700000}], "maxAge": 86400}, "cashflowStatementHistoryQuarterly": {"cashflowStatements": [{"maxAge": 1, "endDate": "2020-12-31", "netIncome": -5345900000, "changeToLiabilities": 0}, {"maxAge": 1, "endDate": "2020-09-30", "netIncome": 1093700000, "changeToLiabilities": 0}, {"maxAge": 1, "endDate": "2020-06-30", "netIncome": -2628800000, "changeToLiabilities": 0}, {"maxAge": 1, "endDate": "2020-03-31", "netIncome": -2805700000, "changeToLiabilities": 0}], "maxAge": 86400}, "earnings": {"maxAge": 86400, "earningsChart": {"quarterly": [{"date": "2Q2016", "actual": 0.61, "estimate": 0.6}, {"date": "3Q2016", "actual": 1.44, "estimate": 1.2}, {"date": "4Q2016", "actual": 0.64, "estimate": 0.69}, {"date": "3Q2017", "actual": -1.58, "estimate": 0.52}], "currentQuarterEstimateDate": "4Q", "currentQuarterEstimateYear": 2017, "earningsDate": []}, "financialsChart": {"yearly": [{"date": 2017, "revenue": 55165100000, "earnings": -4908600000}, {"date": 2018, "revenue": 80310800000, "earnings": -7187000000}, {"date": 2019, "revenue": 79979100000, "earnings": -5035000000}, {"date": 2020, "revenue": 51098800000, "earnings": -21594500000}], "quarterly": [{"date": "1Q2020", "revenue": 6162500000, "earnings": -2805700000}, {"date": "2Q2020", "revenue": 3627300000, "earnings": -2628800000}, {"date": "3Q2020", "revenue": 6638900000, "earnings": 1093700000}, {"date": "4Q2020", "revenue": 8195200000, "earnings": -5345900000}]}, "financialCurrency": "INR"}, "financialData": {"maxAge": 86400, "currentPrice": 69.6, "targetHighPrice": 105.0, "targetLowPrice": 56.0, "targetMeanPrice": 80.43, "targetMedianPrice": 84.0, "recommendationMean": 2.2, "recommendationKey": "buy", "numberOfAnalystOpinions": 14, "totalCash": 4788100096, "totalCashPerShare": 7.64, "ebitda": -926350016, "totalDebt": 8854500352, "totalRevenue": 24623900672, "revenuePerShare": 34.988, "grossProfits": 17354600000, "revenueGrowth": -0.305, "grossMargins": 0.32372, "ebitdaMargins": -0.03762, "operatingMargins": -0.07743, "profitMargins": -0.39339, "financialCurrency": "INR"}}}