{"CGVAK.BO": {"cashflowStatementHistory": {"cashflowStatements": [{"maxAge": 1, "endDate": "2020-03-31", "netIncome": 38370826, "depreciation": 7927132, "changeToNetincome": 11151277, "changeToAccountReceivables": -9910349, "changeToLiabilities": 1047873, "changeToOperatingActivities": -1103470, "totalCashFromOperatingActivities": 48189056, "capitalExpenditures": -13950690, "investments": -49191415, "otherCashflowsFromInvestingActivities": 2869582, "totalCashflowsFromInvestingActivities": -60227074, "dividendsPaid": -4566211, "netBorrowings": -10537200, "otherCashflowsFromFinancingActivities": -3480915, "totalCashFromFinancingActivities": -18584326, "changeInCash": -30622345}, {"maxAge": 1, "endDate": "2019-03-31", "netIncome": 35679596, "depreciation": 2800660, "changeToNetincome": 5308431, "changeToAccountReceivables": -12740456, "changeToLiabilities": -1638380, "changeToOperatingActivities": -15693371, "totalCashFromOperatingActivities": 14375945, "capitalExpenditures": -15115624, "investments": -10152207, "otherCashflowsFromInvestingActivities": 2364577, "totalCashflowsFromInvestingActivities": -22745885, "dividendsPaid": -3044139, "netBorrowings": 9976415, "otherCashflowsFromFinancingActivities": -62259, "totalCashFromFinancingActivities": 6870017, "changeInCash": -1499922}, {"maxAge": 1, "endDate": "2018-03-31", "netIncome": 13927336, "depreciation": 2124744, "changeToNetincome": 2601141, "changeToAccountReceivables": 22186686, "changeToLiabilities": -1868642, "changeToOperatingActivities": 9047290, "totalCashFromOperatingActivities": 48727235, "capitalExpenditures": -3772823, "investments": -29396877, "otherCashflowsFromInvestingActivities": 562306, "totalCashflowsFromInvestingActivities": -32105755, "dividendsPaid": -3039299, "netBorrowings": -189435, "otherCashflowsFromFinancingActivities": -56821, "totalCashFromFinancingActivities": -3285555, "changeInCash": 13335924}, {"maxAge": 1, "endDate": "2017-03-31", "netIncome": 7730469, "depreciation": 1923496, "changeToNetincome": -1161682, "changeToAccountReceivables": 21701293, "changeToLiabilities": -15589044, "changeToOperatingActivities": -167886, "totalCashFromOperatingActivities": 15327529, "capitalExpenditures": -2624515, "investments": 3380099, "otherCashflowsFromInvestingActivities": 677486, "totalCashflowsFromInvestingActivities": 1458784, "dividendsPaid": -3039151, "netBorrowings": -544149, "otherCashflowsFromFinancingActivities": -88572, "totalCashFromFinancingActivities": -3671872, "changeInCash": 13114441}], "maxAge": 86400}, "institutionOwnership": {"maxAge": 1, "ownershipList": []}, "balanceSheetHistoryQuarterly": {"balanceSheetStatements": [{"maxAge": 1, "endDate": "2020-06-30", "totalStockholderEquity": 254633000, "netTangibleAssets": 252455000}, {"maxAge": 1, "endDate": "2020-03-31", "cash": 48967383, "shortTermInvestments": 93275683, "netReceivables": 74254550, "otherCurrentAssets": 22726423, "totalCurrentAssets": 241930855, "longTermInvestments": 3379445, "propertyPlantEquipment": 66491786, "intangibleAssets": 2178418, "otherAssets": 9755498, "deferredLongTermAssetCharges": 3179830, "totalAssets": 323736002, "accountsPayable": 6233052, "otherCurrentLiab": 4364881, "totalCurrentLiabilities": 41033294, "totalLiab": 69102940, "commonStock": 50502000, "retainedEarnings": 157667837, "treasuryStock": 46463225, "otherStockholderEquity": 46463225, "totalStockholderEquity": 254633062, "netTangibleAssets": 252454644}, {"maxAge": 1, "endDate": "2019-12-31", "totalStockholderEquity": 227245000, "netTangibleAssets": 225344000}, {"maxAge": 1, "endDate": "2019-09-30", "cash": 123777000, "shortTermInvestments": 15179000, "netReceivables": 63973000, "otherCurrentAssets": 23150000, "totalCurrentAssets": 226079000, "longTermInvestments": 2907000, "propertyPlantEquipment": 31438000, "intangibleAssets": 1901000, "otherAssets": 3835000, "deferredLongTermAssetCharges": 3078000, "totalAssets": 266160000, "accountsPayable": 6437000, "otherCurrentLiab": 22380000, "totalCurrentLiabilities": 38915000, "totalLiab": 38915000, "commonStock": 50502000, "treasuryStock": 176743000, "otherStockholderEquity": 176743000, "totalStockholderEquity": 227245000, "netTangibleAssets": 225344000}], "maxAge": 86400}, "indexTrend": {"maxAge": 1, "symbol": "SP5", "peRatio": 19.7411, "pegRatio": 1.34172, "estimates": [{"period": "0q", "growth": 0.549}, {"period": "+1q", "growth": 0.431}, {"period": "0y", "growth": 0.305}, {"period": "+1y", "growth": 0.109}, {"period": "+5y", "growth": 0.120859005}, {"period": "-5y"}]}, "insiderTransactions": {"transactions": [{"maxAge": 1, "shares": 2320, "value": 2244, "filerUrl": "", "transactionText": "Acquisition at price 0.97 per share.", "filerName": "Latha (S)", "filerRelation": "Director (Non-Executive)", "moneyText": "", "startDate": "2020-09-24", "ownership": "D"}, {"maxAge": 1, "shares": 500, "value": 502, "filerUrl": "", "transactionText": "Acquisition at price 1.01 per share.", "filerName": "Latha (S)", "filerRelation": "Director (Non-Executive)", "moneyText": "", "startDate": "2020-09-17", "ownership": "D"}, {"maxAge": 1, "shares": 1000, "value": 1025, "filerUrl": "", "transactionText": "Acquisition at price 1.03 per share.", "filerName": "Latha (S)", "filerRelation": "Director (Non-Executive)", "moneyText": "", "startDate": "2020-09-15", "ownership": "D"}, {"maxAge": 1, "shares": 872, "value": 879, "filerUrl": "", "transactionText": "Acquisition at price 1.01 per share.", "filerName": "Latha (S)", "filerRelation": "Director (Non-Executive)", "moneyText": "", "startDate": "2020-09-14", "ownership": "D"}, {"maxAge": 1, "shares": 948, "value": 955, "filerUrl": "", "transactionText": "Acquisition at price 1.01 per share.", "filerName": "Latha (S)", "filerRelation": "Director (Non-Executive)", "moneyText": "", "startDate": "2020-09-11", "ownership": "D"}, {"maxAge": 1, "shares": 1000, "value": 1089, "filerUrl": "", "transactionText": "Acquisition at price 1.09 per share.", "filerName": "Latha (S)", "filerRelation": "Director (Non-Executive)", "moneyText": "", "startDate": "2020-09-10", "ownership": "D"}, {"maxAge": 1, "shares": 2493, "value": 2652, "filerUrl": "", "transactionText": "Acquisition at price 1.06 per share.", "filerName": "Latha (S)", "filerRelation": "Director (Non-Executive)", "moneyText": "", "startDate": "2020-09-09", "ownership": "D"}, {"maxAge": 1, "shares": 1500, "value": 1525, "filerUrl": "", "transactionText": "Acquisition at price 1.02 per share.", "filerName": "Latha (S)", "filerRelation": "Director (Non-Executive)", "moneyText": "", "startDate": "2020-09-08", "ownership": "D"}, {"maxAge": 1, "shares": 409, "value": 396, "filerUrl": "", "transactionText": "Acquisition at price 0.97 per share.", "filerName": "Latha (S)", "filerRelation": "Director (Non-Executive)", "moneyText": "", "startDate": "2020-09-04", "ownership": "D"}, {"maxAge": 1, "shares": 64453, "value": 64240, "filerUrl": "", "transactionText": "Acquisition at price 1.00 per share.", "filerName": "Latha (S)", "filerRelation": "Director (Non-Executive)", "moneyText": "", "startDate": "2020-09-03", "ownership": "D"}, {"maxAge": 1, "shares": 1500, "filerUrl": "", "transactionText": "", "filerName": "Latha (S)", "filerRelation": "Director (Non-Executive)", "moneyText": "", "startDate": "2018-12-26", "ownership": "D"}, {"maxAge": 1, "shares": 2000, "filerUrl": "", "transactionText": "", "filerName": "Latha (S)", "filerRelation": "Director (Non-Executive)", "moneyText": "", "startDate": "2018-12-21", "ownership": "D"}, {"maxAge": 1, "shares": 846, "filerUrl": "", "transactionText": "", "filerName": "Latha (S)", "filerRelation": "Director (Non-Executive)", "moneyText": "", "startDate": "2018-12-19", "ownership": "D"}, {"maxAge": 1, "shares": 750, "filerUrl": "", "transactionText": "", "filerName": "Latha (S)", "filerRelation": "Director (Non-Executive)", "moneyText": "", "startDate": "2018-12-18", "ownership": "D"}, {"maxAge": 1, "shares": 750, "filerUrl": "", "transactionText": "", "filerName": "Latha (S)", "filerRelation": "Director (Non-Executive)", "moneyText": "", "startDate": "2018-12-12", "ownership": "D"}, {"maxAge": 1, "shares": 1000, "filerUrl": "", "transactionText": "", "filerName": "Latha (S)", "filerRelation": "Director (Non-Executive)", "moneyText": "", "startDate": "2018-12-11", "ownership": "D"}, {"maxAge": 1, "shares": 604, "filerUrl": "", "transactionText": "", "filerName": "Latha (S)", "filerRelation": "Director (Non-Executive)", "moneyText": "", "startDate": "2018-12-10", "ownership": "D"}, {"maxAge": 1, "shares": 1500, "filerUrl": "", "transactionText": "", "filerName": "Latha (S)", "filerRelation": "Director (Non-Executive)", "moneyText": "", "startDate": "2018-12-07", "ownership": "D"}, {"maxAge": 1, "shares": 1000, "filerUrl": "", "transactionText": "", "filerName": "Latha (S)", "filerRelation": "Director (Non-Executive)", "moneyText": "", "startDate": "2018-12-06", "ownership": "D"}, {"maxAge": 1, "shares": 1000, "filerUrl": "", "transactionText": "", "filerName": "Latha (S)", "filerRelation": "Director (Non-Executive)", "moneyText": "", "startDate": "2018-12-05", "ownership": "D"}, {"maxAge": 1, "shares": 9000, "filerUrl": "", "transactionText": "", "filerName": "Latha (S)", "filerRelation": "Director (Non-Executive)", "moneyText": "", "startDate": "2018-11-19", "ownership": "D"}], "maxAge": 1}, "quoteType": {"exchange": "BSE", "quoteType": "EQUITY", "symbol": "CGVAK.BO", "underlyingSymbol": "CGVAK.BO", "shortName": "CG-VAK SOFTWARE & EXPORTS LTD.", "longName": "CG-VAK Software and Exports Limited", "firstTradeDateEpochUtc": "2001-07-04 09:15:00", "timeZoneFullName": "Asia/Kolkata", "timeZoneShortName": "IST", "uuid": "83f83bd6-d5e3-3af5-9bb8-61b29ae767b9", "messageBoardId": null, "gmtOffSetMilliseconds": 19800000, "maxAge": 1}, "incomeStatementHistory": {"incomeStatementHistory": [{"maxAge": 1, "endDate": "2020-03-31", "totalRevenue": 392622631, "costOfRevenue": 283054157, "grossProfit": 109568474, "researchDevelopment": {}, "sellingGeneralAdministrative": 5838953, "nonRecurring": {}, "otherOperatingExpenses": 44924228, "totalOperatingExpenses": 342450237, "operatingIncome": 50172394, "totalOtherIncomeExpenseNet": 3088943, "ebit": 50172394, "interestExpense": -3480915, "incomeBeforeTax": 53261337, "incomeTaxExpense": 14890511, "minorityInterest": {}, "netIncomeFromContinuingOps": 38370826, "discontinuedOperations": {}, "extraordinaryItems": {}, "effectOfAccountingCharges": {}, "otherItems": {}, "netIncome": 38370826, "netIncomeApplicableToCommonShares": 38370826}, {"maxAge": 1, "endDate": "2019-03-31", "totalRevenue": 362550588, "costOfRevenue": 255241830, "grossProfit": 107308758, "researchDevelopment": {}, "sellingGeneralAdministrative": 1587039, "nonRecurring": {}, "otherOperatingExpenses": 53713260, "totalOperatingExpenses": 314002254, "operatingIncome": 48548334, "totalOtherIncomeExpenseNet": 1541223, "ebit": 48548334, "interestExpense": -62259, "incomeBeforeTax": 50089557, "incomeTaxExpense": 14409961, "minorityInterest": {}, "netIncomeFromContinuingOps": 35679596, "discontinuedOperations": {}, "extraordinaryItems": {}, "effectOfAccountingCharges": {}, "otherItems": {}, "netIncome": 35679596, "netIncomeApplicableToCommonShares": 35679596}, {"maxAge": 1, "endDate": "2018-03-31", "totalRevenue": 300609180, "costOfRevenue": 219137651, "grossProfit": 81471529, "researchDevelopment": {}, "sellingGeneralAdministrative": 5372743, "nonRecurring": {}, "otherOperatingExpenses": 56762620, "totalOperatingExpenses": 284106438, "operatingIncome": 16502742, "totalOtherIncomeExpenseNet": 2906176, "ebit": 16502742, "interestExpense": -56821, "incomeBeforeTax": 19408918, "incomeTaxExpense": 5481582, "minorityInterest": {}, "netIncomeFromContinuingOps": 13927336, "discontinuedOperations": {}, "extraordinaryItems": {}, "effectOfAccountingCharges": {}, "otherItems": {}, "netIncome": 13927336, "netIncomeApplicableToCommonShares": 13927336}, {"maxAge": 1, "endDate": "2017-03-31", "totalRevenue": 322191056, "costOfRevenue": 215617874, "grossProfit": 106573182, "researchDevelopment": {}, "sellingGeneralAdministrative": 5094977, "nonRecurring": {}, "otherOperatingExpenses": 88933614, "totalOperatingExpenses": 312460844, "operatingIncome": 9730212, "totalOtherIncomeExpenseNet": 1138764, "ebit": 9730212, "interestExpense": -88572, "incomeBeforeTax": 10868976, "incomeTaxExpense": 3138507, "minorityInterest": {}, "netIncomeFromContinuingOps": 7730469, "discontinuedOperations": {}, "extraordinaryItems": {}, "effectOfAccountingCharges": {}, "otherItems": {}, "netIncome": 7730469, "netIncomeApplicableToCommonShares": 7730469}], "maxAge": 86400}, "fundOwnership": {"maxAge": 1, "ownershipList": []}, "summaryDetail": {"maxAge": 1, "priceHint": 2, "previousClose": 91.3, "open": 94.9, "dayLow": 79.0, "dayHigh": 95.0, "regularMarketPreviousClose": 91.3, "regularMarketOpen": 94.9, "regularMarketDayLow": 79.0, "regularMarketDayHigh": 95.0, "trailingPE": 9.0848875, "volume": 7680, "regularMarketVolume": 7680, "averageVolume": 5793, "averageVolume10days": 6009, "averageDailyVolume10Day": 6009, "bid": 87.15, "ask": 89.9, "bidSize": 0, "askSize": 0, "marketCap": 450225344, "fiftyTwoWeekLow": 22.3, "fiftyTwoWeekHigh": 99.95, "fiftyDayAverage": 87.50429, "twoHundredDayAverage": 76.84306, "trailingAnnualDividendRate": 0.75, "trailingAnnualDividendYield": 0.008214677, "currency": "INR", "fromCurrency": null, "toCurrency": null, "lastMarket": null, "algorithm": null, "tradeable": false}, "incomeStatementHistoryQuarterly": {"incomeStatementHistory": [{"maxAge": 1, "endDate": "2020-06-30", "totalRevenue": 110872000, "costOfRevenue": 74044000, "grossProfit": 36828000, "researchDevelopment": {}, "sellingGeneralAdministrative": {}, "nonRecurring": {}, "otherOperatingExpenses": 8103000, "totalOperatingExpenses": 84822000, "operatingIncome": 26050000, "totalOtherIncomeExpenseNet": -692000, "ebit": 26050000, "interestExpense": -692000, "incomeBeforeTax": 25358000, "incomeTaxExpense": 7064000, "minorityInterest": {}, "netIncomeFromContinuingOps": 18294000, "discontinuedOperations": {}, "extraordinaryItems": {}, "effectOfAccountingCharges": {}, "otherItems": {}, "netIncome": 18294000, "netIncomeApplicableToCommonShares": 18294000}, {"maxAge": 1, "endDate": "2020-03-31", "totalRevenue": 102674631, "costOfRevenue": 80487157, "grossProfit": 22187474, "researchDevelopment": {}, "sellingGeneralAdministrative": 5838953, "nonRecurring": {}, "otherOperatingExpenses": -3059772, "totalOperatingExpenses": 87980237, "operatingIncome": 14694394, "totalOtherIncomeExpenseNet": 3129943, "ebit": 14694394, "interestExpense": -3439915, "incomeBeforeTax": 17824337, "incomeTaxExpense": 5026511, "minorityInterest": {}, "netIncomeFromContinuingOps": 12797826, "discontinuedOperations": {}, "extraordinaryItems": {}, "effectOfAccountingCharges": {}, "otherItems": {}, "netIncome": 12797826, "netIncomeApplicableToCommonShares": 12797826}, {"maxAge": 1, "endDate": "2019-12-31", "totalRevenue": 97620000, "costOfRevenue": 69740000, "grossProfit": 27880000, "researchDevelopment": {}, "sellingGeneralAdministrative": 5838953, "nonRecurring": {}, "otherOperatingExpenses": 13381000, "totalOperatingExpenses": 84549000, "operatingIncome": 13071000, "totalOtherIncomeExpenseNet": -6000, "ebit": 13071000, "interestExpense": -6000, "incomeBeforeTax": 13065000, "incomeTaxExpense": 3613000, "minorityInterest": {}, "netIncomeFromContinuingOps": 9452000, "discontinuedOperations": {}, "extraordinaryItems": {}, "effectOfAccountingCharges": {}, "otherItems": {}, "netIncome": 9452000, "netIncomeApplicableToCommonShares": 9452000}, {"maxAge": 1, "endDate": "2019-09-30", "totalRevenue": 100779000, "costOfRevenue": 67068000, "grossProfit": 33711000, "researchDevelopment": {}, "sellingGeneralAdministrative": 5838953, "nonRecurring": {}, "otherOperatingExpenses": 19991000, "totalOperatingExpenses": 88346000, "operatingIncome": 12433000, "totalOtherIncomeExpenseNet": -13000, "ebit": 12433000, "interestExpense": -13000, "incomeBeforeTax": 12420000, "incomeTaxExpense": 3429000, "minorityInterest": {}, "netIncomeFromContinuingOps": 8991000, "discontinuedOperations": {}, "extraordinaryItems": {}, "effectOfAccountingCharges": {}, "otherItems": {}, "netIncome": 8991000, "netIncomeApplicableToCommonShares": 8991000}], "maxAge": 86400}, "cashflowStatementHistoryQuarterly": {"cashflowStatements": [{"maxAge": 1, "endDate": "2020-06-30", "netIncome": 18294000, "changeToLiabilities": 0}, {"maxAge": 1, "endDate": "2020-03-31", "netIncome": 12797826, "changeToLiabilities": 0}, {"maxAge": 1, "endDate": "2019-12-31", "netIncome": 9452000, "changeToLiabilities": 0}, {"maxAge": 1, "endDate": "2019-09-30", "netIncome": 8991000, "changeToLiabilities": 0}], "maxAge": 86400}, "insiderHolders": {"holders": [{"maxAge": 1, "name": "Latha (S)", "relation": "Director (Non-Executive)", "url": "", "transactionDescription": "Acquisition", "latestTransDate": "2020-09-24", "positionDirect": 1032934, "positionDirectDate": "2020-09-24"}], "maxAge": 1}, "calendarEvents": {"maxAge": 1, "earnings": {"earningsDate": []}}, "price": {"maxAge": 1, "regularMarketChangePercent": -0.023548756, "regularMarketChange": -2.1500015, "regularMarketTime": "2021-04-30 15:29:53", "priceHint": 2, "regularMarketPrice": 89.15, "regularMarketDayHigh": 95.0, "regularMarketDayLow": 79.0, "regularMarketVolume": 7680, "averageDailyVolume10Day": 6009, "averageDailyVolume3Month": 5793, "regularMarketPreviousClose": 91.3, "regularMarketSource": "FREE_REALTIME", "regularMarketOpen": 94.9, "exchange": "BSE", "exchangeName": "BSE", "exchangeDataDelayedBy": 0, "marketState": "CLOSED", "quoteType": "EQUITY", "symbol": "CGVAK.BO", "underlyingSymbol": null, "shortName": "CG-VAK SOFTWARE & EXPORTS LTD.", "longName": "CG-VAK Software and Exports Limited", "currency": "INR", "quoteSourceName": "Delayed Quote", "currencySymbol": "\u20b9", "fromCurrency": null, "toCurrency": null, "lastMarket": null, "marketCap": 450225344}, "balanceSheetHistory": {"balanceSheetStatements": [{"maxAge": 1, "endDate": "2020-03-31", "cash": 48967383, "shortTermInvestments": 93275683, "netReceivables": 74254550, "otherCurrentAssets": 22726423, "totalCurrentAssets": 241930855, "longTermInvestments": 3379445, "propertyPlantEquipment": 66491786, "intangibleAssets": 2178418, "otherAssets": 9755498, "deferredLongTermAssetCharges": 3179830, "totalAssets": 323736002, "accountsPayable": 6233052, "otherCurrentLiab": 4364881, "totalCurrentLiabilities": 41033294, "totalLiab": 69102940, "commonStock": 50502000, "retainedEarnings": 157667837, "treasuryStock": 46463225, "otherStockholderEquity": 46463225, "totalStockholderEquity": 254633062, "netTangibleAssets": 252454644}, {"maxAge": 1, "endDate": "2019-03-31", "cash": 79589728, "shortTermInvestments": 41584268, "netReceivables": 63245387, "otherCurrentAssets": 20486216, "totalCurrentAssets": 206138199, "longTermInvestments": 2500000, "propertyPlantEquipment": 27887856, "intangibleAssets": 2136706, "otherAssets": 10493869, "deferredLongTermAssetCharges": 2802427, "totalAssets": 249156630, "accountsPayable": 5185180, "otherCurrentLiab": 3412866, "totalCurrentLiabilities": 37813098, "totalLiab": 37813098, "commonStock": 50502000, "retainedEarnings": 124712701, "treasuryStock": 36128831, "otherStockholderEquity": 36128831, "totalStockholderEquity": 211343532, "netTangibleAssets": 209206826}, {"maxAge": 1, "endDate": "2018-03-31", "cash": 81089650, "shortTermInvestments": 31500000, "netReceivables": 50026756, "otherCurrentAssets": 17690440, "totalCurrentAssets": 181623589, "longTermInvestments": 2500000, "propertyPlantEquipment": 16463959, "intangibleAssets": 2197001, "otherAssets": 4705261, "deferredLongTermAssetCharges": 3456942, "totalAssets": 207489810, "accountsPayable": 6823560, "otherCurrentLiab": 8373419, "totalCurrentLiabilities": 35706474, "totalLiab": 35706474, "commonStock": 50502000, "retainedEarnings": 92077244, "treasuryStock": 29204092, "otherStockholderEquity": 29204092, "totalStockholderEquity": 171783336, "netTangibleAssets": 169586335}, {"maxAge": 1, "endDate": "2017-03-31", "cash": 67753726, "shortTermInvestments": 5176900, "netReceivables": 73117677, "otherCurrentAssets": 15116496, "totalCurrentAssets": 161771858, "propertyPlantEquipment": 15982783, "intangibleAssets": 2868639, "otherAssets": 5485137, "deferredLongTermAssetCharges": 4667346, "totalAssets": 186108417, "accountsPayable": 8692202, "shortLongTermDebt": 189435, "otherCurrentLiab": 4885683, "totalCurrentLiabilities": 24342542, "totalLiab": 24342542, "commonStock": 50502000, "retainedEarnings": 81189207, "treasuryStock": 30074668, "otherStockholderEquity": 30074668, "totalStockholderEquity": 161765875, "netTangibleAssets": 158897236}], "maxAge": 86400}, "financialData": {"maxAge": 86400, "currentPrice": 89.15, "recommendationKey": "none", "grossProfits": 109568474, "financialCurrency": "INR"}}}