{"CHALET.NS": {"assetProfile": {"address1": "Raheja Tower, Plot No. C-30", "address2": "4th Floor, Block G Bandra Kurla Complex Bandra (East)", "city": "Mumbai", "zip": "400051", "country": "India", "phone": "91 22 2656 4000", "fax": "91 22 2656 5451", "website": "http://www.chalethotels.com", "industry": "Lodging", "sector": "Consumer Cyclical", "longBusinessSummary": "Chalet Hotels Limited develops, owns, and manages hotels in India. Its hotel platform comprises six operating hotels, including a hotel with a co-located serviced residence, located in Mumbai, Hyderabad, Pune, and Bengaluru representing 2,554 keys under the JW Marriott, Westin, Marriott, Marriott Executive Apartments, Renaissance, Four Points by Sheraton, and Novotel brands. The company is also involved in the commercial and retail operations, and real estate development. The company was formerly known as Chalet Hotels Pvt. Ltd and changed its name to Chalet Hotels Limited in June 2018. Chalet Hotels Limited was incorporated in 1986 and is headquartered in Mumbai, India.", "fullTimeEmployees": 2572, "companyOfficers": [{"maxAge": 1, "name": "Mr. Sanjay  Sethi", "age": 55, "title": "MD, CEO & Director", "yearBorn": 1965, "fiscalYear": 2020, "totalPay": 63106398, "exercisedValue": 0, "unexercisedValue": 0}, {"maxAge": 1, "name": "Mr. Rajneesh  Malhotra", "age": 50, "title": "VP of Operations & Asset Management", "yearBorn": 1970, "exercisedValue": 0, "unexercisedValue": 0}, {"maxAge": 1, "name": "Ms. Christabelle  Baptista", "age": 40, "title": "Company Sec. & Compliance Officer", "yearBorn": 1980, "fiscalYear": 2020, "totalPay": 3485460, "exercisedValue": 0, "unexercisedValue": 0}, {"maxAge": 1, "name": "Krishna Mohan N", "age": 57, "title": "Sr. VP of Engineering", "yearBorn": 1963, "exercisedValue": 0, "unexercisedValue": 0}, {"maxAge": 1, "name": "Mr. Sundeep  Mujumdar", "age": 47, "title": "GM of Contracts & Principal Buyer", "yearBorn": 1973, "fiscalYear": 2018, "exercisedValue": 0, "unexercisedValue": 0}, {"maxAge": 1, "name": "Mr. Premal  Zaveri", "age": 42, "title": "Gen. Mang. of MD and CEO's office", "yearBorn": 1978, "exercisedValue": 0, "unexercisedValue": 0}], "compensationAsOfEpochDate": "2020-12-31 05:30:00", "maxAge": 86400}, "cashflowStatementHistory": {"cashflowStatements": [{"maxAge": 1, "endDate": "2020-03-31", "netIncome": 1026750000, "depreciation": 1126080000, "changeToNetincome": 1148130000, "changeToAccountReceivables": 23610000, "changeToLiabilities": -842580000, "changeToInventory": 35330000, "totalCashFromOperatingActivities": 2524410000, "capitalExpenditures": -960910000, "investments": -3041790000, "otherCashflowsFromInvestingActivities": 380000, "totalCashflowsFromInvestingActivities": -3937240000, "netBorrowings": 1939620000, "otherCashflowsFromFinancingActivities": -1351760000, "totalCashFromFinancingActivities": 1327860000, "changeInCash": -62080000}, {"maxAge": 1, "endDate": "2019-03-31", "netIncome": -76270000, "depreciation": 1140560000, "changeToNetincome": 2309250000, "changeToAccountReceivables": -60180000, "changeToLiabilities": 1167080000, "changeToInventory": -838840000, "totalCashFromOperatingActivities": 3655210000, "capitalExpenditures": -367590000, "investments": -693870000, "otherCashflowsFromInvestingActivities": 195080000, "totalCashflowsFromInvestingActivities": 1472400000, "netBorrowings": -12467880000, "otherCashflowsFromFinancingActivities": -2798240000, "totalCashFromFinancingActivities": -5228330000, "changeInCash": -100720000, "issuanceOfStock": 9527790000}, {"maxAge": 1, "endDate": "2018-03-31", "netIncome": -928750000, "depreciation": 1101110000, "changeToNetincome": 2190610000, "changeToAccountReceivables": -215670000, "changeToLiabilities": 235360000, "changeToInventory": 91230000, "totalCashFromOperatingActivities": 2489110000, "capitalExpenditures": -623040000, "investments": -412830000, "otherCashflowsFromInvestingActivities": 279330000, "totalCashflowsFromInvestingActivities": -1290970000, "netBorrowings": 536070000, "otherCashflowsFromFinancingActivities": -2101960000, "totalCashFromFinancingActivities": -1565890000, "changeInCash": -257800000, "issuanceOfStock": 9527790000}, {"maxAge": 1, "endDate": "2017-03-31", "netIncome": 1274380000, "depreciation": 1253630000, "changeToNetincome": -295570000, "changeToAccountReceivables": -58150000, "changeToLiabilities": -43040000, "changeToInventory": 218840000, "changeToOperatingActivities": -353990000, "totalCashFromOperatingActivities": 2012230000, "capitalExpenditures": -1145800000, "investments": 4592300000, "otherCashflowsFromInvestingActivities": 199090000, "totalCashflowsFromInvestingActivities": 3249400000, "netBorrowings": -2393410000, "otherCashflowsFromFinancingActivities": -2240280000, "totalCashFromFinancingActivities": -4633690000, "changeInCash": 668310000, "issuanceOfStock": 9527790000}], "maxAge": 86400}, "institutionOwnership": {"maxAge": 1, "ownershipList": []}, "majorHoldersBreakdown": {"maxAge": 1, "insidersPercentHeld": 0.75553, "institutionsPercentHeld": 0.21018, "institutionsFloatPercentHeld": 0.85976, "institutionsCount": 17}, "balanceSheetHistoryQuarterly": {"balanceSheetStatements": [{"maxAge": 1, "endDate": "2020-12-31", "totalStockholderEquity": 14730010000, "netTangibleAssets": 14475110000}, {"maxAge": 1, "endDate": "2020-09-30", "cash": 393800000, "shortTermInvestments": 123200000, "netReceivables": 229530000, "inventory": 3917310000, "otherCurrentAssets": 794570000, "totalCurrentAssets": 5458410000, "longTermInvestments": 118000000, "propertyPlantEquipment": 23396740000, "goodWill": 226110000, "intangibleAssets": 28790000, "otherAssets": 9991670000, "deferredLongTermAssetCharges": 1294240000, "totalAssets": 39219720000, "accountsPayable": 949720000, "shortLongTermDebt": 3211780000, "otherCurrentLiab": 3326130000, "longTermDebt": 15428850000, "otherLiab": 567510000, "minorityInterest": -2510000, "totalCurrentLiabilities": 8495860000, "totalLiab": 24492220000, "commonStock": 2050240000, "treasuryStock": 12679770000, "otherStockholderEquity": 12679770000, "totalStockholderEquity": 14730010000, "netTangibleAssets": 14475110000}, {"maxAge": 1, "endDate": "2020-06-30", "totalStockholderEquity": 15545510000, "netTangibleAssets": 15285710000}, {"maxAge": 1, "endDate": "2020-03-31", "cash": 76420000, "shortTermInvestments": 1113660000, "netReceivables": 1050930000, "inventory": 3924090000, "otherCurrentAssets": 309270000, "totalCurrentAssets": 6577830000, "longTermInvestments": 116020000, "propertyPlantEquipment": 23666920000, "goodWill": 226110000, "intangibleAssets": 33690000, "otherAssets": 9507010000, "deferredLongTermAssetCharges": 852810000, "totalAssets": 40127580000, "accountsPayable": 1062030000, "shortLongTermDebt": 1966870000, "otherCurrentLiab": 3514560000, "longTermDebt": 16643840000, "otherLiab": 629220000, "deferredLongTermLiab": 27150000, "minorityInterest": -2700000, "totalCurrentLiabilities": 7311710000, "totalLiab": 24584770000, "commonStock": 2050240000, "retainedEarnings": 2740910000, "treasuryStock": 485170000, "capitalSurplus": 10269190000, "otherStockholderEquity": 485170000, "totalStockholderEquity": 15545510000, "netTangibleAssets": 15285710000}], "maxAge": 86400}, "indexTrend": {"maxAge": 1, "symbol": "SP5", "peRatio": 19.7411, "pegRatio": 1.34172, "estimates": [{"period": "0q", "growth": 0.549}, {"period": "+1q", "growth": 0.431}, {"period": "0y", "growth": 0.305}, {"period": "+1y", "growth": 0.109}, {"period": "+5y", "growth": 0.120865}, {"period": "-5y"}]}, "defaultKeyStatistics": {"maxAge": 1, "priceHint": 2, "enterpriseValue": 48545095680, "profitMargins": -0.15923999, "floatShares": 58229619, "sharesOutstanding": 205024000, "heldPercentInsiders": 0.75553, "heldPercentInstitutions": 0.21018, "beta": 1.007631, "category": null, "bookValue": 71.689, "priceToBook": 1.9975169, "fundFamily": null, "legalType": null, "lastFiscalYearEnd": "2020-03-31 05:30:00", "nextFiscalYearEnd": "2022-03-31 05:30:00", "mostRecentQuarter": "2020-12-31 05:30:00", "netIncomeToCommon": -703379968, "trailingEps": -3.433, "lastSplitFactor": null, "enterpriseToRevenue": 10.991, "enterpriseToEbitda": 54.237, "52WeekChange": 0.012014151, "SandP52WeekChange": 0.48148263}, "summaryProfile": {"address1": "Raheja Tower, Plot No. C-30", "address2": "4th Floor, Block G Bandra Kurla Complex Bandra (East)", "city": "Mumbai", "zip": "400051", "country": "India", "phone": "91 22 2656 4000", "fax": "91 22 2656 5451", "website": "http://www.chalethotels.com", "industry": "Lodging", "sector": "Consumer Cyclical", "longBusinessSummary": "Chalet Hotels Limited develops, owns, and manages hotels in India. Its hotel platform comprises six operating hotels, including a hotel with a co-located serviced residence, located in Mumbai, Hyderabad, Pune, and Bengaluru representing 2,554 keys under the JW Marriott, Westin, Marriott, Marriott Executive Apartments, Renaissance, Four Points by Sheraton, and Novotel brands. The company is also involved in the commercial and retail operations, and real estate development. The company was formerly known as Chalet Hotels Pvt. Ltd and changed its name to Chalet Hotels Limited in June 2018. Chalet Hotels Limited was incorporated in 1986 and is headquartered in Mumbai, India.", "fullTimeEmployees": 2572, "companyOfficers": [], "maxAge": 86400}, "netSharePurchaseActivity": {"maxAge": 1, "period": "6m", "buyInfoCount": 0, "buyInfoShares": 0, "sellInfoCount": 0, "netInfoCount": 0, "netInfoShares": 0, "netPercentInsiderShares": 0.0, "totalInsiderShares": 155198864}, "insiderTransactions": {"transactions": [{"maxAge": 1, "shares": 7200000, "value": 15685919, "filerUrl": "", "transactionText": "Sale at price 2.18 per share.", "filerName": "Genext Hardware & Parks Pvt. Ltd.", "filerRelation": "UNREPORTED", "moneyText": "", "startDate": "2021-03-25", "ownership": "D"}, {"maxAge": 1, "shares": 7200000, "value": 15685919, "filerUrl": "", "transactionText": "Acquisition at price 2.18 per share.", "filerName": "Palm Shelter Estate Development Pvt Ltd", "filerRelation": "Promoter", "moneyText": "", "startDate": "2021-03-25", "ownership": "D"}, {"maxAge": 1, "shares": 100000, "value": 251560, "filerUrl": "", "transactionText": "Acquisition at price 2.52 per share.", "filerName": "Palm Shelter Estate Development Pvt Ltd", "filerRelation": "Promoter", "moneyText": "", "startDate": "2020-12-24", "ownership": "D"}, {"maxAge": 1, "shares": 63000, "value": 145574, "filerUrl": "", "transactionText": "Acquisition at price 2.31 per share.", "filerName": "Palm Shelter Estate Development Pvt Ltd", "filerRelation": "Institution- Corporation", "moneyText": "", "startDate": "2020-12-22", "ownership": "D"}, {"maxAge": 1, "shares": 100000, "value": 243480, "filerUrl": "", "transactionText": "Acquisition at price 2.43 per share.", "filerName": "Palm Shelter Estate Development Pvt Ltd", "filerRelation": "Promoter", "moneyText": "", "startDate": "2020-12-21", "ownership": "D"}, {"maxAge": 1, "shares": 228381, "value": 511573, "filerUrl": "", "transactionText": "Acquisition at price 2.24 per share.", "filerName": "Palm Shelter Estate Development Pvt Ltd", "filerRelation": "Promoter", "moneyText": "", "startDate": "2020-12-03", "ownership": "D"}], "maxAge": 1}, "quoteType": {"exchange": "NSI", "quoteType": "EQUITY", "symbol": "CHALET.NS", "underlyingSymbol": "CHALET.NS", "shortName": "CHALET HOTELS LTD", "longName": "Chalet Hotels Limited", "firstTradeDateEpochUtc": "2019-02-07 09:15:00", "timeZoneFullName": "Asia/Kolkata", "timeZoneShortName": "IST", "uuid": "ead7456a-3170-3545-802b-65c6e236bc3a", "messageBoardId": "finmb_6071313", "gmtOffSetMilliseconds": 19800000, "maxAge": 1}, "incomeStatementHistory": {"incomeStatementHistory": [{"maxAge": 1, "endDate": "2020-03-31", "totalRevenue": 9984390000, "costOfRevenue": 3321260000, "grossProfit": 6663130000, "researchDevelopment": {}, "sellingGeneralAdministrative": 411250000, "nonRecurring": {}, "otherOperatingExpenses": 2590210000, "totalOperatingExpenses": 7457160000, "operatingIncome": 2527230000, "totalOtherIncomeExpenseNet": -1518750000, "ebit": 2527230000, "interestExpense": -1370740000, "incomeBeforeTax": 1008480000, "incomeTaxExpense": 12220000, "minorityInterest": -2700000, "netIncomeFromContinuingOps": 996260000, "discontinuedOperations": {}, "extraordinaryItems": {}, "effectOfAccountingCharges": {}, "otherItems": {}, "netIncome": 1026750000, "netIncomeApplicableToCommonShares": 1026750000}, {"maxAge": 1, "endDate": "2019-03-31", "totalRevenue": 10053560000, "costOfRevenue": 3436580000, "grossProfit": 6616980000, "researchDevelopment": {}, "sellingGeneralAdministrative": 392380000, "nonRecurring": {}, "otherOperatingExpenses": 2651020000, "totalOperatingExpenses": 7634320000, "operatingIncome": 2419240000, "totalOtherIncomeExpenseNet": -2602720000, "ebit": 2419240000, "interestExpense": -2326050000, "incomeBeforeTax": -183480000, "incomeTaxExpense": -107210000, "minorityInterest": 27790000, "netIncomeFromContinuingOps": -76270000, "discontinuedOperations": {}, "extraordinaryItems": {}, "effectOfAccountingCharges": {}, "otherItems": {}, "netIncome": -76270000, "netIncomeApplicableToCommonShares": -76270000}, {"maxAge": 1, "endDate": "2018-03-31", "totalRevenue": 8155800000, "costOfRevenue": 2677450000, "grossProfit": 5478350000, "researchDevelopment": {}, "sellingGeneralAdministrative": 405970000, "nonRecurring": {}, "otherOperatingExpenses": 2424070000, "totalOperatingExpenses": 6624340000, "operatingIncome": 1531460000, "totalOtherIncomeExpenseNet": -2979750000, "ebit": 1531460000, "interestExpense": -2076350000, "incomeBeforeTax": -1448290000, "incomeTaxExpense": -519540000, "minorityInterest": 27790000, "netIncomeFromContinuingOps": -928750000, "discontinuedOperations": {}, "extraordinaryItems": {}, "effectOfAccountingCharges": {}, "otherItems": {}, "netIncome": -928750000, "netIncomeApplicableToCommonShares": -928750000}, {"maxAge": 1, "endDate": "2017-03-31", "totalRevenue": 7373540000, "costOfRevenue": 2671780000, "grossProfit": 4701760000, "researchDevelopment": {}, "sellingGeneralAdministrative": 368690000, "nonRecurring": {}, "otherOperatingExpenses": 1866150000, "totalOperatingExpenses": 6176860000, "operatingIncome": 1196680000, "totalOtherIncomeExpenseNet": -405520000, "ebit": 1196680000, "interestExpense": -2137840000, "incomeBeforeTax": 791160000, "incomeTaxExpense": -483220000, "minorityInterest": 27790000, "netIncomeFromContinuingOps": 1274380000, "discontinuedOperations": {}, "extraordinaryItems": {}, "effectOfAccountingCharges": {}, "otherItems": {}, "netIncome": 1274380000, "netIncomeApplicableToCommonShares": 1274380000}], "maxAge": 86400}, "fundOwnership": {"maxAge": 1, "ownershipList": []}, "summaryDetail": {"maxAge": 1, "priceHint": 2, "previousClose": 141.8, "open": 141.05, "dayLow": 139.8, "dayHigh": 145.8, "regularMarketPreviousClose": 141.8, "regularMarketOpen": 141.05, "regularMarketDayLow": 139.8, "regularMarketDayHigh": 145.8, "payoutRatio": 0.0, "beta": 1.007631, "volume": 75405, "regularMarketVolume": 75405, "averageVolume": 254572, "averageVolume10days": 140549, "averageDailyVolume10Day": 140549, "bid": 0.0, "ask": 0.0, "bidSize": 0, "askSize": 0, "marketCap": 29390510080, "fiftyTwoWeekLow": 99.6, "fiftyTwoWeekHigh": 217.7, "priceToSalesTrailing12Months": 6.653998, "fiftyDayAverage": 149.46715, "twoHundredDayAverage": 162.46423, "currency": "INR", "fromCurrency": null, "toCurrency": null, "lastMarket": null, "algorithm": null, "tradeable": false}, "incomeStatementHistoryQuarterly": {"incomeStatementHistory": [{"maxAge": 1, "endDate": "2020-12-31", "totalRevenue": 916020000, "costOfRevenue": 460780000, "grossProfit": 455240000, "researchDevelopment": {}, "sellingGeneralAdministrative": {}, "nonRecurring": {}, "otherOperatingExpenses": 285840000, "totalOperatingExpenses": 1041230000, "operatingIncome": -125210000, "totalOtherIncomeExpenseNet": -384590000, "ebit": -125210000, "interestExpense": -374000000, "incomeBeforeTax": -509800000, "incomeTaxExpense": -199520000, "minorityInterest": {}, "netIncomeFromContinuingOps": -310280000, "discontinuedOperations": {}, "extraordinaryItems": {}, "effectOfAccountingCharges": {}, "otherItems": {}, "netIncome": -310180000, "netIncomeApplicableToCommonShares": -310180000}, {"maxAge": 1, "endDate": "2020-09-30", "totalRevenue": 641140000, "costOfRevenue": 361390000, "grossProfit": 279750000, "researchDevelopment": {}, "sellingGeneralAdministrative": {}, "nonRecurring": {}, "otherOperatingExpenses": 250020000, "totalOperatingExpenses": 908500000, "operatingIncome": -267360000, "totalOtherIncomeExpenseNet": -403650000, "ebit": -267360000, "interestExpense": -393070000, "incomeBeforeTax": -671010000, "incomeTaxExpense": -243530000, "minorityInterest": -2510000, "netIncomeFromContinuingOps": -427480000, "discontinuedOperations": {}, "extraordinaryItems": {}, "effectOfAccountingCharges": {}, "otherItems": {}, "netIncome": -427380000, "netIncomeApplicableToCommonShares": -427380000}, {"maxAge": 1, "endDate": "2020-06-30", "totalRevenue": 589400000, "costOfRevenue": 380320000, "grossProfit": 209080000, "researchDevelopment": {}, "sellingGeneralAdministrative": {}, "nonRecurring": {}, "otherOperatingExpenses": 206110000, "totalOperatingExpenses": 882610000, "operatingIncome": -293210000, "totalOtherIncomeExpenseNet": -411160000, "ebit": -293210000, "interestExpense": -400780000, "incomeBeforeTax": -704370000, "incomeTaxExpense": -310690000, "minorityInterest": -2510000, "netIncomeFromContinuingOps": -393680000, "discontinuedOperations": {}, "extraordinaryItems": {}, "effectOfAccountingCharges": {}, "otherItems": {}, "netIncome": -393590000, "netIncomeApplicableToCommonShares": -393590000}, {"maxAge": 1, "endDate": "2020-03-31", "totalRevenue": 2446590000, "costOfRevenue": 590320000, "grossProfit": 1856270000, "researchDevelopment": {}, "sellingGeneralAdministrative": 411250000, "nonRecurring": {}, "otherOperatingExpenses": 517080000, "totalOperatingExpenses": 1804800000, "operatingIncome": 641790000, "totalOtherIncomeExpenseNet": -593000000, "ebit": 641790000, "interestExpense": -305990000, "incomeBeforeTax": 48790000, "incomeTaxExpense": -372990000, "minorityInterest": -2700000, "netIncomeFromContinuingOps": 421780000, "discontinuedOperations": {}, "extraordinaryItems": {}, "effectOfAccountingCharges": {}, "otherItems": {}, "netIncome": 427770000, "netIncomeApplicableToCommonShares": 427770000}], "maxAge": 86400}, "cashflowStatementHistoryQuarterly": {"cashflowStatements": [{"maxAge": 1, "endDate": "2020-12-31", "netIncome": -310180000, "changeToLiabilities": 0}, {"maxAge": 1, "endDate": "2020-09-30", "netIncome": -427380000, "changeToLiabilities": 0}, {"maxAge": 1, "endDate": "2020-06-30", "netIncome": -393590000, "changeToLiabilities": 0}, {"maxAge": 1, "endDate": "2020-03-31", "netIncome": 427770000, "changeToLiabilities": 0}], "maxAge": 86400}, "insiderHolders": {"holders": [{"maxAge": 1, "name": "Genext Hardware & Parks Pvt. Ltd.", "relation": "UNREPORTED", "url": "", "transactionDescription": "Sale", "latestTransDate": "2021-03-25", "positionDirect": 800000, "positionDirectDate": "2021-03-25"}, {"maxAge": 1, "name": "Palm Shelter Estate Development Pvt Ltd", "relation": "Promoter", "url": "", "transactionDescription": "Acquisition", "latestTransDate": "2021-03-25", "positionDirect": 7692387, "positionDirectDate": "2021-03-25"}], "maxAge": 1}, "calendarEvents": {"maxAge": 1, "earnings": {"earningsDate": ["2021-02-09 05:30:S"]}}, "price": {"maxAge": 1, "regularMarketChangePercent": 0.009873018, "regularMarketChange": 1.3999939, "regularMarketTime": "2021-04-30 15:29:45", "priceHint": 2, "regularMarketPrice": 143.2, "regularMarketDayHigh": 145.8, "regularMarketDayLow": 139.8, "regularMarketVolume": 75405, "averageDailyVolume10Day": 140549, "averageDailyVolume3Month": 254572, "regularMarketPreviousClose": 141.8, "regularMarketSource": "FREE_REALTIME", "regularMarketOpen": 141.05, "exchange": "NSI", "exchangeName": "NSE", "exchangeDataDelayedBy": 15, "marketState": "CLOSED", "quoteType": "EQUITY", "symbol": "CHALET.NS", "underlyingSymbol": null, "shortName": "CHALET HOTELS LTD", "longName": "Chalet Hotels Limited", "currency": "INR", "quoteSourceName": "Delayed Quote", "currencySymbol": "\u20b9", "fromCurrency": null, "toCurrency": null, "lastMarket": null, "marketCap": 29390510080}, "balanceSheetHistory": {"balanceSheetStatements": [{"maxAge": 1, "endDate": "2020-03-31", "cash": 76420000, "shortTermInvestments": 1113660000, "netReceivables": 1050930000, "inventory": 3924090000, "otherCurrentAssets": 309270000, "totalCurrentAssets": 6577830000, "longTermInvestments": 116020000, "propertyPlantEquipment": 23666920000, "goodWill": 226110000, "intangibleAssets": 33690000, "otherAssets": 9507010000, "deferredLongTermAssetCharges": 852810000, "totalAssets": 40127580000, "accountsPayable": 1062030000, "shortLongTermDebt": 1966870000, "otherCurrentLiab": 3514560000, "longTermDebt": 16643840000, "otherLiab": 629220000, "deferredLongTermLiab": 27150000, "minorityInterest": -2700000, "totalCurrentLiabilities": 7311710000, "totalLiab": 24584770000, "commonStock": 2050240000, "retainedEarnings": 2740910000, "treasuryStock": 485170000, "capitalSurplus": 10269190000, "otherStockholderEquity": 485170000, "totalStockholderEquity": 15545510000, "netTangibleAssets": 15285710000}, {"maxAge": 1, "endDate": "2019-03-31", "cash": 400040000, "shortTermInvestments": 401440000, "netReceivables": 798200000, "inventory": 3954640000, "otherCurrentAssets": 351540000, "totalCurrentAssets": 5994090000, "longTermInvestments": 98160000, "propertyPlantEquipment": 20834620000, "goodWill": 226110000, "intangibleAssets": 6330000, "otherAssets": 8439480000, "deferredLongTermAssetCharges": 732400000, "totalAssets": 35598790000, "accountsPayable": 1217000000, "shortLongTermDebt": 1350090000, "otherCurrentLiab": 3497270000, "longTermDebt": 13392450000, "otherLiab": 701240000, "minorityInterest": 27790000, "totalCurrentLiabilities": 7250590000, "totalLiab": 21344280000, "commonStock": 2050240000, "retainedEarnings": 1725430000, "treasuryStock": 181860000, "capitalSurplus": 10269190000, "otherStockholderEquity": 181860000, "totalStockholderEquity": 14226720000, "netTangibleAssets": 13994280000}, {"maxAge": 1, "endDate": "2018-03-31", "cash": 295210000, "netReceivables": 3288770000, "inventory": 3115800000, "otherCurrentAssets": 281010000, "totalCurrentAssets": 7057370000, "longTermInvestments": 93170000, "propertyPlantEquipment": 21429000000, "goodWill": 226110000, "intangibleAssets": 18530000, "otherAssets": 8335790000, "deferredLongTermAssetCharges": 947390000, "totalAssets": 37159970000, "accountsPayable": 858800000, "shortLongTermDebt": 3467400000, "otherCurrentLiab": 2574650000, "longTermDebt": 22151530000, "otherLiab": 853970000, "totalCurrentLiabilities": 9199410000, "totalLiab": 32204910000, "commonStock": 1710950000, "retainedEarnings": 1454815000, "treasuryStock": 371165000, "capitalSurplus": 1418130000, "otherStockholderEquity": 371165000, "totalStockholderEquity": 4955060000, "netTangibleAssets": 4710420000}, {"maxAge": 1, "endDate": "2017-03-31", "cash": 228300000, "shortTermInvestments": 3110000, "netReceivables": 2404980000, "inventory": 4264020000, "otherCurrentAssets": 200690000, "totalCurrentAssets": 7184220000, "longTermInvestments": 3080000, "propertyPlantEquipment": 21975270000, "goodWill": 226110000, "intangibleAssets": 29780000, "otherAssets": 7961450000, "deferredLongTermAssetCharges": 981770000, "totalAssets": 37379910000, "accountsPayable": 846740000, "shortLongTermDebt": 2605520000, "otherCurrentLiab": 4335140000, "longTermDebt": 20505760000, "otherLiab": 896940000, "totalCurrentLiabilities": 11265470000, "totalLiab": 32668170000, "commonStock": 1521420000, "retainedEarnings": 1210063000, "treasuryStock": 562127000, "capitalSurplus": 1418130000, "otherStockholderEquity": 562127000, "totalStockholderEquity": 4711740000, "netTangibleAssets": 4455850000}], "maxAge": 86400}, "financialData": {"maxAge": 86400, "currentPrice": 143.2, "recommendationKey": "none", "totalCash": 517000000, "totalCashPerShare": 2.517, "ebitda": 895049984, "totalDebt": 19648860160, "totalRevenue": 4416970240, "debtToEquity": 133.416, "revenuePerShare": 21.56, "grossProfits": 6663130000, "revenueGrowth": -0.671, "grossMargins": 0.59411, "ebitdaMargins": 0.20264, "operatingMargins": -0.049850002, "profitMargins": -0.15923999, "financialCurrency": "INR"}}}