{"CHAMANSEQ.BO": {"recommendationTrend": {"trend": [{"period": "0m", "strongBuy": 0, "buy": 0, "hold": 0, "sell": 0, "strongSell": 0}, {"period": "-1m", "strongBuy": 0, "buy": 0, "hold": 0, "sell": 0, "strongSell": 0}, {"period": "-2m", "strongBuy": 0, "buy": 0, "hold": 0, "sell": 0, "strongSell": 0}, {"period": "-3m", "strongBuy": 0, "buy": 0, "hold": 0, "sell": 0, "strongSell": 0}], "maxAge": 86400}, "cashflowStatementHistory": {"cashflowStatements": [{"maxAge": 1, "endDate": "2020-03-31", "netIncome": 524745000, "depreciation": 48715000, "changeToNetincome": 59222000, "changeToAccountReceivables": 125349000, "changeToLiabilities": 180034000, "changeToInventory": -310043000, "changeToOperatingActivities": 64440000, "totalCashFromOperatingActivities": 692462000, "capitalExpenditures": -206985000, "otherCashflowsFromInvestingActivities": 7863000, "totalCashflowsFromInvestingActivities": -199122000, "dividendsPaid": -47783000, "netBorrowings": -382582000, "otherCashflowsFromFinancingActivities": -66226000, "totalCashFromFinancingActivities": -496591000, "changeInCash": -3251000}, {"maxAge": 1, "endDate": "2019-03-31", "netIncome": 344059000, "depreciation": 44035000, "changeToNetincome": 66102000, "changeToAccountReceivables": -257172000, "changeToLiabilities": -17570000, "changeToInventory": -300506000, "changeToOperatingActivities": -68246000, "totalCashFromOperatingActivities": -189298000, "capitalExpenditures": -91816000, "otherCashflowsFromInvestingActivities": 2630000, "totalCashflowsFromInvestingActivities": -47934000, "dividendsPaid": -26198000, "netBorrowings": 328485000, "otherCashflowsFromFinancingActivities": -71886000, "totalCashFromFinancingActivities": 230401000, "changeInCash": -6831000}, {"maxAge": 1, "endDate": "2018-03-31", "netIncome": 416526000, "depreciation": 40519000, "changeToNetincome": 74518000, "changeToAccountReceivables": -417046000, "changeToLiabilities": 16447000, "changeToInventory": -470489000, "changeToOperatingActivities": -126099000, "totalCashFromOperatingActivities": -465624000, "capitalExpenditures": -135952000, "otherCashflowsFromInvestingActivities": 1072000, "totalCashflowsFromInvestingActivities": -104515000, "dividendsPaid": -24905000, "netBorrowings": 298726000, "otherCashflowsFromFinancingActivities": -75743000, "totalCashFromFinancingActivities": 198078000, "changeInCash": -372061000}, {"maxAge": 1, "endDate": "2017-03-31", "netIncome": 385570000, "depreciation": 42680000, "changeToNetincome": -33219000, "changeToAccountReceivables": -151586000, "changeToLiabilities": 133655000, "changeToInventory": -555761000, "changeToOperatingActivities": -126099000, "totalCashFromOperatingActivities": -169145000, "capitalExpenditures": -56092000, "investments": 350000, "otherCashflowsFromInvestingActivities": 25425000, "totalCashflowsFromInvestingActivities": -30317000, "dividendsPaid": -24905000, "netBorrowings": 191270000, "otherCashflowsFromFinancingActivities": -4360000, "totalCashFromFinancingActivities": 186910000, "changeInCash": -12552000}], "maxAge": 86400}, "institutionOwnership": {"maxAge": 1, "ownershipList": []}, "balanceSheetHistoryQuarterly": {"balanceSheetStatements": [{"maxAge": 1, "endDate": "2020-06-30", "totalStockholderEquity": 2732611000, "netTangibleAssets": 2731886000}, {"maxAge": 1, "endDate": "2020-03-31", "cash": 151204000, "shortTermInvestments": 7713000, "netReceivables": 1092205000, "inventory": 2130833000, "otherCurrentAssets": 379780000, "totalCurrentAssets": 3764066000, "longTermInvestments": 3083000, "propertyPlantEquipment": 468453000, "intangibleAssets": 725000, "totalAssets": 4236327000, "accountsPayable": 226711000, "otherCurrentLiab": 582156000, "longTermDebt": 477907000, "otherLiab": 12929000, "totalCurrentLiabilities": 1012880000, "totalLiab": 1503716000, "commonStock": 103467000, "retainedEarnings": 2525228000, "treasuryStock": 733000, "capitalSurplus": 103183000, "otherStockholderEquity": 733000, "totalStockholderEquity": 2732611000, "netTangibleAssets": 2731886000}, {"maxAge": 1, "endDate": "2019-12-31", "totalStockholderEquity": 2379288000, "netTangibleAssets": 2378705000}, {"maxAge": 1, "endDate": "2019-09-30", "cash": 320721000, "shortTermInvestments": 732175000, "netReceivables": 912117000, "inventory": 516127000, "otherCurrentAssets": 535400000, "totalCurrentAssets": 3016540000, "longTermInvestments": 3082000, "propertyPlantEquipment": 437550000, "intangibleAssets": 583000, "totalAssets": 3457755000, "accountsPayable": 133083000, "otherCurrentLiab": 558825000, "longTermDebt": 369222000, "otherLiab": 12394000, "totalCurrentLiabilities": 696851000, "totalLiab": 1078467000, "commonStock": 103467000, "treasuryStock": 2275821000, "otherStockholderEquity": 2275821000, "totalStockholderEquity": 2379288000, "netTangibleAssets": 2378705000}], "maxAge": 86400}, "earningsHistory": {"history": [{"maxAge": 1, "epsActual": {}, "epsEstimate": {}, "epsDifference": {}, "surprisePercent": {}, "quarter": {}, "period": "-4q"}, {"maxAge": 1, "epsActual": {}, "epsEstimate": {}, "epsDifference": {}, "surprisePercent": {}, "quarter": {}, "period": "-3q"}, {"maxAge": 1, "epsActual": 2.59, "epsEstimate": 2.3, "epsDifference": 0.29, "surprisePercent": 0.126, "quarter": "2017-12-31", "period": "-2q"}, {"maxAge": 1, "epsActual": 1.78, "epsEstimate": 2.25, "epsDifference": -0.47, "surprisePercent": -0.20899999, "quarter": "2018-09-30", "period": "-1q"}], "maxAge": 86400}, "indexTrend": {"maxAge": 1, "symbol": "SP5", "peRatio": 19.7411, "pegRatio": 1.34172, "estimates": [{"period": "0q", "growth": 0.549}, {"period": "+1q", "growth": 0.431}, {"period": "0y", "growth": 0.305}, {"period": "+1y", "growth": 0.109}, {"period": "+5y", "growth": 0.120859005}, {"period": "-5y"}]}, "industryTrend": {"maxAge": 1, "symbol": null, "estimates": []}, "insiderTransactions": {"transactions": [{"maxAge": 1, "shares": 564, "filerUrl": "", "transactionText": "", "filerName": "Setia (Sukran)", "filerRelation": "Wholetime Director", "moneyText": "", "startDate": "2019-09-27", "ownership": "D"}, {"maxAge": 1, "shares": 11000, "filerUrl": "", "transactionText": "", "filerName": "Setia (Sukran)", "filerRelation": "Wholetime Director", "moneyText": "", "startDate": "2019-09-20", "ownership": "D"}], "maxAge": 1}, "quoteType": {"exchange": "BSE", "quoteType": "EQUITY", "symbol": "CHAMANSEQ.BO", "underlyingSymbol": "CHAMANSEQ.BO", "shortName": "CHAMAN LAL SETIA EXPORTS LTD.", "longName": "Chaman Lal Setia Exports Ltd.", "firstTradeDateEpochUtc": "2001-08-29 09:15:00", "timeZoneFullName": "Asia/Kolkata", "timeZoneShortName": "IST", "uuid": "565f3764-c66f-37e0-a51f-92f80c75ed56", "messageBoardId": null, "gmtOffSetMilliseconds": 19800000, "maxAge": 1}, "incomeStatementHistory": {"incomeStatementHistory": [{"maxAge": 1, "endDate": "2020-03-31", "totalRevenue": 7976934000, "costOfRevenue": 5934966000, "grossProfit": 2041968000, "researchDevelopment": {}, "sellingGeneralAdministrative": 139678000, "nonRecurring": {}, "otherOperatingExpenses": 1108774000, "totalOperatingExpenses": 7232133000, "operatingIncome": 744801000, "totalOtherIncomeExpenseNet": -43556000, "ebit": 744801000, "interestExpense": -57275000, "incomeBeforeTax": 701245000, "incomeTaxExpense": 176500000, "minorityInterest": {}, "netIncomeFromContinuingOps": 524745000, "discontinuedOperations": {}, "extraordinaryItems": {}, "effectOfAccountingCharges": {}, "otherItems": {}, "netIncome": 524745000, "netIncomeApplicableToCommonShares": 524745000}, {"maxAge": 1, "endDate": "2019-03-31", "totalRevenue": 7649924000, "costOfRevenue": 5898073000, "grossProfit": 1751851000, "researchDevelopment": {}, "sellingGeneralAdministrative": 138023000, "nonRecurring": {}, "otherOperatingExpenses": 979844000, "totalOperatingExpenses": 7059975000, "operatingIncome": 589949000, "totalOtherIncomeExpenseNet": -61090000, "ebit": 589949000, "interestExpense": -66167000, "incomeBeforeTax": 528859000, "incomeTaxExpense": 184800000, "minorityInterest": {}, "netIncomeFromContinuingOps": 344059000, "discontinuedOperations": {}, "extraordinaryItems": {}, "effectOfAccountingCharges": {}, "otherItems": {}, "netIncome": 344059000, "netIncomeApplicableToCommonShares": 344059000}, {"maxAge": 1, "endDate": "2018-03-31", "totalRevenue": 7465626000, "costOfRevenue": 5801869000, "grossProfit": 1663757000, "researchDevelopment": {}, "sellingGeneralAdministrative": 142996000, "nonRecurring": {}, "otherOperatingExpenses": 820857000, "totalOperatingExpenses": 6806241000, "operatingIncome": 659385000, "totalOtherIncomeExpenseNet": -58850000, "ebit": 659385000, "interestExpense": -60025000, "incomeBeforeTax": 600535000, "incomeTaxExpense": 184009000, "minorityInterest": {}, "netIncomeFromContinuingOps": 416526000, "discontinuedOperations": {}, "extraordinaryItems": {}, "effectOfAccountingCharges": {}, "otherItems": {}, "netIncome": 416526000, "netIncomeApplicableToCommonShares": 416526000}, {"maxAge": 1, "endDate": "2017-03-31", "totalRevenue": 4933173000, "costOfRevenue": 3413444000, "grossProfit": 1519729000, "researchDevelopment": {}, "sellingGeneralAdministrative": 144979000, "nonRecurring": {}, "otherOperatingExpenses": 727025000, "totalOperatingExpenses": 4328128000, "operatingIncome": 605045000, "totalOtherIncomeExpenseNet": -23835000, "ebit": 605045000, "interestExpense": -33363000, "incomeBeforeTax": 581210000, "incomeTaxExpense": 195640000, "minorityInterest": {}, "netIncomeFromContinuingOps": 385570000, "discontinuedOperations": {}, "extraordinaryItems": {}, "effectOfAccountingCharges": {}, "otherItems": {}, "netIncome": 385570000, "netIncomeApplicableToCommonShares": 385570000}], "maxAge": 86400}, "fundOwnership": {"maxAge": 1, "ownershipList": []}, "summaryDetail": {"maxAge": 1, "priceHint": 2, "previousClose": 87.25, "open": 87.7, "dayLow": 85.45, "dayHigh": 93.0, "regularMarketPreviousClose": 87.25, "regularMarketOpen": 87.7, "regularMarketDayLow": 85.45, "regularMarketDayHigh": 93.0, "trailingPE": 6.596489, "forwardPE": 9.146465, "volume": 126543, "regularMarketVolume": 126543, "averageVolume": 62280, "averageVolume10days": 46581, "averageDailyVolume10Day": 46581, "bid": 90.55, "ask": 91.8, "bidSize": 0, "askSize": 0, "marketCap": 4684477440, "fiftyTwoWeekLow": 24.35, "fiftyTwoWeekHigh": 114.4, "fiftyDayAverage": 84.31715, "twoHundredDayAverage": 89.736496, "trailingAnnualDividendRate": 0.5, "trailingAnnualDividendYield": 0.0057306592, "currency": "INR", "fromCurrency": null, "toCurrency": null, "lastMarket": null, "algorithm": null, "tradeable": false}, "sectorTrend": {"maxAge": 1, "symbol": null, "estimates": []}, "incomeStatementHistoryQuarterly": {"incomeStatementHistory": [{"maxAge": 1, "endDate": "2020-06-30", "totalRevenue": 2439181000, "costOfRevenue": 1817814000, "grossProfit": 621367000, "researchDevelopment": {}, "sellingGeneralAdministrative": 27352000, "nonRecurring": {}, "otherOperatingExpenses": 234429000, "totalOperatingExpenses": 2091395000, "operatingIncome": 347786000, "totalOtherIncomeExpenseNet": -13716000, "ebit": 347786000, "interestExpense": -13722000, "incomeBeforeTax": 334070000, "incomeTaxExpense": 84065000, "minorityInterest": {}, "netIncomeFromContinuingOps": 250005000, "discontinuedOperations": {}, "extraordinaryItems": {}, "effectOfAccountingCharges": {}, "otherItems": {}, "netIncome": 250005000, "netIncomeApplicableToCommonShares": 250005000}, {"maxAge": 1, "endDate": "2020-03-31", "totalRevenue": 2231492000, "costOfRevenue": 1496574000, "grossProfit": 734918000, "researchDevelopment": {}, "sellingGeneralAdministrative": 60844000, "nonRecurring": {}, "otherOperatingExpenses": 325300000, "totalOperatingExpenses": 1900353000, "operatingIncome": 331139000, "totalOtherIncomeExpenseNet": -56164000, "ebit": 331139000, "interestExpense": -5359000, "incomeBeforeTax": 274975000, "incomeTaxExpense": 69413000, "minorityInterest": {}, "netIncomeFromContinuingOps": 205562000, "discontinuedOperations": {}, "extraordinaryItems": {}, "effectOfAccountingCharges": {}, "otherItems": {}, "netIncome": 205562000, "netIncomeApplicableToCommonShares": 205562000}, {"maxAge": 1, "endDate": "2019-12-31", "totalRevenue": 1912285000, "costOfRevenue": 1391390000, "grossProfit": 520895000, "researchDevelopment": {}, "sellingGeneralAdministrative": 22747000, "nonRecurring": {}, "otherOperatingExpenses": 311661000, "totalOperatingExpenses": 1735898000, "operatingIncome": 176387000, "totalOtherIncomeExpenseNet": 44258000, "ebit": 176387000, "interestExpense": -15834000, "incomeBeforeTax": 220645000, "incomeTaxExpense": 55037000, "minorityInterest": {}, "netIncomeFromContinuingOps": 165608000, "discontinuedOperations": {}, "extraordinaryItems": {}, "effectOfAccountingCharges": {}, "otherItems": {}, "netIncome": 165608000, "netIncomeApplicableToCommonShares": 165608000}, {"maxAge": 1, "endDate": "2019-09-30", "totalRevenue": 1764134000, "costOfRevenue": 1381291000, "grossProfit": 382843000, "researchDevelopment": {}, "sellingGeneralAdministrative": 24925000, "nonRecurring": {}, "otherOperatingExpenses": 230524000, "totalOperatingExpenses": 1647620000, "operatingIncome": 116514000, "totalOtherIncomeExpenseNet": -10670000, "ebit": 116514000, "interestExpense": -14938000, "incomeBeforeTax": 105844000, "incomeTaxExpense": 17370000, "minorityInterest": {}, "netIncomeFromContinuingOps": 88474000, "discontinuedOperations": {}, "extraordinaryItems": {}, "effectOfAccountingCharges": {}, "otherItems": {}, "netIncome": 88474000, "netIncomeApplicableToCommonShares": 88474000}], "maxAge": 86400}, "cashflowStatementHistoryQuarterly": {"cashflowStatements": [{"maxAge": 1, "endDate": "2020-06-30", "netIncome": 250005000, "changeToLiabilities": 0}, {"maxAge": 1, "endDate": "2020-03-31", "netIncome": 205562000, "changeToLiabilities": 0}, {"maxAge": 1, "endDate": "2019-12-31", "netIncome": 165608000, "changeToLiabilities": 0}, {"maxAge": 1, "endDate": "2019-09-30", "netIncome": 88474000, "changeToLiabilities": 0}], "maxAge": 86400}, "insiderHolders": {"holders": [{"maxAge": 1, "name": "Setia (Sukran)", "relation": "Wholetime Director", "url": "", "transactionDescription": "Acquisition", "latestTransDate": "2019-09-27", "positionDirect": 56029, "positionDirectDate": "2019-09-27"}], "maxAge": 1}, "earnings": {"maxAge": 86400, "earningsChart": {"quarterly": [{"date": "4Q2017", "actual": 2.59, "estimate": 2.3}, {"date": "3Q2018", "actual": 1.78, "estimate": 2.25}], "currentQuarterEstimateDate": "4Q", "currentQuarterEstimateYear": 2018, "earningsDate": []}, "financialsChart": {"yearly": [{"date": 2017, "revenue": 4933173000, "earnings": 385570000}, {"date": 2018, "revenue": 7465626000, "earnings": 416526000}, {"date": 2019, "revenue": 7649924000, "earnings": 344059000}, {"date": 2020, "revenue": 7976934000, "earnings": 524745000}], "quarterly": [{"date": "3Q2019", "revenue": 1764134000, "earnings": 88474000}, {"date": "4Q2019", "revenue": 1912285000, "earnings": 165608000}, {"date": "1Q2020", "revenue": 2231492000, "earnings": 205562000}, {"date": "2Q2020", "revenue": 2439181000, "earnings": 250005000}]}, "financialCurrency": "INR"}, "calendarEvents": {"maxAge": 1, "earnings": {"earningsDate": []}}, "price": {"maxAge": 1, "regularMarketChangePercent": 0.037822384, "regularMarketChange": 3.300003, "regularMarketTime": "2021-04-30 15:28:53", "priceHint": 2, "regularMarketPrice": 90.55, "regularMarketDayHigh": 93.0, "regularMarketDayLow": 85.45, "regularMarketVolume": 126543, "averageDailyVolume10Day": 46581, "averageDailyVolume3Month": 62280, "regularMarketPreviousClose": 87.25, "regularMarketSource": "FREE_REALTIME", "regularMarketOpen": 87.7, "exchange": "BSE", "exchangeName": "BSE", "exchangeDataDelayedBy": 0, "marketState": "CLOSED", "quoteType": "EQUITY", "symbol": "CHAMANSEQ.BO", "underlyingSymbol": null, "shortName": "CHAMAN LAL SETIA EXPORTS LTD.", "longName": "Chaman Lal Setia Exports Ltd.", "currency": "INR", "quoteSourceName": "Delayed Quote", "currencySymbol": "\u20b9", "fromCurrency": null, "toCurrency": null, "lastMarket": null, "marketCap": 4684477440}, "balanceSheetHistory": {"balanceSheetStatements": [{"maxAge": 1, "endDate": "2020-03-31", "cash": 151204000, "shortTermInvestments": 7713000, "netReceivables": 1092205000, "inventory": 2130833000, "otherCurrentAssets": 379780000, "totalCurrentAssets": 3764066000, "longTermInvestments": 3083000, "propertyPlantEquipment": 468453000, "intangibleAssets": 725000, "totalAssets": 4236327000, "accountsPayable": 226711000, "otherCurrentLiab": 582156000, "longTermDebt": 477907000, "otherLiab": 12929000, "totalCurrentLiabilities": 1012880000, "totalLiab": 1503716000, "commonStock": 103467000, "retainedEarnings": 2525228000, "treasuryStock": 733000, "capitalSurplus": 103183000, "otherStockholderEquity": 733000, "totalStockholderEquity": 2732611000, "netTangibleAssets": 2731886000}, {"maxAge": 1, "endDate": "2019-03-31", "cash": 27667000, "shortTermInvestments": 130164000, "netReceivables": 1237050000, "inventory": 1820790000, "otherCurrentAssets": 426835000, "totalCurrentAssets": 3647064000, "longTermInvestments": 3112000, "propertyPlantEquipment": 310325000, "intangibleAssets": 583000, "otherAssets": 3112000, "totalAssets": 3961084000, "accountsPayable": 118700000, "otherCurrentLiab": 510042000, "longTermDebt": 453054000, "otherLiab": 12099000, "totalCurrentLiabilities": 1240281000, "totalLiab": 1705434000, "commonStock": 103467000, "retainedEarnings": 2048267000, "treasuryStock": 733000, "capitalSurplus": 103183000, "otherStockholderEquity": 733000, "totalStockholderEquity": 2255650000, "netTangibleAssets": 2255067000}, {"maxAge": 1, "endDate": "2018-03-31", "cash": 111239000, "shortTermInvestments": 127473000, "netReceivables": 867667000, "inventory": 1520284000, "otherCurrentAssets": 398749000, "totalCurrentAssets": 3027927000, "longTermInvestments": 2004000, "propertyPlantEquipment": 303512000, "otherAssets": 2004000, "totalAssets": 3333443000, "accountsPayable": 77118000, "otherCurrentLiab": 568382000, "longTermDebt": 362089000, "otherLiab": 9319000, "totalCurrentLiabilities": 1020331000, "totalLiab": 1391739000, "commonStock": 103467000, "retainedEarnings": 1734321000, "treasuryStock": 733000, "capitalSurplus": 103183000, "otherStockholderEquity": 733000, "totalStockholderEquity": 1941704000, "netTangibleAssets": 1941704000}, {"maxAge": 1, "endDate": "2017-03-31", "cash": 482780000, "shortTermInvestments": 1393000, "netReceivables": 337114000, "inventory": 1049795000, "otherCurrentAssets": 408573000, "totalCurrentAssets": 2283617000, "propertyPlantEquipment": 237759000, "intangibleAssets": 687000, "otherAssets": 2438000, "totalAssets": 2524501000, "accountsPayable": 12039000, "otherCurrentLiab": 540382000, "longTermDebt": 315317000, "otherLiab": 9905000, "totalCurrentLiabilities": 721725000, "totalLiab": 1046947000, "commonStock": 103467000, "retainedEarnings": 1270171000, "treasuryStock": 733000, "capitalSurplus": 103183000, "otherStockholderEquity": 733000, "totalStockholderEquity": 1477554000, "netTangibleAssets": 1476867000}], "maxAge": 86400}, "earningsTrend": {"trend": [{"maxAge": 1, "period": "0q", "endDate": "2018-12-31", "growth": {}, "earningsEstimate": {"avg": 0.0, "low": 0.0, "high": 0.0, "yearAgoEps": {}, "numberOfAnalysts": 0, "growth": {}}, "revenueEstimate": {"avg": 0, "low": 0, "high": 0, "numberOfAnalysts": 0, "yearAgoRevenue": {}, "growth": {}}, "epsTrend": {"current": 0.0, "7daysAgo": 0.0, "30daysAgo": 0.0, "60daysAgo": 0.0, "90daysAgo": 0.0}, "epsRevisions": {"upLast7days": 0, "upLast30days": 0, "downLast30days": 0, "downLast90days": {}}}, {"maxAge": 1, "period": "+1q", "endDate": "2019-03-31", "growth": {}, "earningsEstimate": {"avg": 0.0, "low": 0.0, "high": 0.0, "yearAgoEps": {}, "numberOfAnalysts": 0, "growth": {}}, "revenueEstimate": {"avg": 0, "low": 0, "high": 0, "numberOfAnalysts": 0, "yearAgoRevenue": {}, "growth": {}}, "epsTrend": {"current": 0.0, "7daysAgo": 0.0, "30daysAgo": 0.0, "60daysAgo": 0.0, "90daysAgo": 0.0}, "epsRevisions": {"upLast7days": 0, "upLast30days": 0, "downLast30days": 0, "downLast90days": {}}}, {"maxAge": 1, "period": "0y", "endDate": "2019-03-31", "growth": {}, "earningsEstimate": {"avg": 0.0, "low": 0.0, "high": 0.0, "yearAgoEps": {}, "numberOfAnalysts": 0, "growth": {}}, "revenueEstimate": {"avg": 8361500000, "low": 8361500000, "high": 8361500000, "numberOfAnalysts": 1, "yearAgoRevenue": 7465630000, "growth": 0.12}, "epsTrend": {"current": 0.0, "7daysAgo": 8.77, "30daysAgo": 8.77, "60daysAgo": 8.77, "90daysAgo": 8.77}, "epsRevisions": {"upLast7days": 0, "upLast30days": 0, "downLast30days": 0, "downLast90days": {}}}, {"maxAge": 1, "period": "+1y", "endDate": "2020-03-31", "growth": {}, "earningsEstimate": {"avg": 0.0, "low": 0.0, "high": 0.0, "yearAgoEps": {}, "numberOfAnalysts": 0, "growth": {}}, "revenueEstimate": {"avg": 9532110000, "low": 9532110000, "high": 9532110000, "numberOfAnalysts": 1, "yearAgoRevenue": 8361500000, "growth": 0.14}, "epsTrend": {"current": 0.0, "7daysAgo": 9.9, "30daysAgo": 9.9, "60daysAgo": 9.9, "90daysAgo": 9.9}, "epsRevisions": {"upLast7days": 0, "upLast30days": 0, "downLast30days": 0, "downLast90days": {}}}, {"maxAge": 1, "period": "+5y", "endDate": null, "growth": {}, "earningsEstimate": {"avg": {}, "low": {}, "high": {}, "yearAgoEps": {}, "numberOfAnalysts": {}, "growth": {}}, "revenueEstimate": {"avg": {}, "low": {}, "high": {}, "numberOfAnalysts": {}, "yearAgoRevenue": {}, "growth": {}}, "epsTrend": {"current": {}, "7daysAgo": {}, "30daysAgo": {}, "60daysAgo": {}, "90daysAgo": {}}, "epsRevisions": {"upLast7days": {}, "upLast30days": {}, "downLast30days": {}, "downLast90days": {}}}, {"maxAge": 1, "period": "-5y", "endDate": null, "growth": {}, "earningsEstimate": {"avg": {}, "low": {}, "high": {}, "yearAgoEps": {}, "numberOfAnalysts": {}, "growth": {}}, "revenueEstimate": {"avg": {}, "low": {}, "high": {}, "numberOfAnalysts": {}, "yearAgoRevenue": {}, "growth": {}}, "epsTrend": {"current": {}, "7daysAgo": {}, "30daysAgo": {}, "60daysAgo": {}, "90daysAgo": {}}, "epsRevisions": {"upLast7days": {}, "upLast30days": {}, "downLast30days": {}, "downLast90days": {}}}], "maxAge": 1}, "financialData": {"maxAge": 86400, "currentPrice": 90.55, "targetHighPrice": 43.0, "targetLowPrice": 43.0, "targetMeanPrice": 43.0, "targetMedianPrice": 43.0, "recommendationKey": "none", "numberOfAnalystOpinions": 1, "grossProfits": 2041968000, "financialCurrency": "INR"}}}