{"CHANDRAP.BO": {"cashflowStatementHistory": {"cashflowStatements": [{"maxAge": 1, "endDate": "2020-03-31", "netIncome": 19059014, "depreciation": 959397, "changeToNetincome": 10870916, "changeToAccountReceivables": 11583665, "changeToLiabilities": 63681384, "changeToInventory": -19936095, "changeToOperatingActivities": -44312232, "totalCashFromOperatingActivities": 41317381, "investments": 5000000, "otherCashflowsFromInvestingActivities": 325971, "totalCashflowsFromInvestingActivities": 5581042, "dividendsPaid": -1849000, "netBorrowings": -36541251, "otherCashflowsFromFinancingActivities": -8100631, "totalCashFromFinancingActivities": -46490882, "changeInCash": 407541}, {"maxAge": 1, "endDate": "2019-03-31", "netIncome": 33642458, "depreciation": 2011476, "changeToNetincome": 18609291, "changeToAccountReceivables": -67792225, "changeToLiabilities": -41237147, "changeToInventory": 110451048, "changeToOperatingActivities": -51405422, "totalCashFromOperatingActivities": 4868147, "capitalExpenditures": -150047, "investments": 5000000, "otherCashflowsFromInvestingActivities": 240950, "totalCashflowsFromInvestingActivities": 256285, "dividendsPaid": -1849000, "netBorrowings": -36541251, "otherCashflowsFromFinancingActivities": -8790987, "totalCashFromFinancingActivities": -8790987, "effectOfExchangeRate": -1738085, "changeInCash": -5404640}, {"maxAge": 1, "endDate": "2018-03-31", "netIncome": -40839459, "depreciation": 1955876, "changeToNetincome": -7720800, "changeToAccountReceivables": 62632976, "changeToLiabilities": -25310466, "changeToInventory": -36184299, "changeToOperatingActivities": 61965960, "totalCashFromOperatingActivities": 13949788, "capitalExpenditures": -10084620, "investments": 5000000, "otherCashflowsFromInvestingActivities": 732868, "totalCashflowsFromInvestingActivities": -9351752, "dividendsPaid": -1849000, "netBorrowings": -36541251, "otherCashflowsFromFinancingActivities": -10889189, "totalCashFromFinancingActivities": -10889189, "effectOfExchangeRate": 2744632, "changeInCash": -3546521}, {"maxAge": 1, "endDate": "2017-03-31", "netIncome": 7464200, "depreciation": 1959333, "changeToNetincome": -12208965, "changeToAccountReceivables": 14401643, "changeToLiabilities": -54396844, "changeToInventory": -47423543, "changeToOperatingActivities": 59441556, "totalCashFromOperatingActivities": -29362620, "capitalExpenditures": -68800, "investments": 14384268, "otherCashflowsFromInvestingActivities": 7716368, "totalCashflowsFromInvestingActivities": 22031836, "dividendsPaid": -1849000, "netBorrowings": -36541251, "otherCashflowsFromFinancingActivities": -7236917, "totalCashFromFinancingActivities": -7236917, "effectOfExchangeRate": 1999895, "changeInCash": -12567806}], "maxAge": 86400}, "institutionOwnership": {"maxAge": 1, "ownershipList": []}, "balanceSheetHistoryQuarterly": {"balanceSheetStatements": [{"maxAge": 1, "endDate": "2020-09-30", "cash": 250000, "shortTermInvestments": 5776000, "netReceivables": 172456000, "inventory": 96374000, "otherCurrentAssets": 88546000, "totalCurrentAssets": 363402000, "propertyPlantEquipment": 2274000, "otherAssets": 7258000, "deferredLongTermAssetCharges": 4111000, "totalAssets": 372934000, "accountsPayable": 115577000, "otherCurrentLiab": 30887000, "otherLiab": 455000, "totalCurrentLiabilities": 235565000, "totalLiab": 236020000, "commonStock": 36980000, "treasuryStock": 99934000, "otherStockholderEquity": 99934000, "totalStockholderEquity": 136914000, "netTangibleAssets": 136914000}, {"maxAge": 1, "endDate": "2020-06-30", "totalStockholderEquity": 135116000, "netTangibleAssets": 135116000}, {"maxAge": 1, "endDate": "2020-03-31", "cash": 2167513, "netReceivables": 151640980, "inventory": 68905059, "otherCurrentAssets": 57234405, "totalCurrentAssets": 279947957, "propertyPlantEquipment": 2624389, "otherAssets": 7210016, "deferredLongTermAssetCharges": 4111429, "totalAssets": 289782362, "accountsPayable": 63716054, "shortLongTermDebt": 425585, "otherCurrentLiab": 13906189, "otherLiab": 454691, "totalCurrentLiabilities": 154211301, "totalLiab": 154665992, "commonStock": 36980000, "retainedEarnings": 98182544, "treasuryStock": -46174, "otherStockholderEquity": -46174, "totalStockholderEquity": 135116370, "netTangibleAssets": 135116370}, {"maxAge": 1, "endDate": "2019-12-31", "totalStockholderEquity": 130949000, "netTangibleAssets": 130125000}], "maxAge": 86400}, "indexTrend": {"maxAge": 1, "symbol": "SP5", "peRatio": 19.7411, "pegRatio": 1.34172, "estimates": [{"period": "0q", "growth": 0.549}, {"period": "+1q", "growth": 0.431}, {"period": "0y", "growth": 0.305}, {"period": "+1y", "growth": 0.109}, {"period": "+5y", "growth": 0.120859005}, {"period": "-5y"}]}, "insiderTransactions": {"transactions": [{"maxAge": 1, "shares": 345000, "filerUrl": "", "transactionText": "", "filerName": "Jain (Akash)", "filerRelation": "Promoter", "moneyText": "", "startDate": "2020-03-16", "ownership": "D"}, {"maxAge": 1, "shares": 435002, "filerUrl": "", "transactionText": "", "filerName": "Jain (Hemlata)", "filerRelation": "Director", "moneyText": "", "startDate": "2020-03-16", "ownership": "D"}, {"maxAge": 1, "shares": 90002, "filerUrl": "", "transactionText": "", "filerName": "Jain (Sheetal)", "filerRelation": "Promoter", "moneyText": "", "startDate": "2020-03-16", "ownership": "D"}], "maxAge": 1}, "quoteType": {"exchange": "BSE", "quoteType": "EQUITY", "symbol": "CHANDRAP.BO", "underlyingSymbol": "CHANDRAP.BO", "shortName": "CHANDRA PRABHU INTERNATIONAL L", "longName": "Chandra Prabhu International Ltd.", "firstTradeDateEpochUtc": "2002-04-29 09:15:00", "timeZoneFullName": "Asia/Kolkata", "timeZoneShortName": "IST", "uuid": "fed43551-f272-346a-901a-c0619ec0864f", "messageBoardId": null, "gmtOffSetMilliseconds": 19800000, "maxAge": 1}, "incomeStatementHistory": {"incomeStatementHistory": [{"maxAge": 1, "endDate": "2020-03-31", "totalRevenue": 1191325972, "costOfRevenue": 1112968959, "grossProfit": 78357013, "researchDevelopment": {}, "sellingGeneralAdministrative": 6198083, "nonRecurring": {}, "otherOperatingExpenses": 36434701, "totalOperatingExpenses": 1156765455, "operatingIncome": 34560517, "totalOtherIncomeExpenseNet": -8503267, "ebit": 34560517, "interestExpense": -4386696, "incomeBeforeTax": 26057250, "incomeTaxExpense": 6998236, "minorityInterest": {}, "netIncomeFromContinuingOps": 19059014, "discontinuedOperations": {}, "extraordinaryItems": {}, "effectOfAccountingCharges": {}, "otherItems": {}, "netIncome": 19059014, "netIncomeApplicableToCommonShares": 19059014}, {"maxAge": 1, "endDate": "2019-03-31", "totalRevenue": 911273432, "costOfRevenue": 833564640, "grossProfit": 77708792, "researchDevelopment": {}, "sellingGeneralAdministrative": 7443560, "nonRecurring": {}, "otherOperatingExpenses": 14206673, "totalOperatingExpenses": 857226349, "operatingIncome": 54047083, "totalOtherIncomeExpenseNet": -12071299, "ebit": 54047083, "interestExpense": -9206813, "incomeBeforeTax": 41975784, "incomeTaxExpense": 8333326, "minorityInterest": {}, "netIncomeFromContinuingOps": 33642458, "discontinuedOperations": {}, "extraordinaryItems": {}, "effectOfAccountingCharges": {}, "otherItems": {}, "netIncome": 33642458, "netIncomeApplicableToCommonShares": 33642458}, {"maxAge": 1, "endDate": "2018-03-31", "totalRevenue": 663403666, "costOfRevenue": 689755373, "grossProfit": -26351707, "researchDevelopment": {}, "sellingGeneralAdministrative": 7059173, "nonRecurring": {}, "otherOperatingExpenses": 10269214, "totalOperatingExpenses": 709039636, "operatingIncome": -45635970, "totalOtherIncomeExpenseNet": -10481557, "ebit": -45635970, "interestExpense": -12839217, "incomeBeforeTax": -56117527, "incomeTaxExpense": -15278068, "minorityInterest": {}, "netIncomeFromContinuingOps": -40839459, "discontinuedOperations": {}, "extraordinaryItems": {}, "effectOfAccountingCharges": {}, "otherItems": {}, "netIncome": -40839459, "netIncomeApplicableToCommonShares": -40839459}, {"maxAge": 1, "endDate": "2017-03-31", "totalRevenue": 372375654, "costOfRevenue": 351946201, "grossProfit": 20429453, "researchDevelopment": {}, "sellingGeneralAdministrative": 6824376, "nonRecurring": {}, "otherOperatingExpenses": 8237850, "totalOperatingExpenses": 368967760, "operatingIncome": 3407894, "totalOtherIncomeExpenseNet": 5669607, "ebit": 3407894, "interestExpense": -7677540, "incomeBeforeTax": 9077501, "incomeTaxExpense": 1613301, "minorityInterest": {}, "netIncomeFromContinuingOps": 7464200, "discontinuedOperations": {}, "extraordinaryItems": {}, "effectOfAccountingCharges": {}, "otherItems": {}, "netIncome": 7464200, "netIncomeApplicableToCommonShares": 7464200}], "maxAge": 86400}, "fundOwnership": {"maxAge": 1, "ownershipList": []}, "summaryDetail": {"maxAge": 1, "priceHint": 2, "previousClose": 32.6, "open": 34.1, "dayLow": 34.1, "dayHigh": 34.15, "regularMarketPreviousClose": 32.6, "regularMarketOpen": 34.1, "regularMarketDayLow": 34.1, "regularMarketDayHigh": 34.15, "trailingPE": 16.207878, "volume": 200, "regularMarketVolume": 200, "averageVolume": 7348, "averageVolume10days": 17165, "averageDailyVolume10Day": 17165, "bid": 31.05, "ask": 34.15, "bidSize": 0, "askSize": 0, "marketCap": 126286704, "fiftyTwoWeekLow": 12.8, "fiftyTwoWeekHigh": 34.15, "fiftyDayAverage": 24.287144, "twoHundredDayAverage": 20.637957, "trailingAnnualDividendRate": 0.5, "trailingAnnualDividendYield": 0.015337424, "currency": "INR", "fromCurrency": null, "toCurrency": null, "lastMarket": null, "algorithm": null, "tradeable": false}, "incomeStatementHistoryQuarterly": {"incomeStatementHistory": [{"maxAge": 1, "endDate": "2020-09-30", "totalRevenue": 355592000, "costOfRevenue": 324917000, "grossProfit": 30675000, "researchDevelopment": {}, "sellingGeneralAdministrative": 943000, "nonRecurring": {}, "otherOperatingExpenses": 15848000, "totalOperatingExpenses": 341871000, "operatingIncome": 13721000, "totalOtherIncomeExpenseNet": -2708000, "ebit": 13721000, "interestExpense": -2829000, "incomeBeforeTax": 11013000, "incomeTaxExpense": 800000, "minorityInterest": {}, "netIncomeFromContinuingOps": 10213000, "discontinuedOperations": {}, "extraordinaryItems": {}, "effectOfAccountingCharges": {}, "otherItems": {}, "netIncome": 10213000, "netIncomeApplicableToCommonShares": 10213000}, {"maxAge": 1, "endDate": "2020-06-30", "totalRevenue": 426071000, "costOfRevenue": 426443000, "grossProfit": -372000, "researchDevelopment": {}, "sellingGeneralAdministrative": 637000, "nonRecurring": {}, "otherOperatingExpenses": 7185000, "totalOperatingExpenses": 434427000, "operatingIncome": -8356000, "totalOtherIncomeExpenseNet": -59000, "ebit": -8356000, "interestExpense": -63000, "incomeBeforeTax": -8415000, "incomeTaxExpense": 0, "minorityInterest": {}, "netIncomeFromContinuingOps": -8415000, "discontinuedOperations": {}, "extraordinaryItems": {}, "effectOfAccountingCharges": {}, "otherItems": {}, "netIncome": -8415000, "netIncomeApplicableToCommonShares": -8415000}, {"maxAge": 1, "endDate": "2020-03-31", "totalRevenue": 372974972, "costOfRevenue": 322418959, "grossProfit": 50556013, "researchDevelopment": {}, "sellingGeneralAdministrative": 3155083, "nonRecurring": {}, "otherOperatingExpenses": 13244701, "totalOperatingExpenses": 338939455, "operatingIncome": 34035517, "totalOtherIncomeExpenseNet": -31733267, "ebit": 34035517, "interestExpense": -63000, "incomeBeforeTax": 2302250, "incomeTaxExpense": 173236, "minorityInterest": {}, "netIncomeFromContinuingOps": 2129014, "discontinuedOperations": {}, "extraordinaryItems": {}, "effectOfAccountingCharges": {}, "otherItems": {}, "netIncome": 2129014, "netIncomeApplicableToCommonShares": 2129014}, {"maxAge": 1, "endDate": "2019-12-31", "totalRevenue": 353847000, "costOfRevenue": 344399000, "grossProfit": 9448000, "researchDevelopment": {}, "sellingGeneralAdministrative": 965000, "nonRecurring": {}, "otherOperatingExpenses": 15103000, "totalOperatingExpenses": 360816000, "operatingIncome": -6969000, "totalOtherIncomeExpenseNet": 12622000, "ebit": -6969000, "interestExpense": -1411000, "incomeBeforeTax": 5653000, "incomeTaxExpense": 1821000, "minorityInterest": {}, "netIncomeFromContinuingOps": 3832000, "discontinuedOperations": {}, "extraordinaryItems": {}, "effectOfAccountingCharges": {}, "otherItems": {}, "netIncome": 3832000, "netIncomeApplicableToCommonShares": 3832000}], "maxAge": 86400}, "cashflowStatementHistoryQuarterly": {"cashflowStatements": [{"maxAge": 1, "endDate": "2020-09-30", "netIncome": 10213000, "changeToLiabilities": 0}, {"maxAge": 1, "endDate": "2020-06-30", "netIncome": -8415000, "changeToLiabilities": 0}, {"maxAge": 1, "endDate": "2020-03-31", "netIncome": 2129014, "changeToLiabilities": 0}, {"maxAge": 1, "endDate": "2019-12-31", "netIncome": 3832000, "changeToLiabilities": 0}], "maxAge": 86400}, "insiderHolders": {"holders": [{"maxAge": 1, "name": "Jain (Akash)", "relation": "Promoter", "url": "", "transactionDescription": "Gift", "latestTransDate": "2020-03-16", "positionDirect": 0, "positionDirectDate": "2020-03-16"}, {"maxAge": 1, "name": "Jain (Hemlata)", "relation": "Director", "url": "", "transactionDescription": "Gift", "latestTransDate": "2020-03-16", "positionDirect": 1104822, "positionDirectDate": "2020-03-16"}, {"maxAge": 1, "name": "Jain (Sheetal)", "relation": "Promoter", "url": "", "transactionDescription": "Gift", "latestTransDate": "2020-03-16", "positionDirect": 100000, "positionDirectDate": "2020-03-16"}], "maxAge": 1}, "calendarEvents": {"maxAge": 1, "earnings": {"earningsDate": []}}, "price": {"maxAge": 1, "regularMarketChangePercent": 0.047546104, "regularMarketChange": 1.550003, "regularMarketTime": "2021-04-30 14:07:15", "priceHint": 2, "regularMarketPrice": 34.15, "regularMarketDayHigh": 34.15, "regularMarketDayLow": 34.1, "regularMarketVolume": 200, "averageDailyVolume10Day": 17165, "averageDailyVolume3Month": 7348, "regularMarketPreviousClose": 32.6, "regularMarketSource": "FREE_REALTIME", "regularMarketOpen": 34.1, "exchange": "BSE", "exchangeName": "BSE", "exchangeDataDelayedBy": 0, "marketState": "CLOSED", "quoteType": "EQUITY", "symbol": "CHANDRAP.BO", "underlyingSymbol": null, "shortName": "CHANDRA PRABHU INTERNATIONAL L", "longName": "Chandra Prabhu International Ltd.", "currency": "INR", "quoteSourceName": "Delayed Quote", "currencySymbol": "\u20b9", "fromCurrency": null, "toCurrency": null, "lastMarket": null, "marketCap": 126286704}, "balanceSheetHistory": {"balanceSheetStatements": [{"maxAge": 1, "endDate": "2020-03-31", "cash": 2167513, "netReceivables": 151640980, "inventory": 68905059, "otherCurrentAssets": 57234405, "totalCurrentAssets": 279947957, "propertyPlantEquipment": 2624389, "otherAssets": 7210016, "deferredLongTermAssetCharges": 4111429, "totalAssets": 289782362, "accountsPayable": 63716054, "shortLongTermDebt": 425585, "otherCurrentLiab": 13906189, "otherLiab": 454691, "totalCurrentLiabilities": 154211301, "totalLiab": 154665992, "commonStock": 36980000, "retainedEarnings": 98182544, "treasuryStock": -46174, "otherStockholderEquity": -46174, "totalStockholderEquity": 135116370, "netTangibleAssets": 135116370}, {"maxAge": 1, "endDate": "2019-03-31", "cash": 1085530, "shortTermInvestments": 1106000, "netReceivables": 172847106, "inventory": 48968964, "otherCurrentAssets": 26412374, "totalCurrentAssets": 250419974, "longTermInvestments": 3032, "propertyPlantEquipment": 11117843, "goodWill": 824240, "otherAssets": 12940646, "deferredLongTermAssetCharges": 8586028, "totalAssets": 275305735, "accountsPayable": 5247036, "shortLongTermDebt": 1073904, "otherCurrentLiab": 46419915, "longTermDebt": 557138, "otherLiab": 434070, "totalCurrentLiabilities": 156463867, "totalLiab": 157455075, "commonStock": 36980000, "retainedEarnings": 80870660, "totalStockholderEquity": 117850660, "netTangibleAssets": 117026420}, {"maxAge": 1, "endDate": "2018-03-31", "cash": 2693980, "shortTermInvestments": 4834583, "netReceivables": 105359209, "inventory": 159420012, "otherCurrentAssets": 11898842, "totalCurrentAssets": 284206626, "longTermInvestments": 3032, "propertyPlantEquipment": 13144655, "goodWill": 824240, "otherAssets": 20687321, "deferredLongTermAssetCharges": 16878129, "totalAssets": 318865874, "accountsPayable": 46484183, "shortLongTermDebt": 1073313, "otherCurrentLiab": 13813657, "longTermDebt": 1631042, "otherLiab": 298312, "totalCurrentLiabilities": 232688682, "totalLiab": 234618036, "commonStock": 36980000, "retainedEarnings": 47267838, "totalStockholderEquity": 84247838, "netTangibleAssets": 83423598}, {"maxAge": 1, "endDate": "2017-03-31", "cash": 3539939, "shortTermInvestments": 7343000, "netReceivables": 167043393, "inventory": 122842844, "otherCurrentAssets": 10822887, "totalCurrentAssets": 312254858, "longTermInvestments": 3032, "propertyPlantEquipment": 5015911, "goodWill": 824240, "otherAssets": 12637171, "deferredLongTermAssetCharges": 1640248, "totalAssets": 330735212, "accountsPayable": 71794649, "shortLongTermDebt": 321558, "otherCurrentLiab": 17033491, "longTermDebt": 85893, "otherLiab": 415529, "totalCurrentLiabilities": 205104736, "totalLiab": 205606158, "commonStock": 36980000, "retainedEarnings": 88149054, "totalStockholderEquity": 125129054, "netTangibleAssets": 124304814}], "maxAge": 86400}, "financialData": {"maxAge": 86400, "currentPrice": 34.15, "recommendationKey": "none", "grossProfits": 78357013, "financialCurrency": "INR"}}}