{"CHDCHEM.BO": {"cashflowStatementHistory": {"cashflowStatements": [{"maxAge": 1, "endDate": "2020-03-31", "netIncome": 5286000, "depreciation": 2787008, "changeToNetincome": 2914204, "changeToAccountReceivables": -76472319, "changeToLiabilities": 96697261, "changeToInventory": -514010, "changeToOperatingActivities": -6107835, "totalCashFromOperatingActivities": 24590309, "capitalExpenditures": -149958, "otherCashflowsFromInvestingActivities": 467167, "totalCashflowsFromInvestingActivities": 1007209, "netBorrowings": -21882026, "otherCashflowsFromFinancingActivities": -3623025, "totalCashFromFinancingActivities": -25505051, "changeInCash": 92465}, {"maxAge": 1, "endDate": "2019-03-31", "netIncome": 6599978, "depreciation": 2171433, "changeToNetincome": 4086220, "changeToAccountReceivables": -112159758, "changeToLiabilities": 93469573, "changeToInventory": -28338333, "changeToOperatingActivities": 4996261, "totalCashFromOperatingActivities": -28419331, "capitalExpenditures": -125426, "otherCashflowsFromInvestingActivities": 467167, "totalCashflowsFromInvestingActivities": -125426, "netBorrowings": 15129085, "otherCashflowsFromFinancingActivities": -3154935, "totalCashFromFinancingActivities": 21371650, "changeInCash": -7173107, "issuanceOfStock": 9397500}, {"maxAge": 1, "endDate": "2018-03-31", "netIncome": 5155551, "depreciation": 1427417, "changeToNetincome": 3669378, "changeToAccountReceivables": 3872085, "changeToLiabilities": -22811565, "changeToInventory": 15687600, "changeToOperatingActivities": -767260, "totalCashFromOperatingActivities": 6988501, "capitalExpenditures": -10698922, "otherCashflowsFromInvestingActivities": 467167, "totalCashflowsFromInvestingActivities": -10698922, "dividendsPaid": -923032, "netBorrowings": -17817939, "otherCashflowsFromFinancingActivities": 11653224, "totalCashFromFinancingActivities": 10927253, "changeInCash": 7216834, "issuanceOfStock": 18015000}, {"maxAge": 1, "endDate": "2017-03-31", "netIncome": 3465704, "depreciation": 818525, "changeToNetincome": 4375974, "changeToAccountReceivables": -2111871, "changeToLiabilities": -33266569, "changeToInventory": -6023503, "changeToOperatingActivities": -14489478, "totalCashFromOperatingActivities": -46475921, "capitalExpenditures": -2465361, "otherCashflowsFromInvestingActivities": -1235500, "totalCashflowsFromInvestingActivities": -3700861, "dividendsPaid": -923032, "netBorrowings": 5100964, "otherCashflowsFromFinancingActivities": -3790672, "totalCashFromFinancingActivities": 22897792, "changeInCash": -27278989, "issuanceOfStock": 21587500}], "maxAge": 86400}, "institutionOwnership": {"ownershipList": [], "maxAge": 1}, "balanceSheetHistoryQuarterly": {"balanceSheetStatements": [{"maxAge": 1, "endDate": "2020-09-30", "cash": 8729000, "netReceivables": 319130000, "inventory": 60760000, "otherCurrentAssets": 4870000, "totalCurrentAssets": 393489000, "propertyPlantEquipment": 8332000, "otherAssets": 259000, "totalAssets": 402080000, "accountsPayable": 231431000, "otherCurrentLiab": 4760000, "longTermDebt": 9351000, "deferredLongTermLiab": 124000, "totalCurrentLiabilities": 260536000, "totalLiab": 269887000, "commonStock": 101091000, "treasuryStock": 31102000, "otherStockholderEquity": 31102000, "totalStockholderEquity": 132193000, "netTangibleAssets": 132193000}, {"maxAge": 1, "endDate": "2020-06-30", "totalStockholderEquity": 129062474, "netTangibleAssets": 129062474}, {"maxAge": 1, "endDate": "2020-03-31", "cash": 5396468, "netReceivables": 371675858, "inventory": 45170211, "otherCurrentAssets": 4510906, "totalCurrentAssets": 426753443, "propertyPlantEquipment": 9291826, "otherAssets": 1682501, "totalAssets": 437727770, "accountsPayable": 281215259, "otherCurrentLiab": 10003411, "longTermDebt": 11852881, "deferredLongTermLiab": 247101, "totalCurrentLiabilities": 296812415, "totalLiab": 308665296, "commonStock": 101090800, "treasuryStock": 27971674, "otherStockholderEquity": 27971674, "totalStockholderEquity": 129062474, "netTangibleAssets": 129062474}, {"maxAge": 1, "endDate": "2019-12-31", "cash": 5616587, "netReceivables": 414964136, "inventory": 67888961, "otherCurrentAssets": 4230582, "totalCurrentAssets": 492700266, "propertyPlantEquipment": 9792226, "otherAssets": 1911303, "deferredLongTermAssetCharges": 66963, "totalAssets": 504403795, "accountsPayable": 333594010, "shortLongTermDebt": 23040944, "otherCurrentLiab": 7974647, "longTermDebt": 12195203, "deferredLongTermLiab": 408940, "totalCurrentLiabilities": 364609601, "totalLiab": 376804804, "commonStock": 101090800, "treasuryStock": 26508191, "otherStockholderEquity": 26508191, "totalStockholderEquity": 127598991, "netTangibleAssets": 127598991}], "maxAge": 86400}, "indexTrend": {"maxAge": 1, "symbol": "SP5", "peRatio": 19.7411, "pegRatio": 1.34172, "estimates": [{"period": "0q", "growth": 0.549}, {"period": "+1q", "growth": 0.431}, {"period": "0y", "growth": 0.305}, {"period": "+1y", "growth": 0.109}, {"period": "+5y", "growth": 0.120859005}, {"period": "-5y"}]}, "insiderTransactions": {"transactions": [{"maxAge": 1, "shares": 60000, "value": 48198, "filerUrl": "", "transactionText": "Sale at price 0.80 per share.", "filerName": "Shah (Sumangla)", "filerRelation": "UNREPORTED", "moneyText": "", "startDate": "2020-09-25", "ownership": "D"}, {"maxAge": 1, "shares": 45000, "value": 37003, "filerUrl": "", "transactionText": "Sale at price 0.82 per share.", "filerName": "Singh (Inder)", "filerRelation": "Promoter", "moneyText": "", "startDate": "2020-09-23", "ownership": "D"}, {"maxAge": 1, "shares": 25000, "value": 19775, "filerUrl": "", "transactionText": "Sale at price 0.79 per share.", "filerName": "Shah (Kamal Kumar)", "filerRelation": "UNREPORTED", "moneyText": "", "startDate": "2020-09-21", "ownership": "D"}], "maxAge": 1}, "quoteType": {"exchange": "BSE", "quoteType": "EQUITY", "symbol": "CHDCHEM.BO", "underlyingSymbol": "CHDCHEM.BO", "shortName": "CHD Chemicals Limited", "longName": "Chd Chemicals Limited", "firstTradeDateEpochUtc": "2016-04-01 09:15:00", "timeZoneFullName": "Asia/Kolkata", "timeZoneShortName": "IST", "uuid": "c53c27e3-5ea3-3a05-948a-77b4d22759d1", "gmtOffSetMilliseconds": 19800000, "maxAge": 1}, "incomeStatementHistory": {"incomeStatementHistory": [{"maxAge": 1, "endDate": "2020-03-31", "totalRevenue": 865103000, "costOfRevenue": 826407000, "grossProfit": 38696000, "researchDevelopment": {}, "sellingGeneralAdministrative": 9208000, "nonRecurring": {}, "otherOperatingExpenses": 16299000, "totalOperatingExpenses": 854701000, "operatingIncome": 10402000, "totalOtherIncomeExpenseNet": -3156000, "ebit": 10402000, "interestExpense": -3623000, "incomeBeforeTax": 7246000, "incomeTaxExpense": 1960000, "minorityInterest": {}, "netIncomeFromContinuingOps": 5286000, "discontinuedOperations": {}, "extraordinaryItems": {}, "effectOfAccountingCharges": {}, "otherItems": {}, "netIncome": 5286000, "netIncomeApplicableToCommonShares": 5286000}, {"maxAge": 1, "endDate": "2019-03-31", "totalRevenue": 763064282, "costOfRevenue": 717744441, "grossProfit": 45319841, "researchDevelopment": {}, "sellingGeneralAdministrative": 9436251, "nonRecurring": {}, "otherOperatingExpenses": 20983571, "totalOperatingExpenses": 751090993, "operatingIncome": 11973289, "totalOtherIncomeExpenseNet": -3062455, "ebit": 11973289, "interestExpense": -3295801, "incomeBeforeTax": 8910834, "incomeTaxExpense": 2310856, "minorityInterest": {}, "netIncomeFromContinuingOps": 6599978, "discontinuedOperations": {}, "extraordinaryItems": {}, "effectOfAccountingCharges": {}, "otherItems": {}, "netIncome": 6599978, "netIncomeApplicableToCommonShares": 6599978}, {"maxAge": 1, "endDate": "2018-03-31", "totalRevenue": 350725388, "costOfRevenue": 319718971, "grossProfit": 31006417, "researchDevelopment": {}, "sellingGeneralAdministrative": 9291631, "nonRecurring": {}, "otherOperatingExpenses": 9468477, "totalOperatingExpenses": 340661794, "operatingIncome": 10063594, "totalOtherIncomeExpenseNet": -3122458, "ebit": 10063594, "interestExpense": -2460283, "incomeBeforeTax": 6941136, "incomeTaxExpense": 1785585, "minorityInterest": {}, "netIncomeFromContinuingOps": 5155551, "discontinuedOperations": {}, "extraordinaryItems": {}, "effectOfAccountingCharges": {}, "otherItems": {}, "netIncome": 5155551, "netIncomeApplicableToCommonShares": 5155551}, {"maxAge": 1, "endDate": "2017-03-31", "totalRevenue": 433034004, "costOfRevenue": 404597389, "grossProfit": 28436615, "researchDevelopment": {}, "sellingGeneralAdministrative": 9071564, "nonRecurring": {}, "otherOperatingExpenses": 9266683, "totalOperatingExpenses": 424509458, "operatingIncome": 8524546, "totalOtherIncomeExpenseNet": -3246133, "ebit": 8524546, "interestExpense": -2527661, "incomeBeforeTax": 5278413, "incomeTaxExpense": 1812709, "minorityInterest": {}, "netIncomeFromContinuingOps": 3465704, "discontinuedOperations": {}, "extraordinaryItems": {}, "effectOfAccountingCharges": {}, "otherItems": {}, "netIncome": 3465704, "netIncomeApplicableToCommonShares": 3465704}], "maxAge": 86400}, "fundOwnership": {"ownershipList": [], "maxAge": 1}, "summaryDetail": {"maxAge": 1, "priceHint": 2, "previousClose": 12.1, "open": 11.9, "dayLow": 11.9, "dayHigh": 11.9, "regularMarketPreviousClose": 12.1, "regularMarketOpen": 11.9, "regularMarketDayLow": 11.9, "regularMarketDayHigh": 11.9, "trailingPE": 22.077923, "volume": 3717, "regularMarketVolume": 3717, "averageVolume": 87142, "averageVolume10days": 324432, "averageDailyVolume10Day": 324432, "bid": 0.0, "ask": 11.9, "bidSize": 0, "askSize": 0, "marketCap": 120298288, "fiftyTwoWeekLow": 11.9, "fiftyTwoWeekHigh": 74.95, "fiftyDayAverage": 28.530302, "twoHundredDayAverage": 45.85882, "trailingAnnualDividendRate": 0.15, "trailingAnnualDividendYield": 0.012396694, "currency": "INR", "fromCurrency": null, "lastMarket": null, "algorithm": null, "tradeable": false}, "incomeStatementHistoryQuarterly": {"incomeStatementHistory": [{"maxAge": 1, "endDate": "2020-09-30", "totalRevenue": 225221000, "costOfRevenue": 216478000, "grossProfit": 8743000, "researchDevelopment": {}, "sellingGeneralAdministrative": 1974000, "nonRecurring": {}, "otherOperatingExpenses": 3931000, "totalOperatingExpenses": 222967000, "operatingIncome": 2254000, "totalOtherIncomeExpenseNet": -1069000, "ebit": 2254000, "interestExpense": -1156000, "incomeBeforeTax": 1185000, "incomeTaxExpense": 351000, "minorityInterest": {}, "netIncomeFromContinuingOps": 834000, "discontinuedOperations": {}, "extraordinaryItems": {}, "effectOfAccountingCharges": {}, "otherItems": {}, "netIncome": 834000, "netIncomeApplicableToCommonShares": 834000}, {"maxAge": 1, "endDate": "2020-06-30", "totalRevenue": 47334000, "costOfRevenue": 41016000, "grossProfit": 6318000, "researchDevelopment": {}, "sellingGeneralAdministrative": 1189000, "nonRecurring": {}, "otherOperatingExpenses": 945000, "totalOperatingExpenses": 43726000, "operatingIncome": 3608000, "totalOtherIncomeExpenseNet": -450000, "ebit": 3608000, "interestExpense": -535000, "incomeBeforeTax": 3158000, "incomeTaxExpense": 862000, "minorityInterest": {}, "netIncomeFromContinuingOps": 2296000, "discontinuedOperations": {}, "extraordinaryItems": {}, "effectOfAccountingCharges": {}, "otherItems": {}, "netIncome": 2296000, "netIncomeApplicableToCommonShares": 2296000}, {"maxAge": 1, "endDate": "2020-03-31", "totalRevenue": 235557000, "costOfRevenue": 225080000, "grossProfit": 10477000, "researchDevelopment": {}, "sellingGeneralAdministrative": 2415000, "nonRecurring": {}, "otherOperatingExpenses": 3716000, "totalOperatingExpenses": 231881000, "operatingIncome": 3676000, "totalOtherIncomeExpenseNet": -1381000, "ebit": 3676000, "interestExpense": -1515000, "incomeBeforeTax": 2295000, "incomeTaxExpense": 831000, "minorityInterest": {}, "netIncomeFromContinuingOps": 1464000, "discontinuedOperations": {}, "extraordinaryItems": {}, "effectOfAccountingCharges": {}, "otherItems": {}, "netIncome": 1464000, "netIncomeApplicableToCommonShares": 1464000}, {"maxAge": 1, "endDate": "2019-12-31", "totalRevenue": 258683000, "costOfRevenue": 250352000, "grossProfit": 8331000, "researchDevelopment": {}, "sellingGeneralAdministrative": 2300000, "nonRecurring": {}, "otherOperatingExpenses": 3354000, "totalOperatingExpenses": 256690000, "operatingIncome": 1993000, "totalOtherIncomeExpenseNet": -775000, "ebit": 1993000, "interestExpense": -600000, "incomeBeforeTax": 1218000, "incomeTaxExpense": 362000, "minorityInterest": {}, "netIncomeFromContinuingOps": 856000, "discontinuedOperations": {}, "extraordinaryItems": {}, "effectOfAccountingCharges": {}, "otherItems": {}, "netIncome": 856000, "netIncomeApplicableToCommonShares": 856000}], "maxAge": 86400}, "cashflowStatementHistoryQuarterly": {"cashflowStatements": [{"maxAge": 1, "endDate": "2020-09-30", "netIncome": 834000, "changeToLiabilities": 0}, {"maxAge": 1, "endDate": "2020-06-30", "netIncome": 2296000, "changeToLiabilities": 0}, {"maxAge": 1, "endDate": "2020-03-31", "netIncome": 1464000, "depreciation": 670274, "changeToNetincome": 1345191, "changeToAccountReceivables": 47743647, "changeToLiabilities": -52378751, "changeToInventory": 22718749, "changeToOperatingActivities": 391770, "totalCashFromOperatingActivities": 21469364, "capitalExpenditures": -149958, "otherCashflowsFromInvestingActivities": 133527, "totalCashflowsFromInvestingActivities": 417255, "netBorrowings": -20592006, "otherCashflowsFromFinancingActivities": -1514732, "totalCashFromFinancingActivities": -22106738, "changeInCash": -220119}, {"maxAge": 1, "endDate": "2019-12-31", "netIncome": 856000, "depreciation": 684115, "changeToNetincome": 1380345, "changeToAccountReceivables": -40133468, "changeToLiabilities": 43603243, "changeToInventory": -6181084, "changeToOperatingActivities": -3799848, "totalCashFromOperatingActivities": -3150181, "capitalExpenditures": 141922, "otherCashflowsFromInvestingActivities": 333640, "totalCashflowsFromInvestingActivities": 731876, "netBorrowings": 3222707, "otherCashflowsFromFinancingActivities": -600011, "totalCashFromFinancingActivities": 2622696, "changeInCash": 204390}], "maxAge": 86400}, "insiderHolders": {"holders": [{"maxAge": 1, "name": "Shah (Kamal Kumar)", "relation": "UNREPORTED", "url": "", "transactionDescription": "Sale", "latestTransDate": "2020-09-21", "positionDirect": 60909, "positionDirectDate": "2020-09-21"}, {"maxAge": 1, "name": "Shah (Sumangla)", "relation": "UNREPORTED", "url": "", "transactionDescription": "Sale", "latestTransDate": "2020-09-25", "positionDirect": 16363, "positionDirectDate": "2020-09-25"}, {"maxAge": 1, "name": "Singh (Inder)", "relation": "Promoter", "url": "", "transactionDescription": "Sale", "latestTransDate": "2020-09-23", "positionDirect": 69545, "positionDirectDate": "2020-09-23"}], "maxAge": 1}, "calendarEvents": {"maxAge": 1, "earnings": {"earningsDate": ["2020-10-14 05:30:S"]}}, "upgradeDowngradeHistory": {"history": [], "maxAge": 86400}, "price": {"maxAge": 1, "regularMarketChangePercent": -0.016528988, "regularMarketChange": -0.20000076, "regularMarketTime": "2021-04-30 15:10:17", "priceHint": 2, "regularMarketPrice": 11.9, "regularMarketDayHigh": 11.9, "regularMarketDayLow": 11.9, "regularMarketVolume": 3717, "averageDailyVolume10Day": 324432, "averageDailyVolume3Month": 87142, "regularMarketPreviousClose": 12.1, "regularMarketSource": "FREE_REALTIME", "regularMarketOpen": 11.9, "exchange": "BSE", "exchangeName": "BSE", "exchangeDataDelayedBy": 0, "marketState": "CLOSED", "quoteType": "EQUITY", "symbol": "CHDCHEM.BO", "underlyingSymbol": null, "shortName": "CHD Chemicals Limited", "longName": "Chd Chemicals Limited", "currency": "INR", "quoteSourceName": "Delayed Quote", "currencySymbol": "\u20b9", "fromCurrency": null, "lastMarket": null, "marketCap": 120298288}, "balanceSheetHistory": {"balanceSheetStatements": [{"maxAge": 1, "endDate": "2020-03-31", "cash": 5396468, "netReceivables": 371675858, "inventory": 45170211, "otherCurrentAssets": 4510906, "totalCurrentAssets": 426753443, "propertyPlantEquipment": 9291826, "otherAssets": 1682501, "totalAssets": 437727770, "accountsPayable": 281215259, "otherCurrentLiab": 10003411, "longTermDebt": 11852881, "deferredLongTermLiab": 247101, "totalCurrentLiabilities": 296812415, "totalLiab": 308665296, "commonStock": 101090800, "treasuryStock": 27971674, "otherStockholderEquity": 27971674, "totalStockholderEquity": 129062474, "netTangibleAssets": 129062474}, {"maxAge": 1, "endDate": "2019-03-31", "cash": 5304002, "netReceivables": 292748152, "inventory": 44656200, "otherCurrentAssets": 2526659, "totalCurrentAssets": 345235013, "propertyPlantEquipment": 12165274, "otherAssets": 2329856, "totalAssets": 359730143, "accountsPayable": 184517998, "shortLongTermDebt": 2204751, "otherCurrentLiab": 9116061, "longTermDebt": 13485223, "otherLiab": 138641, "deferredLongTermLiab": 894456, "totalCurrentLiabilities": 222329253, "totalLiab": 235953117, "commonStock": 101090800, "retainedEarnings": 19977147, "capitalSurplus": 2709080, "totalStockholderEquity": 123777027, "netTangibleAssets": 123777027}, {"maxAge": 1, "endDate": "2018-03-31", "cash": 12477108, "netReceivables": 180026302, "inventory": 16317868, "otherCurrentAssets": 3534990, "totalCurrentAssets": 212356268, "propertyPlantEquipment": 14211282, "otherAssets": 3430352, "totalAssets": 229997902, "accountsPayable": 91048425, "shortLongTermDebt": 2012279, "otherCurrentLiab": 4767413, "longTermDebt": 21068781, "otherLiab": 175054, "deferredLongTermLiab": 1649754, "totalCurrentLiabilities": 100974514, "totalLiab": 122218349, "commonStock": 88560800, "retainedEarnings": 13377171, "treasuryStock": 3132500, "capitalSurplus": 2709080, "otherStockholderEquity": 3132500, "totalStockholderEquity": 107779551, "netTangibleAssets": 107779551}, {"maxAge": 1, "endDate": "2017-03-31", "cash": 5260275, "netReceivables": 182719568, "inventory": 32005468, "otherCurrentAssets": 1954851, "totalCurrentAssets": 221940162, "propertyPlantEquipment": 4873475, "otherAssets": 4251952, "totalAssets": 231065589, "accountsPayable": 113859990, "shortLongTermDebt": 584944, "otherCurrentLiab": 4855498, "longTermDebt": 1460457, "otherLiab": 122586, "deferredLongTermLiab": 2405052, "totalCurrentLiabilities": 143950512, "totalLiab": 145533555, "commonStock": 64540800, "retainedEarnings": 9144654, "treasuryStock": 9137500, "capitalSurplus": 2709080, "otherStockholderEquity": 9137500, "totalStockholderEquity": 85532034, "netTangibleAssets": 85532034}], "maxAge": 86400}, "financialData": {"maxAge": 86400, "currentPrice": 11.9, "recommendationKey": "none", "grossProfits": 38696000, "financialCurrency": "INR"}}}