{"CHEMCRUX.BO": {"cashflowStatementHistory": {"cashflowStatements": [{"maxAge": 1, "endDate": "2020-03-31", "netIncome": 106425820, "depreciation": 11761183, "changeToNetincome": -1342017, "changeToAccountReceivables": 14261760, "changeToLiabilities": -18406597, "changeToInventory": -4450979, "changeToOperatingActivities": 728315, "totalCashFromOperatingActivities": 108977485, "capitalExpenditures": -53750287, "investments": -22505000, "totalCashflowsFromInvestingActivities": -76205287, "dividendsPaid": -17276980, "netBorrowings": -11594082, "otherCashflowsFromFinancingActivities": -6769665, "totalCashFromFinancingActivities": -35640727, "changeInCash": -2868529}, {"maxAge": 1, "endDate": "2019-03-31", "netIncome": 93155032, "depreciation": 12559369, "changeToNetincome": 812025, "changeToAccountReceivables": -44385858, "changeToLiabilities": 6826185, "changeToInventory": -10088663, "changeToOperatingActivities": 21637725, "totalCashFromOperatingActivities": 80515815, "capitalExpenditures": -25756047, "investments": -27000000, "totalCashflowsFromInvestingActivities": -51831047, "dividendsPaid": -1234070, "netBorrowings": -7997243, "otherCashflowsFromFinancingActivities": -3057424, "totalCashFromFinancingActivities": -12288737, "changeInCash": 16396031}, {"maxAge": 1, "endDate": "2018-03-31", "netIncome": 23632175, "depreciation": 6701798, "changeToNetincome": 15077353, "changeToAccountReceivables": -21298706, "changeToLiabilities": 22635570, "changeToInventory": -4493704, "changeToOperatingActivities": -7282310, "totalCashFromOperatingActivities": 34972176, "capitalExpenditures": -31388166, "investments": -10263047, "totalCashflowsFromInvestingActivities": -41651213, "dividendsPaid": -1497297, "netBorrowings": 3881105, "otherCashflowsFromFinancingActivities": -3108591, "totalCashFromFinancingActivities": -724783, "changeInCash": -7403820}, {"maxAge": 1, "endDate": "2017-03-31", "netIncome": 14982818, "depreciation": 5543644, "changeToNetincome": 6217708, "changeToAccountReceivables": -6769354, "changeToLiabilities": 5334387, "changeToInventory": -9939217, "changeToOperatingActivities": -1310720, "totalCashFromOperatingActivities": 14059266, "capitalExpenditures": -15413552, "investments": -10263047, "totalCashflowsFromInvestingActivities": -14526778, "dividendsPaid": -450035, "netBorrowings": -618060, "otherCashflowsFromFinancingActivities": -3544600, "totalCashFromFinancingActivities": 19435305, "changeInCash": 18967793, "issuanceOfStock": 24048000}], "maxAge": 86400}, "institutionOwnership": {"ownershipList": [], "maxAge": 1}, "balanceSheetHistoryQuarterly": {"balanceSheetStatements": [{"maxAge": 1, "endDate": "2020-03-31", "cash": 28890064, "shortTermInvestments": 64834547, "netReceivables": 95614410, "inventory": 45537274, "otherCurrentAssets": 42458591, "totalCurrentAssets": 277334886, "longTermInvestments": 467030, "propertyPlantEquipment": 154022748, "otherAssets": 13682514, "totalAssets": 445507178, "accountsPayable": 24871526, "shortLongTermDebt": 8710692, "otherCurrentLiab": 45496872, "longTermDebt": 10496265, "otherLiab": 9890008, "totalCurrentLiabilities": 100961400, "totalLiab": 121347673, "commonStock": 49362800, "retainedEarnings": 264073705, "treasuryStock": 35000, "capitalSurplus": 10688000, "otherStockholderEquity": 35000, "totalStockholderEquity": 324159505, "netTangibleAssets": 324159505}, {"maxAge": 1, "endDate": "2019-12-31", "cash": 28890064, "shortTermInvestments": 64834547, "netReceivables": 95614410, "inventory": 45537274, "otherCurrentAssets": 42458591, "totalCurrentAssets": 277334886, "longTermInvestments": 467030, "propertyPlantEquipment": 154022748, "otherAssets": 13682514, "totalAssets": 445507178, "accountsPayable": 24871526, "shortLongTermDebt": 8710692, "otherCurrentLiab": 45496872, "longTermDebt": 10496265, "otherLiab": 9890008, "totalCurrentLiabilities": 100961400, "totalLiab": 121347673, "commonStock": 49362800, "retainedEarnings": 264073705, "treasuryStock": 35000, "capitalSurplus": 10688000, "otherStockholderEquity": 35000, "totalStockholderEquity": 324159505, "netTangibleAssets": 324159505}, {"maxAge": 1, "endDate": "2019-09-30", "cash": 27238227, "shortTermInvestments": 61791853, "netReceivables": 172976080, "inventory": 29203401, "otherCurrentAssets": 631706, "totalCurrentAssets": 291841267, "longTermInvestments": 467030, "propertyPlantEquipment": 119844815, "otherAssets": 23718731, "totalAssets": 435871843, "accountsPayable": 36594708, "otherCurrentLiab": 88429379, "longTermDebt": 15992576, "otherLiab": 12068186, "deferredLongTermLiab": 470685, "totalCurrentLiabilities": 125024087, "totalLiab": 153084849, "commonStock": 49362800, "treasuryStock": 233424194, "otherStockholderEquity": 233424194, "totalStockholderEquity": 282786994, "netTangibleAssets": 282786994}, {"maxAge": 1, "endDate": "2019-06-30", "cash": 27238227, "shortTermInvestments": 61791853, "netReceivables": 172976080, "inventory": 29203401, "otherCurrentAssets": 631706, "totalCurrentAssets": 291841267, "longTermInvestments": 467030, "propertyPlantEquipment": 119844815, "otherAssets": 23718731, "totalAssets": 435871843, "accountsPayable": 36594708, "otherCurrentLiab": 88429379, "longTermDebt": 15992576, "otherLiab": 12068186, "deferredLongTermLiab": 470685, "totalCurrentLiabilities": 125024087, "totalLiab": 153084849, "commonStock": 49362800, "treasuryStock": 233424194, "otherStockholderEquity": 233424194, "totalStockholderEquity": 282786994, "netTangibleAssets": 282786994}], "maxAge": 86400}, "indexTrend": {"maxAge": 1, "symbol": "SP5", "peRatio": 19.7411, "pegRatio": 1.34172, "estimates": [{"period": "0q", "growth": 0.549}, {"period": "+1q", "growth": 0.431}, {"period": "0y", "growth": 0.305}, {"period": "+1y", "growth": 0.109}, {"period": "+5y", "growth": 0.120859005}, {"period": "-5y"}]}, "quoteType": {"exchange": "BSE", "quoteType": "EQUITY", "symbol": "CHEMCRUX.BO", "underlyingSymbol": "CHEMCRUX.BO", "shortName": "Chemcrux Enterprises Limited", "longName": "Chemcrux Enterprises Limited", "firstTradeDateEpochUtc": "2017-03-28 09:15:00", "timeZoneFullName": "Asia/Kolkata", "timeZoneShortName": "IST", "uuid": "06b10132-f9a1-3f71-90be-746fc7c668a0", "gmtOffSetMilliseconds": 19800000, "maxAge": 1}, "incomeStatementHistory": {"incomeStatementHistory": [{"maxAge": 1, "endDate": "2020-03-31", "totalRevenue": 574496210, "costOfRevenue": 228348361, "grossProfit": 346147849, "researchDevelopment": {}, "sellingGeneralAdministrative": 58209073, "nonRecurring": {}, "otherOperatingExpenses": 138929638, "totalOperatingExpenses": 437322242, "operatingIncome": 137173968, "totalOtherIncomeExpenseNet": 3875597, "ebit": 137173968, "interestExpense": -3108885, "incomeBeforeTax": 141049565, "incomeTaxExpense": 34623745, "minorityInterest": {}, "netIncomeFromContinuingOps": 106425820, "discontinuedOperations": {}, "extraordinaryItems": {}, "effectOfAccountingCharges": {}, "otherItems": {}, "netIncome": 106425820, "netIncomeApplicableToCommonShares": 106425820}, {"maxAge": 1, "endDate": "2019-03-31", "totalRevenue": 552731473, "costOfRevenue": 240119434, "grossProfit": 312612039, "researchDevelopment": {}, "sellingGeneralAdministrative": 39937826, "nonRecurring": {}, "otherOperatingExpenses": 129187742, "totalOperatingExpenses": 421804371, "operatingIncome": 130927102, "totalOtherIncomeExpenseNet": -7185863, "ebit": 130927102, "interestExpense": -2589290, "incomeBeforeTax": 123741239, "incomeTaxExpense": 30586207, "minorityInterest": {}, "netIncomeFromContinuingOps": 93155032, "discontinuedOperations": {}, "extraordinaryItems": {}, "effectOfAccountingCharges": {}, "otherItems": {}, "netIncome": 93155032, "netIncomeApplicableToCommonShares": 93155032}, {"maxAge": 1, "endDate": "2018-03-31", "totalRevenue": 314647304, "costOfRevenue": 124868902, "grossProfit": 189778402, "researchDevelopment": {}, "sellingGeneralAdministrative": 33902862, "nonRecurring": {}, "otherOperatingExpenses": 107110406, "totalOperatingExpenses": 273138681, "operatingIncome": 41508623, "totalOtherIncomeExpenseNet": -1075590, "ebit": 41508623, "interestExpense": -1987732, "incomeBeforeTax": 40433033, "incomeTaxExpense": 16800858, "minorityInterest": {}, "netIncomeFromContinuingOps": 23632175, "discontinuedOperations": {}, "extraordinaryItems": {}, "effectOfAccountingCharges": {}, "otherItems": {}, "netIncome": 23632175, "netIncomeApplicableToCommonShares": 23632175}, {"maxAge": 1, "endDate": "2017-03-31", "totalRevenue": 274976124, "costOfRevenue": 115177351, "grossProfit": 159798773, "researchDevelopment": {}, "sellingGeneralAdministrative": 28039903, "nonRecurring": {}, "otherOperatingExpenses": 95674451, "totalOperatingExpenses": 244435349, "operatingIncome": 30540775, "totalOtherIncomeExpenseNet": -1652521, "ebit": 30540775, "interestExpense": -3099425, "incomeBeforeTax": 28888254, "incomeTaxExpense": 13905436, "minorityInterest": {}, "netIncomeFromContinuingOps": 14982818, "discontinuedOperations": {}, "extraordinaryItems": {}, "effectOfAccountingCharges": {}, "otherItems": {}, "netIncome": 14982818, "netIncomeApplicableToCommonShares": 14982818}], "maxAge": 86400}, "fundOwnership": {"ownershipList": [], "maxAge": 1}, "summaryDetail": {"maxAge": 1, "priceHint": 2, "previousClose": 228.0, "open": 232.0, "dayLow": 232.0, "dayHigh": 248.85, "regularMarketPreviousClose": 228.0, "regularMarketOpen": 232.0, "regularMarketDayLow": 232.0, "regularMarketDayHigh": 248.85, "trailingPE": 11.222171, "volume": 21000, "regularMarketVolume": 21000, "averageVolume": 2631, "averageVolume10days": 2000, "averageDailyVolume10Day": 2000, "bid": 225.0, "ask": 244.0, "bidSize": 0, "askSize": 0, "marketCap": 1194332928, "fiftyTwoWeekLow": 60.0, "fiftyTwoWeekHigh": 278.9, "fiftyDayAverage": 235.28181, "twoHundredDayAverage": 229.53383, "trailingAnnualDividendRate": 4.0, "trailingAnnualDividendYield": 0.01754386, "currency": "INR", "fromCurrency": null, "lastMarket": null, "algorithm": null, "tradeable": false}, "incomeStatementHistoryQuarterly": {"incomeStatementHistory": [{"maxAge": 1, "endDate": "2020-03-31", "totalRevenue": 147603361, "costOfRevenue": 63195715, "grossProfit": 84407647, "researchDevelopment": {}, "sellingGeneralAdministrative": 12885288, "nonRecurring": {}, "otherOperatingExpenses": 30887934, "totalOperatingExpenses": 109992033, "operatingIncome": 37611328, "totalOtherIncomeExpenseNet": 923687, "ebit": 37611328, "interestExpense": -948930, "incomeBeforeTax": 38535015, "incomeTaxExpense": 8939491, "minorityInterest": {}, "netIncomeFromContinuingOps": 29595524, "discontinuedOperations": {}, "extraordinaryItems": {}, "effectOfAccountingCharges": {}, "otherItems": {}, "netIncome": 29595524, "netIncomeApplicableToCommonShares": 29595524}, {"maxAge": 1, "endDate": "2019-12-31", "totalRevenue": 147603361, "costOfRevenue": 63195715, "grossProfit": 84407647, "researchDevelopment": {}, "sellingGeneralAdministrative": 12885288, "nonRecurring": {}, "otherOperatingExpenses": 30887934, "totalOperatingExpenses": 109992033, "operatingIncome": 37611328, "totalOtherIncomeExpenseNet": 923687, "ebit": 37611328, "interestExpense": -948930, "incomeBeforeTax": 38535015, "incomeTaxExpense": 8939491, "minorityInterest": {}, "netIncomeFromContinuingOps": 29595524, "discontinuedOperations": {}, "extraordinaryItems": {}, "effectOfAccountingCharges": {}, "otherItems": {}, "netIncome": 29595524, "netIncomeApplicableToCommonShares": 29595524}, {"maxAge": 1, "endDate": "2019-09-30", "totalRevenue": 139644744, "costOfRevenue": 50978466, "grossProfit": 88666278, "researchDevelopment": {}, "sellingGeneralAdministrative": 16219249, "nonRecurring": {}, "otherOperatingExpenses": 38576885, "totalOperatingExpenses": 108669088, "operatingIncome": 30975656, "totalOtherIncomeExpenseNet": 1014112, "ebit": 30975656, "interestExpense": -605513, "incomeBeforeTax": 31989768, "incomeTaxExpense": 8372382, "minorityInterest": {}, "netIncomeFromContinuingOps": 23617386, "discontinuedOperations": {}, "extraordinaryItems": {}, "effectOfAccountingCharges": {}, "otherItems": {}, "netIncome": 23617386, "netIncomeApplicableToCommonShares": 23617386}, {"maxAge": 1, "endDate": "2019-06-30", "totalRevenue": 139644744, "costOfRevenue": 50978466, "grossProfit": 88666278, "researchDevelopment": {}, "sellingGeneralAdministrative": 16219249, "nonRecurring": {}, "otherOperatingExpenses": 38576885, "totalOperatingExpenses": 108669088, "operatingIncome": 30975656, "totalOtherIncomeExpenseNet": 1014112, "ebit": 30975656, "interestExpense": -605513, "incomeBeforeTax": 31989768, "incomeTaxExpense": 8372382, "minorityInterest": {}, "netIncomeFromContinuingOps": 23617386, "discontinuedOperations": {}, "extraordinaryItems": {}, "effectOfAccountingCharges": {}, "otherItems": {}, "netIncome": 23617386, "netIncomeApplicableToCommonShares": 23617386}], "maxAge": 86400}, "cashflowStatementHistoryQuarterly": {"cashflowStatements": [{"maxAge": 1, "endDate": "2020-03-31", "netIncome": 29595524, "depreciation": 2986103, "changeToNetincome": -655435, "changeToAccountReceivables": 6732585, "changeToLiabilities": -5861591, "changeToInventory": -8166937, "changeToOperatingActivities": 8948908, "totalCashFromOperatingActivities": 33579158, "capitalExpenditures": -20075070, "totalCashflowsFromInvestingActivities": -20075070, "dividendsPaid": -7150695, "netBorrowings": -2748155, "otherCashflowsFromFinancingActivities": -2779320, "totalCashFromFinancingActivities": -12678170, "changeInCash": 825918}, {"maxAge": 1, "endDate": "2019-12-31", "netIncome": 29595524, "depreciation": 2986103, "changeToNetincome": -655435, "changeToAccountReceivables": 6732585, "changeToLiabilities": -5861591, "changeToInventory": -8166937, "changeToOperatingActivities": 8948908, "totalCashFromOperatingActivities": 33579158, "capitalExpenditures": -20075070, "totalCashflowsFromInvestingActivities": -20075070, "dividendsPaid": -7150695, "netBorrowings": -2748155, "otherCashflowsFromFinancingActivities": -2779320, "totalCashFromFinancingActivities": -12678170, "changeInCash": 825918}, {"maxAge": 1, "endDate": "2019-09-30", "netIncome": 23617386, "depreciation": 2894489, "changeToNetincome": -15574, "changeToAccountReceivables": 398295, "changeToLiabilities": -3341708, "changeToInventory": 5941447, "changeToOperatingActivities": -8584750, "totalCashFromOperatingActivities": 20909585, "capitalExpenditures": -6800074, "investments": -11252500, "totalCashflowsFromInvestingActivities": -18027574, "dividendsPaid": -1487795, "netBorrowings": -3048886, "otherCashflowsFromFinancingActivities": -605513, "totalCashFromFinancingActivities": -5142194, "changeInCash": -2260183}, {"maxAge": 1, "endDate": "2019-06-30", "netIncome": 23617386, "depreciation": 2894489, "changeToNetincome": -15574, "changeToAccountReceivables": 398295, "changeToLiabilities": -3341708, "changeToInventory": 5941447, "changeToOperatingActivities": -8584750, "totalCashFromOperatingActivities": 20909585, "capitalExpenditures": -6800074, "investments": -11252500, "totalCashflowsFromInvestingActivities": -18027574, "dividendsPaid": -1487795, "netBorrowings": -3048886, "otherCashflowsFromFinancingActivities": -605513, "totalCashFromFinancingActivities": -5142194, "changeInCash": -2260183}], "maxAge": 86400}, "insiderHolders": {"holders": [], "maxAge": 1}, "calendarEvents": {"maxAge": 1, "earnings": {"earningsDate": []}}, "upgradeDowngradeHistory": {"history": [], "maxAge": 86400}, "price": {"maxAge": 1, "regularMarketChangePercent": 0.061184198, "regularMarketChange": 13.949997, "regularMarketTime": "2021-04-30 15:16:25", "priceHint": 2, "regularMarketPrice": 241.95, "regularMarketDayHigh": 248.85, "regularMarketDayLow": 232.0, "regularMarketVolume": 21000, "averageDailyVolume10Day": 2000, "averageDailyVolume3Month": 2631, "regularMarketPreviousClose": 228.0, "regularMarketSource": "FREE_REALTIME", "regularMarketOpen": 232.0, "exchange": "BSE", "exchangeName": "BSE", "exchangeDataDelayedBy": 0, "marketState": "CLOSED", "quoteType": "EQUITY", "symbol": "CHEMCRUX.BO", "underlyingSymbol": null, "shortName": "Chemcrux Enterprises Limited", "longName": "Chemcrux Enterprises Limited", "currency": "INR", "quoteSourceName": "Delayed Quote", "currencySymbol": "\u20b9", "fromCurrency": null, "lastMarket": null, "marketCap": 1194332928}, "balanceSheetHistory": {"balanceSheetStatements": [{"maxAge": 1, "endDate": "2020-03-31", "cash": 28890064, "shortTermInvestments": 64834547, "netReceivables": 95614410, "inventory": 45537274, "otherCurrentAssets": 42458591, "totalCurrentAssets": 277334886, "longTermInvestments": 467030, "propertyPlantEquipment": 154022748, "otherAssets": 13682514, "totalAssets": 445507178, "accountsPayable": 24871526, "shortLongTermDebt": 8710692, "otherCurrentLiab": 45496872, "longTermDebt": 10496265, "otherLiab": 9890008, "totalCurrentLiabilities": 100961400, "totalLiab": 121347673, "commonStock": 49362800, "retainedEarnings": 264073705, "treasuryStock": 35000, "capitalSurplus": 10688000, "otherStockholderEquity": 35000, "totalStockholderEquity": 324159505, "netTangibleAssets": 324159505}, {"maxAge": 1, "endDate": "2019-03-31", "cash": 31758593, "shortTermInvestments": 38464851, "netReceivables": 110915108, "inventory": 41086295, "otherCurrentAssets": 37275680, "totalCurrentAssets": 259500527, "longTermInvestments": 467030, "propertyPlantEquipment": 112418708, "otherAssets": 13742675, "totalAssets": 386128940, "accountsPayable": 43278123, "shortLongTermDebt": 7375051, "otherCurrentLiab": 47822007, "longTermDebt": 19824578, "otherLiab": 10805818, "deferredLongTermLiab": 1133351, "totalCurrentLiabilities": 116970729, "totalLiab": 147601125, "commonStock": 49362800, "retainedEarnings": 178477015, "capitalSurplus": 10688000, "totalStockholderEquity": 238527815, "netTangibleAssets": 238527815}, {"maxAge": 1, "endDate": "2018-03-31", "cash": 15362562, "shortTermInvestments": 10263047, "netReceivables": 66927715, "inventory": 41069410, "otherCurrentAssets": 12552852, "totalCurrentAssets": 146175586, "longTermInvestments": 467030, "propertyPlantEquipment": 107536354, "otherAssets": 13722435, "totalAssets": 267901405, "accountsPayable": 36434828, "shortLongTermDebt": 7236617, "otherCurrentLiab": 16293219, "longTermDebt": 17566784, "otherLiab": 20196464, "deferredLongTermLiab": 2621618, "totalCurrentLiabilities": 83277579, "totalLiab": 121040827, "commonStock": 49362800, "retainedEarnings": 86809778, "capitalSurplus": 10688000, "totalStockholderEquity": 146860578, "netTangibleAssets": 146860578}, {"maxAge": 1, "endDate": "2017-03-31", "cash": 22766382, "netReceivables": 48617323, "inventory": 26503928, "otherCurrentAssets": 9604457, "totalCurrentAssets": 107492090, "longTermInvestments": 467030, "propertyPlantEquipment": 84964423, "otherAssets": 12928584, "totalAssets": 205852127, "accountsPayable": 12359930, "shortLongTermDebt": 6137253, "otherCurrentLiab": 13889647, "longTermDebt": 9400641, "otherLiab": 12759646, "deferredLongTermLiab": 3946952, "totalCurrentLiabilities": 58972140, "totalLiab": 81132427, "commonStock": 49362800, "retainedEarnings": 64668900, "capitalSurplus": 10688000, "totalStockholderEquity": 124719700, "netTangibleAssets": 124719700}], "maxAge": 86400}, "financialData": {"maxAge": 86400, "currentPrice": 241.95, "recommendationKey": "none", "grossProfits": 346147849, "financialCurrency": "INR"}}}