{"CHEMOPH.BO": {"cashflowStatementHistory": {"cashflowStatements": [{"maxAge": 1, "endDate": "2020-03-31", "netIncome": 4151548, "depreciation": 231274, "changeToNetincome": -9967591, "changeToLiabilities": 0, "changeToOperatingActivities": 53907811, "totalCashFromOperatingActivities": 48323042, "investments": 131916, "otherCashflowsFromInvestingActivities": 9967591, "totalCashflowsFromInvestingActivities": 10099507, "changeInCash": 58422549}, {"maxAge": 1, "endDate": "2019-03-31", "netIncome": 2062904, "depreciation": 47001, "changeToNetincome": -8044093, "changeToLiabilities": 0, "changeToOperatingActivities": -48904070, "totalCashFromOperatingActivities": -54838258, "investments": -181322, "otherCashflowsFromInvestingActivities": 8044094, "totalCashflowsFromInvestingActivities": 7862772, "changeInCash": -46975486}, {"maxAge": 1, "endDate": "2018-03-31", "netIncome": 1006283, "depreciation": 34518, "changeToNetincome": -10845603, "changeToLiabilities": 0, "changeToOperatingActivities": -6807508, "totalCashFromOperatingActivities": -16612310, "investments": -181322, "otherCashflowsFromInvestingActivities": 10845603, "totalCashflowsFromInvestingActivities": 10845603, "netBorrowings": 13669837, "totalCashFromFinancingActivities": 13669837, "changeInCash": 7903130}, {"maxAge": 1, "endDate": "2017-03-31", "netIncome": 46841258, "depreciation": 260, "changeToNetincome": -5243589, "changeToLiabilities": 0, "changeToOperatingActivities": 22504541, "totalCashFromOperatingActivities": 64102470, "investments": -181322, "otherCashflowsFromInvestingActivities": 5243589, "totalCashflowsFromInvestingActivities": 5243589, "netBorrowings": -5000000, "totalCashFromFinancingActivities": -5000000, "changeInCash": 64346059}], "maxAge": 86400}, "institutionOwnership": {"maxAge": 1, "ownershipList": []}, "balanceSheetHistoryQuarterly": {"balanceSheetStatements": [{"maxAge": 1, "endDate": "2020-09-30", "cash": 87266000, "netReceivables": 3444000, "totalCurrentAssets": 90710000, "longTermInvestments": 237000, "propertyPlantEquipment": 761000, "otherAssets": 19568000, "totalAssets": 111276000, "otherCurrentLiab": 1986000, "totalCurrentLiabilities": 1986000, "totalLiab": 1986000, "commonStock": 15000000, "treasuryStock": 94290000, "otherStockholderEquity": 94290000, "totalStockholderEquity": 109290000, "netTangibleAssets": 109290000}, {"maxAge": 1, "endDate": "2020-06-30", "totalStockholderEquity": 107447000, "netTangibleAssets": 107447000}, {"maxAge": 1, "endDate": "2020-03-31", "cash": 88084088, "otherCurrentAssets": 1020635, "totalCurrentAssets": 89104723, "longTermInvestments": 237031, "propertyPlantEquipment": 747534, "otherAssets": 19567601, "totalAssets": 109656889, "otherCurrentLiab": 2209803, "otherLiab": 1, "totalCurrentLiabilities": 2209803, "totalLiab": 2209804, "commonStock": 15000000, "retainedEarnings": 41032347, "treasuryStock": 51414738, "otherStockholderEquity": 51414738, "totalStockholderEquity": 107447085, "netTangibleAssets": 107447085}, {"maxAge": 1, "endDate": "2019-12-31", "totalStockholderEquity": 106584000, "netTangibleAssets": 106584000}], "maxAge": 86400}, "indexTrend": {"maxAge": 1, "symbol": "SP5", "peRatio": 19.7411, "pegRatio": 1.34172, "estimates": [{"period": "0q", "growth": 0.549}, {"period": "+1q", "growth": 0.431}, {"period": "0y", "growth": 0.305}, {"period": "+1y", "growth": 0.109}, {"period": "+5y", "growth": 0.120859005}, {"period": "-5y"}]}, "insiderTransactions": {"transactions": [{"maxAge": 1, "shares": 369450, "filerUrl": "", "transactionText": "", "filerName": "Citric India Ltd", "filerRelation": "Institution- Corporation", "moneyText": "", "startDate": "2011-03-29", "ownership": "D"}, {"maxAge": 1, "shares": 369450, "filerUrl": "", "transactionText": "", "filerName": "Tecil Chemicals & Hydro Power, Ltd.", "filerRelation": "Institution- Corporation", "moneyText": "", "startDate": "2011-03-29", "ownership": "D"}], "maxAge": 1}, "quoteType": {"exchange": "BSE", "quoteType": "EQUITY", "symbol": "CHEMOPH.BO", "underlyingSymbol": "CHEMOPH.BO", "shortName": "CHEMO PHARMA LABORATORIES LTD.", "longName": "Chemo Pharma Laboratories Limited", "firstTradeDateEpochUtc": "2011-10-10 09:15:00", "timeZoneFullName": "Asia/Kolkata", "timeZoneShortName": "IST", "uuid": "3cd5c103-38c1-3cbd-baa0-ca40186ec73a", "messageBoardId": null, "gmtOffSetMilliseconds": 19800000, "maxAge": 1}, "incomeStatementHistory": {"incomeStatementHistory": [{"maxAge": 1, "endDate": "2020-03-31", "totalRevenue": 9967591, "costOfRevenue": 16620, "grossProfit": 9950971, "researchDevelopment": {}, "sellingGeneralAdministrative": 1882807, "nonRecurring": {}, "otherOperatingExpenses": 2762638, "totalOperatingExpenses": 4893339, "operatingIncome": 5074252, "totalOtherIncomeExpenseNet": -132916, "ebit": 5074252, "interestExpense": -1000, "incomeBeforeTax": 4941336, "incomeTaxExpense": 789788, "minorityInterest": {}, "netIncomeFromContinuingOps": 4151548, "discontinuedOperations": {}, "extraordinaryItems": {}, "effectOfAccountingCharges": {}, "otherItems": {}, "netIncome": 4151548, "netIncomeApplicableToCommonShares": 4151548}, {"maxAge": 1, "endDate": "2019-03-31", "totalRevenue": 8225416, "costOfRevenue": 37383, "grossProfit": 8188033, "researchDevelopment": {}, "sellingGeneralAdministrative": 2276674, "nonRecurring": {}, "otherOperatingExpenses": 3302981, "totalOperatingExpenses": 5664039, "operatingIncome": 2561377, "totalOtherIncomeExpenseNet": -15290, "ebit": 2561377, "interestExpense": -660, "incomeBeforeTax": 2546087, "incomeTaxExpense": 483183, "minorityInterest": {}, "netIncomeFromContinuingOps": 2062904, "discontinuedOperations": {}, "extraordinaryItems": {}, "effectOfAccountingCharges": {}, "otherItems": {}, "netIncome": 2062904, "netIncomeApplicableToCommonShares": 2062904}, {"maxAge": 1, "endDate": "2018-03-31", "totalRevenue": 10845603, "costOfRevenue": 1300, "grossProfit": 10844303, "researchDevelopment": {}, "sellingGeneralAdministrative": 1618132, "nonRecurring": {}, "otherOperatingExpenses": 1555090, "totalOperatingExpenses": 3209040, "operatingIncome": 7636563, "totalOtherIncomeExpenseNet": -3000, "ebit": 7636563, "interestExpense": -3000, "incomeBeforeTax": 7633563, "incomeTaxExpense": 6627280, "minorityInterest": {}, "netIncomeFromContinuingOps": 1006283, "discontinuedOperations": {}, "extraordinaryItems": {}, "effectOfAccountingCharges": {}, "otherItems": {}, "netIncome": 1006283, "netIncomeApplicableToCommonShares": 1006283}, {"maxAge": 1, "endDate": "2017-03-31", "totalRevenue": 55882064, "costOfRevenue": 0, "grossProfit": 55882064, "researchDevelopment": {}, "sellingGeneralAdministrative": 859388, "nonRecurring": {}, "otherOperatingExpenses": 1633300, "totalOperatingExpenses": 2492948, "operatingIncome": 53389116, "totalOtherIncomeExpenseNet": 0, "ebit": 53389116, "interestExpense": -3000, "incomeBeforeTax": 53389116, "incomeTaxExpense": 6547858, "minorityInterest": {}, "netIncomeFromContinuingOps": 46841258, "discontinuedOperations": {}, "extraordinaryItems": {}, "effectOfAccountingCharges": {}, "otherItems": {}, "netIncome": 46841258, "netIncomeApplicableToCommonShares": 46841258}], "maxAge": 86400}, "fundOwnership": {"maxAge": 1, "ownershipList": []}, "summaryDetail": {"maxAge": 1, "priceHint": 2, "previousClose": 30.2, "open": 29.6, "dayLow": 28.7, "dayHigh": 31.0, "regularMarketPreviousClose": 30.2, "regularMarketOpen": 29.6, "regularMarketDayLow": 28.7, "regularMarketDayHigh": 31.0, "trailingPE": 17.109634, "volume": 7994, "regularMarketVolume": 7994, "averageVolume": 744, "averageVolume10days": 86, "averageDailyVolume10Day": 86, "bid": 30.0, "ask": 31.0, "bidSize": 0, "askSize": 0, "marketCap": 46350000, "fiftyTwoWeekLow": 5.45, "fiftyTwoWeekHigh": 35.7, "fiftyDayAverage": 29.486765, "twoHundredDayAverage": 18.462574, "currency": "INR", "fromCurrency": null, "toCurrency": null, "lastMarket": null, "algorithm": null, "tradeable": false}, "incomeStatementHistoryQuarterly": {"incomeStatementHistory": [{"maxAge": 1, "endDate": "2020-09-30", "totalRevenue": 1428000, "costOfRevenue": 0, "grossProfit": 1428000, "researchDevelopment": {}, "sellingGeneralAdministrative": 416000, "nonRecurring": {}, "otherOperatingExpenses": {}, "totalOperatingExpenses": 416000, "operatingIncome": 1012000, "totalOtherIncomeExpenseNet": 0, "ebit": 1012000, "interestExpense": {}, "incomeBeforeTax": 1012000, "incomeTaxExpense": 0, "minorityInterest": {}, "netIncomeFromContinuingOps": 1012000, "discontinuedOperations": {}, "extraordinaryItems": {}, "effectOfAccountingCharges": {}, "otherItems": {}, "netIncome": 1012000, "netIncomeApplicableToCommonShares": 1012000}, {"maxAge": 1, "endDate": "2020-06-30", "totalRevenue": 1563000, "costOfRevenue": 0, "grossProfit": 1563000, "researchDevelopment": {}, "sellingGeneralAdministrative": 676000, "nonRecurring": {}, "otherOperatingExpenses": {}, "totalOperatingExpenses": 676000, "operatingIncome": 887000, "totalOtherIncomeExpenseNet": 0, "ebit": 887000, "interestExpense": {}, "incomeBeforeTax": 887000, "incomeTaxExpense": 56000, "minorityInterest": {}, "netIncomeFromContinuingOps": 831000, "discontinuedOperations": {}, "extraordinaryItems": {}, "effectOfAccountingCharges": {}, "otherItems": {}, "netIncome": 831000, "netIncomeApplicableToCommonShares": 831000}, {"maxAge": 1, "endDate": "2020-03-31", "totalRevenue": 2858591, "costOfRevenue": 16620, "grossProfit": 2841971, "researchDevelopment": {}, "sellingGeneralAdministrative": -1266193, "nonRecurring": {}, "otherOperatingExpenses": 2762638, "totalOperatingExpenses": 1744339, "operatingIncome": 1114252, "totalOtherIncomeExpenseNet": -132916, "ebit": 1114252, "interestExpense": -1000, "incomeBeforeTax": 981336, "incomeTaxExpense": 789788, "minorityInterest": {}, "netIncomeFromContinuingOps": 191548, "discontinuedOperations": {}, "extraordinaryItems": {}, "effectOfAccountingCharges": {}, "otherItems": {}, "netIncome": 191548, "netIncomeApplicableToCommonShares": 191548}, {"maxAge": 1, "endDate": "2019-12-31", "totalRevenue": 1499000, "costOfRevenue": 0, "grossProfit": 1499000, "researchDevelopment": {}, "sellingGeneralAdministrative": 816000, "nonRecurring": {}, "otherOperatingExpenses": 2762638, "totalOperatingExpenses": 816000, "operatingIncome": 683000, "totalOtherIncomeExpenseNet": 0, "ebit": 683000, "interestExpense": -1000, "incomeBeforeTax": 683000, "incomeTaxExpense": 0, "minorityInterest": {}, "netIncomeFromContinuingOps": 683000, "discontinuedOperations": {}, "extraordinaryItems": {}, "effectOfAccountingCharges": {}, "otherItems": {}, "netIncome": 683000, "netIncomeApplicableToCommonShares": 683000}], "maxAge": 86400}, "cashflowStatementHistoryQuarterly": {"cashflowStatements": [{"maxAge": 1, "endDate": "2020-09-30", "netIncome": 1012000, "changeToLiabilities": 0}, {"maxAge": 1, "endDate": "2020-06-30", "netIncome": 831000, "changeToLiabilities": 0}, {"maxAge": 1, "endDate": "2020-03-31", "netIncome": 191548, "changeToLiabilities": 0}, {"maxAge": 1, "endDate": "2019-12-31", "netIncome": 683000, "changeToLiabilities": 0}], "maxAge": 86400}, "insiderHolders": {"holders": [{"maxAge": 1, "name": "Citric India Ltd", "relation": "Institution- Corporation", "url": "", "transactionDescription": "Acquisition", "latestTransDate": "2011-03-29", "positionDirect": 369500, "positionDirectDate": "2011-03-29"}, {"maxAge": 1, "name": "Tecil Chemicals & Hydro Power, Ltd.", "relation": "Institution- Corporation", "url": "", "transactionDescription": "Sale", "latestTransDate": "2011-03-29", "positionDirect": 0, "positionDirectDate": "2011-03-29"}], "maxAge": 1}, "calendarEvents": {"maxAge": 1, "earnings": {"earningsDate": []}}, "price": {"maxAge": 1, "regularMarketChangePercent": 0.023178767, "regularMarketChange": 0.69999886, "regularMarketTime": "2021-04-30 15:28:47", "priceHint": 2, "regularMarketPrice": 30.9, "regularMarketDayHigh": 31.0, "regularMarketDayLow": 28.7, "regularMarketVolume": 7994, "averageDailyVolume10Day": 86, "averageDailyVolume3Month": 744, "regularMarketPreviousClose": 30.2, "regularMarketSource": "FREE_REALTIME", "regularMarketOpen": 29.6, "exchange": "BSE", "exchangeName": "BSE", "exchangeDataDelayedBy": 0, "marketState": "CLOSED", "quoteType": "EQUITY", "symbol": "CHEMOPH.BO", "underlyingSymbol": null, "shortName": "CHEMO PHARMA LABORATORIES LTD.", "longName": "Chemo Pharma Laboratories Limited", "currency": "INR", "quoteSourceName": "Delayed Quote", "currencySymbol": "\u20b9", "fromCurrency": null, "toCurrency": null, "lastMarket": null, "marketCap": 46350000}, "balanceSheetHistory": {"balanceSheetStatements": [{"maxAge": 1, "endDate": "2020-03-31", "cash": 88084088, "otherCurrentAssets": 1020635, "totalCurrentAssets": 89104723, "longTermInvestments": 237031, "propertyPlantEquipment": 747534, "otherAssets": 19567601, "totalAssets": 109656889, "otherCurrentLiab": 2209803, "otherLiab": 1, "totalCurrentLiabilities": 2209803, "totalLiab": 2209804, "commonStock": 15000000, "retainedEarnings": 41032347, "treasuryStock": 51414738, "otherStockholderEquity": 51414738, "totalStockholderEquity": 107447085, "netTangibleAssets": 107447085}, {"maxAge": 1, "endDate": "2019-03-31", "cash": 29661539, "netReceivables": 55000000, "otherCurrentAssets": 731800, "totalCurrentAssets": 85393339, "longTermInvestments": 368947, "propertyPlantEquipment": 30243, "otherAssets": 18417400, "totalAssets": 104209929, "otherCurrentLiab": 914392, "totalCurrentLiabilities": 914392, "totalLiab": 914392, "commonStock": 15000000, "retainedEarnings": 36880799, "treasuryStock": 51414738, "otherStockholderEquity": 51414738, "totalStockholderEquity": 103295537, "netTangibleAssets": 103295537}, {"maxAge": 1, "endDate": "2018-03-31", "cash": 76637027, "netReceivables": 8835163, "totalCurrentAssets": 85472190, "longTermInvestments": 187625, "propertyPlantEquipment": 20722, "otherAssets": 16883799, "totalAssets": 102564336, "otherCurrentLiab": 1331703, "totalCurrentLiabilities": 1331703, "totalLiab": 1331703, "commonStock": 15000000, "retainedEarnings": 34817895, "treasuryStock": 51414738, "otherStockholderEquity": 51414738, "totalStockholderEquity": 101232633, "netTangibleAssets": 101232633}, {"maxAge": 1, "endDate": "2017-03-31", "cash": 68733896, "netReceivables": 22505000, "totalCurrentAssets": 91238896, "longTermInvestments": 187625, "propertyPlantEquipment": 93685, "otherAssets": 15670250, "totalAssets": 107190456, "otherCurrentLiab": 5767130, "otherLiab": 1196976, "totalCurrentLiabilities": 5767130, "totalLiab": 6964106, "commonStock": 15000000, "retainedEarnings": 33811612, "treasuryStock": 51414738, "otherStockholderEquity": 51414738, "totalStockholderEquity": 100226350, "netTangibleAssets": 100226350}], "maxAge": 86400}, "financialData": {"maxAge": 86400, "currentPrice": 30.9, "recommendationKey": "none", "grossProfits": 9950971, "financialCurrency": "INR"}}}