{"CHEMCON.NS": {"assetProfile": {"address1": "Onyx Business Center Akshar Chowk", "address2": "9th Floor Old Padra Road", "city": "Vadodara", "zip": "390020", "country": "India", "phone": "91 26 5298 1195", "fax": "91 26 5298 3754", "website": "http://www.cscpl.com", "industry": "Specialty Chemicals", "sector": "Basic Materials", "longBusinessSummary": "Chemcon Speciality Chemicals Limited manufacturers and sells pharmaceutical intermediates, silanes, and oilfield chemicals in India. The company offers oilfield chemicals, including calcium bromide liquids, calcium bromide powders, sodium bromide solutions, and zinc bromide solutions; pharma intermediates comprising hexamethyl disilazanes, chloromethyl isopropyl carbonates, trimethyl chlorosilanes, and hexamethyl disiloxanes; and Silanes, such as hexamethyl disilazanes, trimethyl chlorosilanes, and hexamethyl disiloxanes, as well as provides contract manufacturing services. It sells products in countries, such as the United States, the People's Republic of China, Japan, the United Arab Emirates, Azerbaijan, Serbia, Russia, and Malaysia. The company was incorporated in 1988 and is based in Vadodara, India.", "companyOfficers": [{"maxAge": 1, "name": "Mr. Kamalkumar Rajendra Aggarwal", "age": 58, "title": "Chairman & MD", "yearBorn": 1962, "exercisedValue": 0, "unexercisedValue": 0}, {"maxAge": 1, "name": "Mr. Rajesh Chimanlal Gandhi", "age": 49, "title": "CFO, Director of F&A and Whole-time Director", "yearBorn": 1971, "exercisedValue": 0, "unexercisedValue": 0}, {"maxAge": 1, "name": "Mr. Rajveer Kamal Aggarwal", "age": 25, "title": "Director of Operations & Whole-time Director", "yearBorn": 1995, "exercisedValue": 0, "unexercisedValue": 0}, {"maxAge": 1, "name": "Mr. Shahilkumar Maheshbhai Kapatel", "age": 32, "title": "Company Sec. & Compliance Officer", "yearBorn": 1988, "exercisedValue": 0, "unexercisedValue": 0}, {"maxAge": 1, "name": "Mr. Navdeep Nareshkumar Goyal", "age": 30, "title": "Deputy MD & Exec. Director", "yearBorn": 1990, "exercisedValue": 0, "unexercisedValue": 0}, {"maxAge": 1, "name": "Mr. Himanshu Prafulchandra Purohit", "age": 47, "title": "Director of Production & Whole-time Director", "yearBorn": 1973, "exercisedValue": 0, "unexercisedValue": 0}], "maxAge": 86400}, "cashflowStatementHistory": {"cashflowStatements": [{"maxAge": 1, "endDate": "2020-03-31", "netIncome": 488530000, "depreciation": 46130000, "changeToNetincome": 27950000, "changeToAccountReceivables": -248280000, "changeToLiabilities": -31500000, "changeToInventory": -21610000, "changeToOperatingActivities": -156260000, "totalCashFromOperatingActivities": 105020000, "capitalExpenditures": -165620000, "investments": -21220000, "otherCashflowsFromInvestingActivities": 7980000, "totalCashflowsFromInvestingActivities": -166170000, "netBorrowings": 109760000, "otherCashflowsFromFinancingActivities": -44710000, "totalCashFromFinancingActivities": 65050000, "changeInCash": 3900000}, {"maxAge": 1, "endDate": "2019-03-31", "netIncome": 430410000, "depreciation": 28620000, "changeToNetincome": -7850000, "changeToAccountReceivables": -345630000, "changeToLiabilities": 115950000, "changeToInventory": -248780000, "changeToOperatingActivities": 137840000, "totalCashFromOperatingActivities": 110580000, "capitalExpenditures": -142730000, "investments": -103440000, "otherCashflowsFromInvestingActivities": 1480000, "totalCashflowsFromInvestingActivities": -237090000, "netBorrowings": 162170000, "otherCashflowsFromFinancingActivities": -38100000, "totalCashFromFinancingActivities": 124070000, "changeInCash": -2440000}, {"maxAge": 1, "endDate": "2018-03-31", "netIncome": 263810000, "depreciation": 22590000, "changeToNetincome": 27890000, "changeToAccountReceivables": -71680000, "changeToLiabilities": 85090000, "changeToInventory": -119950000, "changeToOperatingActivities": -67780000, "totalCashFromOperatingActivities": 139970000, "capitalExpenditures": -80680000, "investments": -103440000, "otherCashflowsFromInvestingActivities": 1100000, "totalCashflowsFromInvestingActivities": -72370000, "netBorrowings": -30920000, "otherCashflowsFromFinancingActivities": -30360000, "totalCashFromFinancingActivities": -61280000, "changeInCash": 6320000}, {"maxAge": 1, "endDate": "2017-03-31", "netIncome": 28240000, "depreciation": 23360000, "changeToNetincome": 20850000, "changeToAccountReceivables": -89690000, "changeToLiabilities": 42340000, "changeToInventory": -12840000, "changeToOperatingActivities": 12060000, "totalCashFromOperatingActivities": 24320000, "capitalExpenditures": -78930000, "investments": -103440000, "otherCashflowsFromInvestingActivities": 290000, "totalCashflowsFromInvestingActivities": -78040000, "netBorrowings": 71620000, "otherCashflowsFromFinancingActivities": -19980000, "totalCashFromFinancingActivities": 51640000, "changeInCash": -2080000}], "maxAge": 86400}, "institutionOwnership": {"maxAge": 1, "ownershipList": []}, "majorHoldersBreakdown": {"maxAge": 1, "insidersPercentHeld": 0.77402, "institutionsPercentHeld": 0.02875, "institutionsFloatPercentHeld": 0.1272, "institutionsCount": 4}, "balanceSheetHistoryQuarterly": {"balanceSheetStatements": [{"maxAge": 1, "endDate": "2020-12-31", "totalStockholderEquity": 3240028000, "netTangibleAssets": 3239828000}, {"maxAge": 1, "endDate": "2020-09-30", "cash": 3294373000, "shortTermInvestments": 188278000, "netReceivables": 1107464000, "inventory": 552858000, "otherCurrentAssets": 216028000, "totalCurrentAssets": 5359001000, "propertyPlantEquipment": 662135000, "intangibleAssets": 200000, "otherAssets": 7390000, "totalAssets": 6028726000, "accountsPayable": 195769000, "otherCurrentLiab": 1972162000, "longTermDebt": 143319000, "otherLiab": 17740000, "totalCurrentLiabilities": 2615409000, "totalLiab": 2788698000, "commonStock": 366307000, "retainedEarnings": 2873721000, "totalStockholderEquity": 3240028000, "netTangibleAssets": 3239828000}, {"maxAge": 1, "endDate": "2020-06-30", "totalStockholderEquity": 1463700000, "netTangibleAssets": 1463500000}, {"maxAge": 1, "endDate": "2019-12-31"}], "maxAge": 86400}, "indexTrend": {"maxAge": 1, "symbol": "SP5", "peRatio": 19.7411, "pegRatio": 1.34172, "estimates": [{"period": "0q", "growth": 0.549}, {"period": "+1q", "growth": 0.431}, {"period": "0y", "growth": 0.305}, {"period": "+1y", "growth": 0.109}, {"period": "+5y", "growth": 0.120865}, {"period": "-5y"}]}, "defaultKeyStatistics": {"maxAge": 1, "priceHint": 2, "enterpriseValue": 11709518848, "profitMargins": 0.22648, "floatShares": 8746034, "sharesOutstanding": 36630700, "heldPercentInsiders": 0.77402, "heldPercentInstitutions": 0.02875, "category": null, "bookValue": 101.687, "priceToBook": 4.193752, "fundFamily": null, "legalType": null, "lastFiscalYearEnd": "2020-03-31 05:30:00", "nextFiscalYearEnd": "2022-03-31 05:30:00", "mostRecentQuarter": "2020-12-31 05:30:00", "earningsQuarterlyGrowth": 0.775, "netIncomeToCommon": 506883008, "trailingEps": 15.347, "lastSplitFactor": null, "enterpriseToRevenue": 5.232, "enterpriseToEbitda": 15.776, "52WeekChange": -0.27077633, "SandP52WeekChange": 0.48148263}, "summaryProfile": {"address1": "Onyx Business Center Akshar Chowk", "address2": "9th Floor Old Padra Road", "city": "Vadodara", "zip": "390020", "country": "India", "phone": "91 26 5298 1195", "fax": "91 26 5298 3754", "website": "http://www.cscpl.com", "industry": "Specialty Chemicals", "sector": "Basic Materials", "longBusinessSummary": "Chemcon Speciality Chemicals Limited manufacturers and sells pharmaceutical intermediates, silanes, and oilfield chemicals in India. The company offers oilfield chemicals, including calcium bromide liquids, calcium bromide powders, sodium bromide solutions, and zinc bromide solutions; pharma intermediates comprising hexamethyl disilazanes, chloromethyl isopropyl carbonates, trimethyl chlorosilanes, and hexamethyl disiloxanes; and Silanes, such as hexamethyl disilazanes, trimethyl chlorosilanes, and hexamethyl disiloxanes, as well as provides contract manufacturing services. It sells products in countries, such as the United States, the People's Republic of China, Japan, the United Arab Emirates, Azerbaijan, Serbia, Russia, and Malaysia. The company was incorporated in 1988 and is based in Vadodara, India.", "companyOfficers": [], "maxAge": 86400}, "netSharePurchaseActivity": {"maxAge": 1, "period": "6m", "buyInfoCount": 0, "buyInfoShares": 0, "sellInfoCount": 0, "netInfoCount": 0, "netInfoShares": 0, "netPercentInsiderShares": 0.0, "totalInsiderShares": 26513164}, "quoteType": {"exchange": "NSI", "quoteType": "EQUITY", "symbol": "CHEMCON.NS", "underlyingSymbol": "CHEMCON.NS", "shortName": "Chemcon Special Chem Ltd", "longName": "Chemcon Speciality Chemicals Limited", "firstTradeDateEpochUtc": "2020-10-01 09:15:00", "timeZoneFullName": "Asia/Kolkata", "timeZoneShortName": "IST", "uuid": "ca69fc6a-5939-3576-8b45-d06dffebae58", "messageBoardId": "finmb_306251757", "gmtOffSetMilliseconds": 19800000, "maxAge": 1}, "incomeStatementHistory": {"incomeStatementHistory": [{"maxAge": 1, "endDate": "2020-03-31", "totalRevenue": 2620520000, "costOfRevenue": 1502440000, "grossProfit": 1118080000, "researchDevelopment": {}, "sellingGeneralAdministrative": 145250000, "nonRecurring": {}, "otherOperatingExpenses": 269650000, "totalOperatingExpenses": 1963540000, "operatingIncome": 656980000, "totalOtherIncomeExpenseNet": -7750000, "ebit": 656980000, "interestExpense": -33690000, "incomeBeforeTax": 649230000, "incomeTaxExpense": 160700000, "minorityInterest": {}, "netIncomeFromContinuingOps": 488530000, "discontinuedOperations": {}, "extraordinaryItems": {}, "effectOfAccountingCharges": {}, "otherItems": {}, "netIncome": 488530000, "netIncomeApplicableToCommonShares": 488530000}, {"maxAge": 1, "endDate": "2019-03-31", "totalRevenue": 3033400000, "costOfRevenue": 1855280000, "grossProfit": 1178120000, "researchDevelopment": {}, "sellingGeneralAdministrative": 244970000, "nonRecurring": {}, "otherOperatingExpenses": 271810000, "totalOperatingExpenses": 2400700000, "operatingIncome": 632700000, "totalOtherIncomeExpenseNet": -20670000, "ebit": 632700000, "interestExpense": -28650000, "incomeBeforeTax": 612030000, "incomeTaxExpense": 181620000, "minorityInterest": {}, "netIncomeFromContinuingOps": 430410000, "discontinuedOperations": {}, "extraordinaryItems": {}, "effectOfAccountingCharges": {}, "otherItems": {}, "netIncome": 430410000, "netIncomeApplicableToCommonShares": 430410000}, {"maxAge": 1, "endDate": "2018-03-31", "totalRevenue": 1578210000, "costOfRevenue": 780270000, "grossProfit": 797940000, "researchDevelopment": {}, "sellingGeneralAdministrative": 189220000, "nonRecurring": {}, "otherOperatingExpenses": 151910000, "totalOperatingExpenses": 1143990000, "operatingIncome": 434220000, "totalOtherIncomeExpenseNet": -28710000, "ebit": 434220000, "interestExpense": -21130000, "incomeBeforeTax": 405510000, "incomeTaxExpense": 141700000, "minorityInterest": {}, "netIncomeFromContinuingOps": 263810000, "discontinuedOperations": {}, "extraordinaryItems": {}, "effectOfAccountingCharges": {}, "otherItems": {}, "netIncome": 263810000, "netIncomeApplicableToCommonShares": 263810000}, {"maxAge": 1, "endDate": "2017-03-31", "totalRevenue": 876870000, "costOfRevenue": 571210000, "grossProfit": 305660000, "researchDevelopment": {}, "sellingGeneralAdministrative": 116950000, "nonRecurring": {}, "otherOperatingExpenses": 101950000, "totalOperatingExpenses": 813470000, "operatingIncome": 63400000, "totalOtherIncomeExpenseNet": -19110000, "ebit": 63400000, "interestExpense": -16890000, "incomeBeforeTax": 44290000, "incomeTaxExpense": 16050000, "minorityInterest": {}, "netIncomeFromContinuingOps": 28240000, "discontinuedOperations": {}, "extraordinaryItems": {}, "effectOfAccountingCharges": {}, "otherItems": {}, "netIncome": 28240000, "netIncomeApplicableToCommonShares": 28240000}], "maxAge": 86400}, "fundOwnership": {"maxAge": 1, "ownershipList": []}, "summaryDetail": {"maxAge": 1, "priceHint": 2, "previousClose": 436.0, "open": 425.0, "dayLow": 425.0, "dayHigh": 435.5, "regularMarketPreviousClose": 436.0, "regularMarketOpen": 425.0, "regularMarketDayLow": 425.0, "regularMarketDayHigh": 435.5, "payoutRatio": 0.0, "trailingPE": 27.78719, "volume": 120919, "regularMarketVolume": 120919, "averageVolume": 236659, "averageVolume10days": 269079, "averageDailyVolume10Day": 269079, "bid": 0.0, "ask": 0.0, "marketCap": 15619371008, "fiftyTwoWeekLow": 398.0, "fiftyTwoWeekHigh": 731.25, "priceToSalesTrailing12Months": 6.9788094, "fiftyDayAverage": 418.3111, "twoHundredDayAverage": 429.96414, "currency": "INR", "fromCurrency": null, "toCurrency": null, "lastMarket": null, "algorithm": null, "tradeable": false}, "incomeStatementHistoryQuarterly": {"incomeStatementHistory": [{"maxAge": 1, "endDate": "2020-12-31", "totalRevenue": 648064000, "costOfRevenue": 310867000, "grossProfit": 337197000, "researchDevelopment": {}, "sellingGeneralAdministrative": 46374000, "nonRecurring": {}, "otherOperatingExpenses": 62408000, "totalOperatingExpenses": 433780000, "operatingIncome": 214284000, "totalOtherIncomeExpenseNet": 5807000, "ebit": 214284000, "interestExpense": -6344000, "incomeBeforeTax": 220091000, "incomeTaxExpense": 55330000, "minorityInterest": {}, "netIncomeFromContinuingOps": 164761000, "discontinuedOperations": {}, "extraordinaryItems": {}, "effectOfAccountingCharges": {}, "otherItems": {}, "netIncome": 164761000, "netIncomeApplicableToCommonShares": 164761000}, {"maxAge": 1, "endDate": "2020-09-30", "totalRevenue": 615370000, "costOfRevenue": 257105000, "grossProfit": 358265000, "researchDevelopment": {}, "sellingGeneralAdministrative": 37366000, "nonRecurring": {}, "otherOperatingExpenses": 87624000, "totalOperatingExpenses": 396010000, "operatingIncome": 219360000, "totalOtherIncomeExpenseNet": -10415000, "ebit": 219360000, "interestExpense": -11834000, "incomeBeforeTax": 208945000, "incomeTaxExpense": 53136000, "minorityInterest": {}, "netIncomeFromContinuingOps": 155809000, "discontinuedOperations": {}, "extraordinaryItems": {}, "effectOfAccountingCharges": {}, "otherItems": {}, "netIncome": 155809000, "netIncomeApplicableToCommonShares": 155809000}, {"maxAge": 1, "endDate": "2020-06-30", "totalRevenue": 536013500, "costOfRevenue": 252577500, "grossProfit": 283436000, "researchDevelopment": {}, "sellingGeneralAdministrative": 34658000, "nonRecurring": {}, "otherOperatingExpenses": 61636500, "totalOperatingExpenses": 362423500, "operatingIncome": 173590000, "totalOtherIncomeExpenseNet": -9858000, "ebit": 173590000, "interestExpense": -11505500, "incomeBeforeTax": 163732000, "incomeTaxExpense": 41637500, "minorityInterest": {}, "netIncomeFromContinuingOps": 122094500, "discontinuedOperations": {}, "extraordinaryItems": {}, "effectOfAccountingCharges": {}, "otherItems": {}, "netIncome": 122094500, "netIncomeApplicableToCommonShares": 122094500}, {"maxAge": 1, "endDate": "2019-12-31", "totalRevenue": 557313000, "costOfRevenue": 317981000, "grossProfit": 239332000, "researchDevelopment": {}, "sellingGeneralAdministrative": 31230000, "nonRecurring": {}, "otherOperatingExpenses": 74087000, "totalOperatingExpenses": 434032000, "operatingIncome": 123281000, "totalOtherIncomeExpenseNet": -1299000, "ebit": 123281000, "interestExpense": -9079000, "incomeBeforeTax": 121982000, "incomeTaxExpense": 29182000, "minorityInterest": {}, "netIncomeFromContinuingOps": 92800000, "discontinuedOperations": {}, "extraordinaryItems": {}, "effectOfAccountingCharges": {}, "otherItems": {}, "netIncome": 92800000, "netIncomeApplicableToCommonShares": 92800000}], "maxAge": 86400}, "cashflowStatementHistoryQuarterly": {"cashflowStatements": [{"maxAge": 1, "endDate": "2020-12-31", "netIncome": 164761000, "changeToLiabilities": 0}, {"maxAge": 1, "endDate": "2020-09-30", "netIncome": 155809000, "depreciation": 13551000, "changeToNetincome": 41505000, "changeToAccountReceivables": -108998000, "changeToLiabilities": -30726500, "changeToInventory": -36052500, "changeToOperatingActivities": 9256000, "totalCashFromOperatingActivities": 10629500, "capitalExpenditures": -80565000, "investments": -1326000, "otherCashflowsFromInvestingActivities": -1013580500, "totalCashflowsFromInvestingActivities": -1094059000, "netBorrowings": 66132000, "otherCashflowsFromFinancingActivities": 752647500, "totalCashFromFinancingActivities": 1643779500, "changeInCash": 560350000, "issuanceOfStock": 825000000}, {"maxAge": 1, "endDate": "2020-06-30", "netIncome": 122094500, "depreciation": 13551000, "changeToNetincome": 41505000, "changeToAccountReceivables": -108998000, "changeToLiabilities": -30726500, "changeToInventory": -36052500, "changeToOperatingActivities": 9256000, "totalCashFromOperatingActivities": 10629500, "capitalExpenditures": -80565000, "investments": -1326000, "otherCashflowsFromInvestingActivities": -1013580500, "totalCashflowsFromInvestingActivities": -1094059000, "netBorrowings": 66132000, "otherCashflowsFromFinancingActivities": 752647500, "totalCashFromFinancingActivities": 1643779500, "changeInCash": 560350000, "issuanceOfStock": 825000000}, {"maxAge": 1, "endDate": "2019-12-31", "netIncome": 92800000, "depreciation": 13551000, "changeToNetincome": 41505000, "changeToAccountReceivables": -108998000, "changeToLiabilities": 0, "changeToInventory": -36052500, "changeToOperatingActivities": 9256000, "totalCashFromOperatingActivities": 10629500, "capitalExpenditures": -80565000, "investments": -1326000, "otherCashflowsFromInvestingActivities": -1013580500, "totalCashflowsFromInvestingActivities": -1094059000, "netBorrowings": 66132000, "otherCashflowsFromFinancingActivities": 752647500, "totalCashFromFinancingActivities": 1643779500, "changeInCash": 560350000, "issuanceOfStock": 825000000}], "maxAge": 86400}, "insiderHolders": {"holders": [], "maxAge": 1}, "calendarEvents": {"maxAge": 1, "earnings": {"earningsDate": []}}, "price": {"maxAge": 1, "regularMarketChangePercent": -0.021903642, "regularMarketChange": -9.549988, "regularMarketTime": "2021-04-30 15:29:59", "priceHint": 2, "regularMarketPrice": 426.45, "regularMarketDayHigh": 435.5, "regularMarketDayLow": 425.0, "regularMarketVolume": 120919, "averageDailyVolume10Day": 269079, "averageDailyVolume3Month": 236659, "regularMarketPreviousClose": 436.0, "regularMarketSource": "FREE_REALTIME", "regularMarketOpen": 425.0, "exchange": "NSI", "exchangeName": "NSE", "exchangeDataDelayedBy": 15, "marketState": "CLOSED", "quoteType": "EQUITY", "symbol": "CHEMCON.NS", "underlyingSymbol": null, "shortName": "Chemcon Special Chem Ltd", "longName": "Chemcon Speciality Chemicals Limited", "currency": "INR", "quoteSourceName": "Delayed Quote", "currencySymbol": "\u20b9", "fromCurrency": null, "toCurrency": null, "lastMarket": null, "marketCap": 15619371008}, "balanceSheetHistory": {"balanceSheetStatements": [{"maxAge": 1, "endDate": "2020-03-31", "cash": 10740000, "netReceivables": 923900000, "inventory": 480750000, "otherCurrentAssets": 304510000, "totalCurrentAssets": 1725590000, "propertyPlantEquipment": 524940000, "intangibleAssets": 200000, "otherAssets": 7190000, "totalAssets": 2257920000, "accountsPayable": 257220000, "shortLongTermDebt": 12370000, "otherCurrentLiab": 27890000, "longTermDebt": 145990000, "otherLiab": 23120000, "totalCurrentLiabilities": 616890000, "totalLiab": 794220000, "commonStock": 317780000, "retainedEarnings": 1145920000, "totalStockholderEquity": 1463700000, "netTangibleAssets": 1463500000}, {"maxAge": 1, "endDate": "2019-03-31", "cash": 6840000, "netReceivables": 669350000, "inventory": 459140000, "otherCurrentAssets": 168040000, "totalCurrentAssets": 1310900000, "propertyPlantEquipment": 402120000, "intangibleAssets": 260000, "otherAssets": 17050000, "totalAssets": 1730330000, "accountsPayable": 288720000, "shortLongTermDebt": 9050000, "otherCurrentLiab": 9970000, "longTermDebt": 24660000, "otherLiab": 29240000, "totalCurrentLiabilities": 706130000, "totalLiab": 760030000, "commonStock": 317780000, "retainedEarnings": 652520000, "totalStockholderEquity": 970300000, "netTangibleAssets": 970040000}, {"maxAge": 1, "endDate": "2018-03-31", "cash": 9280000, "netReceivables": 310340000, "inventory": 210360000, "otherCurrentAssets": 120830000, "totalCurrentAssets": 654810000, "propertyPlantEquipment": 296410000, "otherAssets": 19440000, "totalAssets": 970660000, "accountsPayable": 172760000, "shortLongTermDebt": 7850000, "otherCurrentLiab": 50720000, "longTermDebt": 24950000, "otherLiab": 23420000, "totalCurrentLiabilities": 386070000, "totalLiab": 434440000, "commonStock": 79440000, "retainedEarnings": 456780000, "totalStockholderEquity": 536220000, "netTangibleAssets": 536220000}, {"maxAge": 1, "endDate": "2017-03-31", "cash": 3350000, "netReceivables": 224470000, "inventory": 90410000, "otherCurrentAssets": 46890000, "totalCurrentAssets": 365930000, "propertyPlantEquipment": 244970000, "otherAssets": 15900000, "totalAssets": 626800000, "accountsPayable": 87670000, "shortLongTermDebt": 9870000, "otherCurrentLiab": 18840000, "longTermDebt": 20780000, "otherLiab": 19910000, "totalCurrentLiabilities": 315510000, "totalLiab": 356200000, "commonStock": 79440000, "retainedEarnings": 191160000, "totalStockholderEquity": 270600000, "netTangibleAssets": 270600000}], "maxAge": 86400}, "financialData": {"maxAge": 86400, "currentPrice": 426.45, "recommendationKey": "none", "totalCash": 3482650880, "totalCashPerShare": 101.672, "ebitda": 742243008, "totalDebt": 584617024, "totalRevenue": 2238114048, "debtToEquity": 18.044, "revenuePerShare": 67.776, "grossProfits": 1118080000, "earningsGrowth": 0.647, "revenueGrowth": 0.163, "grossMargins": 0.50386, "ebitdaMargins": 0.33164, "operatingMargins": 0.30572, "profitMargins": 0.22648, "financialCurrency": "INR"}}}