{"CHEMFAB.NS": {"assetProfile": {"address1": "TEAM House", "address2": "GST Salai Vandalur", "city": "Chennai", "zip": "600048", "country": "India", "phone": "91 44 2275 0323", "fax": "91 44 2275 0860", "website": "http://chemfabalkalis.com", "industry": "Specialty Chemicals", "sector": "Basic Materials", "longBusinessSummary": "Chemfab Alkalis Limited manufactures and sells inorganic chemicals in India and internationally. It operates through Chemicals and Related Products/Services, and PVC-O Pipes segments. The company offers caustic soda lye and flakes, liquid chlorine, hydrogen gas, hydrochloric acid, and sodium hypochlorite/bleach liquor products, as well as industrial grade and edible salt products. The company was formerly known as Teamec Chlorates Limited and changed its name to Chemfab Alkalis Limited in July 2017. Chemfab Alkalis Limited was founded in 1985 and is based in Chennai, India.", "fullTimeEmployees": 189, "companyOfficers": [{"maxAge": 1, "name": "Mr. Suresh Krishnamurthi Rao", "age": 48, "title": "Founder & Non Exec. Chairman", "yearBorn": 1972, "fiscalYear": 2020, "totalPay": 27200000, "exercisedValue": 0, "unexercisedValue": 0}, {"maxAge": 1, "name": "Mr. Vaithamanithi Mudumbai Srinivasan", "age": 53, "title": "Chief Exec. Officer", "yearBorn": 1967, "fiscalYear": 2020, "totalPay": 12274000, "exercisedValue": 0, "unexercisedValue": 0}, {"maxAge": 1, "name": "Dr. V.  Rajesh", "title": "Company Sec. & Compliance Officer", "fiscalYear": 2020, "totalPay": 1410000, "exercisedValue": 0, "unexercisedValue": 0}, {"maxAge": 1, "name": "Mr. S.  Prasath", "title": "Chief Financial Officer", "exercisedValue": 0, "unexercisedValue": 0}, {"maxAge": 1, "name": "Mr. V. R. Raguraman", "title": "VP of Admin.", "exercisedValue": 0, "unexercisedValue": 0}, {"maxAge": 1, "name": "J . R. Vishnu Varthan", "title": "Deputy Company Sec.", "exercisedValue": 0, "unexercisedValue": 0}], "compensationAsOfEpochDate": "2020-12-31 05:30:00", "maxAge": 86400}, "cashflowStatementHistory": {"cashflowStatements": [{"maxAge": 1, "endDate": "2020-03-31", "netIncome": 254461000, "depreciation": 249439000, "changeToNetincome": 32712000, "changeToAccountReceivables": 62831000, "changeToLiabilities": -17485000, "changeToInventory": -2705000, "changeToOperatingActivities": -38406000, "totalCashFromOperatingActivities": 542284000, "capitalExpenditures": -622662000, "investments": -6722000, "otherCashflowsFromInvestingActivities": 2595000, "totalCashflowsFromInvestingActivities": -581420000, "dividendsPaid": -20652000, "netBorrowings": 76305000, "otherCashflowsFromFinancingActivities": -29696000, "totalCashFromFinancingActivities": 29050000, "changeInCash": -10086000, "issuanceOfStock": 3093000}, {"maxAge": 1, "endDate": "2019-03-31", "netIncome": 167558000, "depreciation": 141883000, "changeToNetincome": 201346000, "changeToAccountReceivables": 6646000, "changeToLiabilities": 11202000, "changeToInventory": -49601000, "changeToOperatingActivities": -76426000, "totalCashFromOperatingActivities": 409937000, "capitalExpenditures": -530342000, "investments": -6722000, "otherCashflowsFromInvestingActivities": 54784000, "totalCashflowsFromInvestingActivities": -466210000, "dividendsPaid": -17363000, "netBorrowings": 128470000, "otherCashflowsFromFinancingActivities": -53921000, "totalCashFromFinancingActivities": 58220000, "changeInCash": 1947000, "issuanceOfStock": 1034000}, {"maxAge": 1, "endDate": "2018-03-31", "netIncome": 254745000, "depreciation": 115948000, "changeToNetincome": 72729000, "changeToAccountReceivables": -88760000, "changeToLiabilities": 91395000, "changeToInventory": 10351000, "changeToOperatingActivities": -21731000, "totalCashFromOperatingActivities": 438500000, "capitalExpenditures": -261596000, "investments": -6722000, "otherCashflowsFromInvestingActivities": -49475000, "totalCashflowsFromInvestingActivities": -301289000, "dividendsPaid": -17289000, "netBorrowings": 128470000, "otherCashflowsFromFinancingActivities": -18813000, "totalCashFromFinancingActivities": -129990000, "changeInCash": 7221000, "issuanceOfStock": 2112000}, {"maxAge": 1, "endDate": "2017-03-31", "netIncome": 155274000, "depreciation": 128748000, "changeToNetincome": 71264000, "changeToAccountReceivables": 83729000, "changeToLiabilities": -12760000, "changeToInventory": -5991000, "changeToOperatingActivities": -43355000, "totalCashFromOperatingActivities": 378644000, "capitalExpenditures": -79705000, "investments": -1815000, "otherCashflowsFromInvestingActivities": -7696000, "totalCashflowsFromInvestingActivities": -87216000, "dividendsPaid": -11465000, "netBorrowings": -344703000, "otherCashflowsFromFinancingActivities": -18816000, "totalCashFromFinancingActivities": -304984000, "changeInCash": -13556000, "issuanceOfStock": 2112000}], "maxAge": 86400}, "institutionOwnership": {"maxAge": 1, "ownershipList": []}, "majorHoldersBreakdown": {"maxAge": 1, "insidersPercentHeld": 0.79566, "institutionsPercentHeld": 0.0, "institutionsFloatPercentHeld": 0.0, "institutionsCount": 0}, "balanceSheetHistoryQuarterly": {"balanceSheetStatements": [{"maxAge": 1, "endDate": "2020-12-31", "totalStockholderEquity": 2765049000, "netTangibleAssets": 2763062000}, {"maxAge": 1, "endDate": "2020-09-30", "cash": 27029000, "shortTermInvestments": 145765000, "netReceivables": 128919000, "inventory": 151369000, "otherCurrentAssets": 98705000, "totalCurrentAssets": 551787000, "longTermInvestments": 248000, "propertyPlantEquipment": 2228498000, "intangibleAssets": 1987000, "otherAssets": 666250000, "deferredLongTermAssetCharges": 516293000, "totalAssets": 3448770000, "accountsPayable": 189275000, "shortLongTermDebt": 87753000, "otherCurrentLiab": 190735000, "longTermDebt": 182853000, "otherLiab": 27962000, "totalCurrentLiabilities": 469113000, "totalLiab": 683721000, "commonStock": 139981000, "treasuryStock": 2625068000, "otherStockholderEquity": 2625068000, "totalStockholderEquity": 2765049000, "netTangibleAssets": 2763062000}, {"maxAge": 1, "endDate": "2020-06-30", "totalStockholderEquity": 2755258000, "netTangibleAssets": 2752562000}, {"maxAge": 1, "endDate": "2020-03-31", "cash": 359000, "shortTermInvestments": 1556000, "netReceivables": 246505000, "inventory": 85026000, "otherCurrentAssets": 151290000, "totalCurrentAssets": 511205000, "longTermInvestments": 158000, "propertyPlantEquipment": 2297869000, "intangibleAssets": 2696000, "otherAssets": 671736000, "deferredLongTermAssetCharges": 518696000, "totalAssets": 3483664000, "accountsPayable": 166410000, "shortLongTermDebt": 146491000, "otherCurrentLiab": 79684000, "longTermDebt": 217803000, "otherLiab": 15946000, "totalCurrentLiabilities": 490167000, "totalLiab": 728406000, "commonStock": 139345000, "retainedEarnings": -951903000, "treasuryStock": 101440000, "capitalSurplus": 3466376000, "otherStockholderEquity": 101440000, "totalStockholderEquity": 2755258000, "netTangibleAssets": 2752562000}], "maxAge": 86400}, "indexTrend": {"maxAge": 1, "symbol": "SP5", "peRatio": 19.7411, "pegRatio": 1.34172, "estimates": [{"period": "0q", "growth": 0.549}, {"period": "+1q", "growth": 0.431}, {"period": "0y", "growth": 0.305}, {"period": "+1y", "growth": 0.109}, {"period": "+5y", "growth": 0.120865}, {"period": "-5y"}]}, "defaultKeyStatistics": {"maxAge": 1, "priceHint": 2, "enterpriseValue": 2244454144, "profitMargins": 0.03128, "floatShares": 2859519, "sharesOutstanding": 13934500, "heldPercentInsiders": 0.79566, "heldPercentInstitutions": 0.0, "beta": 1.373807, "category": null, "bookValue": 195.771, "priceToBook": 0.78382397, "fundFamily": null, "legalType": null, "lastFiscalYearEnd": "2020-03-31 05:30:00", "nextFiscalYearEnd": "2022-03-31 05:30:00", "mostRecentQuarter": "2020-12-31 05:30:00", "earningsQuarterlyGrowth": -0.779, "netIncomeToCommon": 53222000, "trailingEps": 3.785, "lastSplitFactor": null, "enterpriseToRevenue": 1.319, "enterpriseToEbitda": 5.901, "52WeekChange": 0.07987332, "SandP52WeekChange": 0.48148263, "lastDividendValue": 1.25, "lastDividendDate": 1595289600}, "summaryProfile": {"address1": "TEAM House", "address2": "GST Salai Vandalur", "city": "Chennai", "zip": "600048", "country": "India", "phone": "91 44 2275 0323", "fax": "91 44 2275 0860", "website": "http://chemfabalkalis.com", "industry": "Specialty Chemicals", "sector": "Basic Materials", "longBusinessSummary": "Chemfab Alkalis Limited manufactures and sells inorganic chemicals in India and internationally. It operates through Chemicals and Related Products/Services, and PVC-O Pipes segments. The company offers caustic soda lye and flakes, liquid chlorine, hydrogen gas, hydrochloric acid, and sodium hypochlorite/bleach liquor products, as well as industrial grade and edible salt products. The company was formerly known as Teamec Chlorates Limited and changed its name to Chemfab Alkalis Limited in July 2017. Chemfab Alkalis Limited was founded in 1985 and is based in Chennai, India.", "fullTimeEmployees": 189, "companyOfficers": [], "maxAge": 86400}, "netSharePurchaseActivity": {"maxAge": 1, "period": "6m", "buyInfoCount": 0, "buyInfoShares": 0, "sellInfoCount": 0, "netInfoCount": 0, "netInfoShares": 0, "netPercentInsiderShares": 0.0, "totalInsiderShares": 11103977}, "insiderTransactions": {"transactions": [{"maxAge": 1, "shares": 13000, "value": 9352, "filerUrl": "", "transactionText": "Other at price 0.72 per share.", "filerName": "Srinivasan (V. M.)", "filerRelation": "UNREPORTED", "moneyText": "", "startDate": "2021-01-29", "ownership": "D"}, {"maxAge": 1, "shares": 31428, "value": 22153, "filerUrl": "", "transactionText": "Other at price 0.70 per share.", "filerName": "Srinivasan (V. M.)", "filerRelation": "UNREPORTED", "moneyText": "", "startDate": "2020-10-29", "ownership": "D"}, {"maxAge": 1, "shares": 10000, "value": 7002, "filerUrl": "", "transactionText": "Other at price 0.70 per share.", "filerName": "Mudumbai (Srinivasan Vaithamanithi)", "filerRelation": "UNREPORTED", "moneyText": "", "startDate": "2020-07-30", "ownership": "D"}, {"maxAge": 1, "shares": 38570, "value": 26802, "filerUrl": "", "transactionText": "Disposition at price 0.69 per share.", "filerName": "Cowlagi (Nitin S.)", "filerRelation": "UNREPORTED", "moneyText": "", "startDate": "2020-06-04", "ownership": "D"}, {"maxAge": 1, "shares": 10000, "value": 6949, "filerUrl": "", "transactionText": "Disposition at price 0.69 per share.", "filerName": "Mudumbai (Srinivasan Vaithamanithi)", "filerRelation": "UNREPORTED", "moneyText": "", "startDate": "2020-06-04", "ownership": "D"}, {"maxAge": 1, "shares": 35714, "filerUrl": "", "transactionText": "", "filerName": "Mudumbai (Srinivasan Vaithamanithi)", "filerRelation": "UNREPORTED", "moneyText": "", "startDate": "2019-05-08", "ownership": "D"}], "maxAge": 1}, "quoteType": {"exchange": "NSI", "quoteType": "EQUITY", "symbol": "CHEMFAB.NS", "underlyingSymbol": "CHEMFAB.NS", "shortName": "CHEMFAB ALKALIS", "longName": "Chemfab Alkalis Limited", "firstTradeDateEpochUtc": "2018-04-25 09:15:00", "timeZoneFullName": "Asia/Kolkata", "timeZoneShortName": "IST", "uuid": "c2060cbb-7e5f-302c-806b-4e4a58c2ef15", "messageBoardId": "finmb_217730235", "gmtOffSetMilliseconds": 19800000, "maxAge": 1}, "incomeStatementHistory": {"incomeStatementHistory": [{"maxAge": 1, "endDate": "2020-03-31", "totalRevenue": 2045232000, "costOfRevenue": 1101854000, "grossProfit": 943378000, "researchDevelopment": {}, "sellingGeneralAdministrative": 184761000, "nonRecurring": {}, "otherOperatingExpenses": 203402000, "totalOperatingExpenses": 1742900000, "operatingIncome": 302332000, "totalOtherIncomeExpenseNet": -35212000, "ebit": 302332000, "interestExpense": -31500000, "incomeBeforeTax": 267120000, "incomeTaxExpense": 12659000, "minorityInterest": {}, "netIncomeFromContinuingOps": 254461000, "discontinuedOperations": {}, "extraordinaryItems": {}, "effectOfAccountingCharges": {}, "otherItems": {}, "netIncome": 254461000, "netIncomeApplicableToCommonShares": 254461000}, {"maxAge": 1, "endDate": "2019-03-31", "totalRevenue": 1931896000, "costOfRevenue": 967255000, "grossProfit": 964641000, "researchDevelopment": {}, "sellingGeneralAdministrative": 175395000, "nonRecurring": {}, "otherOperatingExpenses": 181126000, "totalOperatingExpenses": 1473006000, "operatingIncome": 458890000, "totalOtherIncomeExpenseNet": -174055000, "ebit": 458890000, "interestExpense": -19920000, "incomeBeforeTax": 284835000, "incomeTaxExpense": 117277000, "minorityInterest": {}, "netIncomeFromContinuingOps": 167558000, "discontinuedOperations": {}, "extraordinaryItems": {}, "effectOfAccountingCharges": {}, "otherItems": {}, "netIncome": 167558000, "netIncomeApplicableToCommonShares": 167558000}, {"maxAge": 1, "endDate": "2018-03-31", "totalRevenue": 1796099000, "costOfRevenue": 927668000, "grossProfit": 868431000, "researchDevelopment": {}, "sellingGeneralAdministrative": 158271000, "nonRecurring": {}, "otherOperatingExpenses": 188485000, "totalOperatingExpenses": 1394268000, "operatingIncome": 401831000, "totalOtherIncomeExpenseNet": -4074000, "ebit": 401831000, "interestExpense": -30779000, "incomeBeforeTax": 397757000, "incomeTaxExpense": 143012000, "minorityInterest": {}, "netIncomeFromContinuingOps": 254745000, "discontinuedOperations": {}, "extraordinaryItems": {}, "effectOfAccountingCharges": {}, "otherItems": {}, "netIncome": 254745000, "netIncomeApplicableToCommonShares": 254745000}, {"maxAge": 1, "endDate": "2017-03-31", "totalRevenue": 1402231000, "costOfRevenue": 775726000, "grossProfit": 626505000, "researchDevelopment": {}, "sellingGeneralAdministrative": 157313000, "nonRecurring": {}, "otherOperatingExpenses": 145997000, "totalOperatingExpenses": 1209545000, "operatingIncome": 192686000, "totalOtherIncomeExpenseNet": -27624000, "ebit": 192686000, "interestExpense": -43575000, "incomeBeforeTax": 165062000, "incomeTaxExpense": 9788000, "minorityInterest": {}, "netIncomeFromContinuingOps": 155274000, "discontinuedOperations": {}, "extraordinaryItems": {}, "effectOfAccountingCharges": {}, "otherItems": {}, "netIncome": 155274000, "netIncomeApplicableToCommonShares": 155274000}], "maxAge": 86400}, "fundOwnership": {"maxAge": 1, "ownershipList": []}, "summaryDetail": {"maxAge": 1, "priceHint": 2, "previousClose": 157.75, "open": 155.7, "dayLow": 151.0, "dayHigh": 163.4, "regularMarketPreviousClose": 157.75, "regularMarketOpen": 155.7, "regularMarketDayLow": 151.0, "regularMarketDayHigh": 163.4, "dividendRate": 1.25, "dividendYield": 0.007900001, "exDividendDate": "2020-07-21 05:30:00", "payoutRatio": 0.32889998, "beta": 1.373807, "trailingPE": 40.54161, "volume": 43987, "regularMarketVolume": 43987, "averageVolume": 18996, "averageVolume10days": 86714, "averageDailyVolume10Day": 86714, "bid": 0.0, "ask": 0.0, "bidSize": 0, "askSize": 0, "marketCap": 2133507328, "fiftyTwoWeekLow": 114.15, "fiftyTwoWeekHigh": 174.0, "priceToSalesTrailing12Months": 1.253805, "fiftyDayAverage": 132.93571, "twoHundredDayAverage": 133.70525, "trailingAnnualDividendRate": 1.25, "trailingAnnualDividendYield": 0.00792393, "currency": "INR", "fromCurrency": null, "toCurrency": null, "lastMarket": null, "algorithm": null, "tradeable": false}, "incomeStatementHistoryQuarterly": {"incomeStatementHistory": [{"maxAge": 1, "endDate": "2020-12-31", "totalRevenue": 462721000, "costOfRevenue": 308164000, "grossProfit": 154557000, "researchDevelopment": {}, "sellingGeneralAdministrative": 46248000, "nonRecurring": {}, "otherOperatingExpenses": 48568000, "totalOperatingExpenses": 453672000, "operatingIncome": 9049000, "totalOtherIncomeExpenseNet": -2839000, "ebit": 9049000, "interestExpense": -5585000, "incomeBeforeTax": 6210000, "incomeTaxExpense": -6071000, "minorityInterest": {}, "netIncomeFromContinuingOps": 12281000, "discontinuedOperations": {}, "extraordinaryItems": {}, "effectOfAccountingCharges": {}, "otherItems": {}, "netIncome": 12281000, "netIncomeApplicableToCommonShares": 12281000}, {"maxAge": 1, "endDate": "2020-09-30", "totalRevenue": 427674000, "costOfRevenue": 278678000, "grossProfit": 148996000, "researchDevelopment": {}, "sellingGeneralAdministrative": 40925000, "nonRecurring": {}, "otherOperatingExpenses": 47320000, "totalOperatingExpenses": 416361000, "operatingIncome": 11313000, "totalOtherIncomeExpenseNet": -2911000, "ebit": 11313000, "interestExpense": -5634000, "incomeBeforeTax": 8402000, "incomeTaxExpense": 1905000, "minorityInterest": {}, "netIncomeFromContinuingOps": 6497000, "discontinuedOperations": {}, "extraordinaryItems": {}, "effectOfAccountingCharges": {}, "otherItems": {}, "netIncome": 6497000, "netIncomeApplicableToCommonShares": 6497000}, {"maxAge": 1, "endDate": "2020-06-30", "totalRevenue": 403921000, "costOfRevenue": 232529000, "grossProfit": 171392000, "researchDevelopment": {}, "sellingGeneralAdministrative": 45153000, "nonRecurring": {}, "otherOperatingExpenses": 47152000, "totalOperatingExpenses": 376177000, "operatingIncome": 27744000, "totalOtherIncomeExpenseNet": -4822000, "ebit": 27744000, "interestExpense": -7705000, "incomeBeforeTax": 22922000, "incomeTaxExpense": 6241000, "minorityInterest": {}, "netIncomeFromContinuingOps": 16681000, "discontinuedOperations": {}, "extraordinaryItems": {}, "effectOfAccountingCharges": {}, "otherItems": {}, "netIncome": 16681000, "netIncomeApplicableToCommonShares": 16681000}, {"maxAge": 1, "endDate": "2020-03-31", "totalRevenue": 405069000, "costOfRevenue": 272440000, "grossProfit": 132629000, "researchDevelopment": {}, "sellingGeneralAdministrative": 50566000, "nonRecurring": {}, "otherOperatingExpenses": 3996000, "totalOperatingExpenses": 398108000, "operatingIncome": 6961000, "totalOtherIncomeExpenseNet": -64247000, "ebit": 6961000, "interestExpense": -7334000, "incomeBeforeTax": -57286000, "incomeTaxExpense": -75049000, "minorityInterest": {}, "netIncomeFromContinuingOps": 17763000, "discontinuedOperations": {}, "extraordinaryItems": {}, "effectOfAccountingCharges": {}, "otherItems": {}, "netIncome": 17763000, "netIncomeApplicableToCommonShares": 17763000}], "maxAge": 86400}, "cashflowStatementHistoryQuarterly": {"cashflowStatements": [{"maxAge": 1, "endDate": "2020-12-31", "netIncome": 12281000, "changeToLiabilities": 0}, {"maxAge": 1, "endDate": "2020-09-30", "netIncome": 6497000, "changeToLiabilities": 0}, {"maxAge": 1, "endDate": "2020-06-30", "netIncome": 16681000, "changeToLiabilities": 0}, {"maxAge": 1, "endDate": "2020-03-31", "netIncome": 17763000, "changeToLiabilities": 0}], "maxAge": 86400}, "insiderHolders": {"holders": [{"maxAge": 1, "name": "Cowlagi (Nitin S.)", "relation": "UNREPORTED", "url": "", "transactionDescription": "Disposition", "latestTransDate": "2020-06-04", "positionDirect": 56142, "positionDirectDate": "2020-06-04"}, {"maxAge": 1, "name": "Mudumbai (Srinivasan Vaithamanithi)", "relation": "UNREPORTED", "url": "", "transactionDescription": "Other", "latestTransDate": "2020-07-30", "positionDirect": 91428, "positionDirectDate": "2020-07-30"}, {"maxAge": 1, "name": "Srinivasan (V. M.)", "relation": "UNREPORTED", "url": "", "transactionDescription": "Other", "latestTransDate": "2021-01-29", "positionDirect": 135856, "positionDirectDate": "2021-01-29"}], "maxAge": 1}, "calendarEvents": {"maxAge": 1, "earnings": {"earningsDate": []}, "exDividendDate": "2020-07-21 05:30:00"}, "price": {"maxAge": 1, "regularMarketChangePercent": -0.027258342, "regularMarketChange": -4.300003, "regularMarketTime": "2021-04-30 15:29:16", "priceHint": 2, "regularMarketPrice": 153.45, "regularMarketDayHigh": 163.4, "regularMarketDayLow": 151.0, "regularMarketVolume": 43987, "averageDailyVolume10Day": 86714, "averageDailyVolume3Month": 18996, "regularMarketPreviousClose": 157.75, "regularMarketSource": "FREE_REALTIME", "regularMarketOpen": 155.7, "exchange": "NSI", "exchangeName": "NSE", "exchangeDataDelayedBy": 15, "marketState": "CLOSED", "quoteType": "EQUITY", "symbol": "CHEMFAB.NS", "underlyingSymbol": null, "shortName": "CHEMFAB ALKALIS", "longName": "Chemfab Alkalis Limited", "currency": "INR", "quoteSourceName": "Delayed Quote", "currencySymbol": "\u20b9", "fromCurrency": null, "toCurrency": null, "lastMarket": null, "marketCap": 2133507328}, "balanceSheetHistory": {"balanceSheetStatements": [{"maxAge": 1, "endDate": "2020-03-31", "cash": 359000, "shortTermInvestments": 1556000, "netReceivables": 246505000, "inventory": 85026000, "otherCurrentAssets": 151290000, "totalCurrentAssets": 511205000, "longTermInvestments": 158000, "propertyPlantEquipment": 2297869000, "intangibleAssets": 2696000, "otherAssets": 671736000, "deferredLongTermAssetCharges": 518696000, "totalAssets": 3483664000, "accountsPayable": 166410000, "shortLongTermDebt": 146491000, "otherCurrentLiab": 79684000, "longTermDebt": 217803000, "otherLiab": 15946000, "totalCurrentLiabilities": 490167000, "totalLiab": 728406000, "commonStock": 139345000, "retainedEarnings": -951903000, "treasuryStock": 101440000, "capitalSurplus": 3466376000, "otherStockholderEquity": 101440000, "totalStockholderEquity": 2755258000, "netTangibleAssets": 2752562000}, {"maxAge": 1, "endDate": "2019-03-31", "cash": 10410000, "shortTermInvestments": 1965000, "netReceivables": 211154000, "inventory": 82321000, "otherCurrentAssets": 132996000, "totalCurrentAssets": 461802000, "longTermInvestments": 353000, "propertyPlantEquipment": 2036567000, "intangibleAssets": 3098000, "otherAssets": 708093000, "deferredLongTermAssetCharges": 549227000, "totalAssets": 3209913000, "accountsPayable": 122105000, "shortLongTermDebt": 60000000, "otherCurrentLiab": 145515000, "longTermDebt": 279864000, "otherLiab": 52550000, "deferredLongTermLiab": 40033000, "totalCurrentLiabilities": 366418000, "totalLiab": 698832000, "commonStock": 138905000, "retainedEarnings": -1191864000, "treasuryStock": 101315000, "capitalSurplus": 3462725000, "otherStockholderEquity": 101315000, "totalStockholderEquity": 2511081000, "netTangibleAssets": 2507983000}, {"maxAge": 1, "endDate": "2018-03-31", "cash": 65000000, "shortTermInvestments": 2968000, "netReceivables": 234852000, "inventory": 32720000, "otherCurrentAssets": 70432000, "totalCurrentAssets": 423994000, "longTermInvestments": 479000, "propertyPlantEquipment": 1735655000, "intangibleAssets": 8808000, "otherAssets": 812761000, "deferredLongTermAssetCharges": 563787000, "totalAssets": 2981697000, "accountsPayable": 181685000, "shortLongTermDebt": 79840000, "otherCurrentLiab": 84653000, "longTermDebt": 90676000, "otherLiab": 75935000, "deferredLongTermLiab": 40447000, "totalCurrentLiabilities": 453294000, "totalLiab": 619905000, "commonStock": 138305000, "retainedEarnings": -1338662000, "treasuryStock": 103318000, "capitalSurplus": 3458831000, "otherStockholderEquity": 103318000, "totalStockholderEquity": 2361792000, "netTangibleAssets": 2352984000}, {"maxAge": 1, "endDate": "2017-03-31", "cash": 3679000, "shortTermInvestments": 3864000, "netReceivables": 123381000, "inventory": 43071000, "otherCurrentAssets": 23734000, "totalCurrentAssets": 203828000, "longTermInvestments": 2120000, "propertyPlantEquipment": 1750770000, "intangibleAssets": 6244000, "otherAssets": 787895000, "deferredLongTermAssetCharges": 638226000, "totalAssets": 2750857000, "accountsPayable": 128961000, "otherCurrentLiab": 124213000, "longTermDebt": 256316000, "otherLiab": 66594000, "totalCurrentLiabilities": 278747000, "totalLiab": 601657000, "commonStock": 138305000, "retainedEarnings": -1453694000, "treasuryStock": 5758000, "capitalSurplus": 3458831000, "otherStockholderEquity": 5758000, "totalStockholderEquity": 2149200000, "netTangibleAssets": 2142956000}], "maxAge": 86400}, "financialData": {"maxAge": 86400, "currentPrice": 153.45, "recommendationKey": "none", "totalCash": 172794000, "totalCashPerShare": 12.382, "ebitda": 380339744, "totalDebt": 275748992, "totalRevenue": 1701625984, "debtToEquity": 9.973, "revenuePerShare": 121.585, "grossProfits": 943378000, "earningsGrowth": -0.78, "revenueGrowth": -0.099, "grossMargins": 0.35705003, "ebitdaMargins": 0.22352, "operatingMargins": 0.03155, "profitMargins": 0.03128, "financialCurrency": "INR"}}}