{"CHENNPETRO.NS": {"assetProfile": {"address1": "No. 536, Anna Salai", "address2": "Teynampet", "city": "Chennai", "zip": "600018", "country": "India", "phone": "91 44 2434 9833", "fax": "91 44 2434 1753", "website": "http://www.cpcl.co.in", "industry": "Oil & Gas Refining & Marketing", "sector": "Energy", "longBusinessSummary": "Chennai Petroleum Corporation Limited produces and sells petroleum products in India. Its principal products include liquefied petroleum gas, motor spirit, superior kerosene oil, aviation turbine fuel, high speed diesel, naphtha, bitumen, lube base stocks, paraffin wax, fuel oil, hexane, and petrochemical feed stocks. The company also provides furnace oil, LSHS, and light diesel oil; and non-fertilizer naptha, light and heavy extracts, LVI spindle, propylene, polybutyne feed-stock, butane, and linear alkyl benzene feedstock. It serves roadways, railways, and airways requirement of transportation fuel, as well as the fertilizer, power, and petrochemical industries. The company was formerly known as Madras Refineries Limited and changed its name to Chennai Petroleum Corporation Limited in June 2000. The company was founded in 1965 and is based in Chennai, India. Chennai Petroleum Corporation Limited is a subsidiary of Indian Oil Corporation Limited.", "companyOfficers": [{"maxAge": 1, "name": "Mr. Rajeev  Ailawadi", "age": 57, "title": "MD, Director of Fin. & Director", "yearBorn": 1963, "fiscalYear": 2020, "totalPay": 5500000, "exercisedValue": 0, "unexercisedValue": 0}, {"maxAge": 1, "name": "Mr. S.  Krishnan", "age": 57, "title": "Director of Operations & Director", "yearBorn": 1963, "fiscalYear": 2020, "totalPay": 4800000, "exercisedValue": 0, "unexercisedValue": 0}, {"maxAge": 1, "name": "Mr. P.  Shankar", "title": "Company Sec. & Compliance Officer", "fiscalYear": 2020, "totalPay": 4900000, "exercisedValue": 0, "unexercisedValue": 0}, {"maxAge": 1, "name": "Mr. M. S. Raghunathan", "title": "Chief Gen. Mang. of Fin.", "exercisedValue": 0, "unexercisedValue": 0}, {"maxAge": 1, "name": "Mr. H.  Shankar", "title": "Director of Technical & Director", "exercisedValue": 0, "unexercisedValue": 0}, {"maxAge": 1, "name": "Mr. K. Ravi Kumar C.", "title": "Deputy Gen. Mang. of Corp. Communications & Public Information Officer", "exercisedValue": 0, "unexercisedValue": 0}, {"maxAge": 1, "name": "Mr. M. Tamizh Muthalvan", "title": "Chief Gen. Mang. of HR", "exercisedValue": 0, "unexercisedValue": 0}, {"maxAge": 1, "name": "Mr. B.  Panneerselvam", "title": "Chief Gen. Mang. of Technical", "exercisedValue": 0, "unexercisedValue": 0}, {"maxAge": 1, "name": "Mr. P.  Subrahmanyam", "title": "Chief Gen. Mang. of Corp. Planning", "exercisedValue": 0, "unexercisedValue": 0}, {"maxAge": 1, "name": "Mr. Tarlana  Kamaraju", "title": "Chief Gen. Mang. of Logistics", "exercisedValue": 0, "unexercisedValue": 0}], "compensationAsOfEpochDate": "2020-12-31 05:30:00", "maxAge": 86400}, "cashflowStatementHistory": {"cashflowStatements": [{"maxAge": 1, "endDate": "2021-03-31", "netIncome": 2572600000, "depreciation": 4657900000, "changeToNetincome": 14117100000, "changeToAccountReceivables": -907400000, "changeToLiabilities": 3008400000, "changeToInventory": -21488500000, "changeToOperatingActivities": 2562400000, "totalCashFromOperatingActivities": 4522500000, "capitalExpenditures": -5688700000, "otherCashflowsFromInvestingActivities": 203200000, "totalCashflowsFromInvestingActivities": -5479500000, "netBorrowings": 4092200000, "otherCashflowsFromFinancingActivities": -3124200000, "totalCashFromFinancingActivities": 968000000, "changeInCash": 11000000}, {"maxAge": 1, "endDate": "2020-03-31", "netIncome": -20564000000, "depreciation": 4680900000, "changeToNetincome": -5800900000, "changeToAccountReceivables": 1542000000, "changeToLiabilities": -9597400000, "changeToInventory": 24823700000, "changeToOperatingActivities": -1287200000, "totalCashFromOperatingActivities": -6202000000, "capitalExpenditures": -9870700000, "otherCashflowsFromInvestingActivities": 239300000, "totalCashflowsFromInvestingActivities": -9630200000, "netBorrowings": 19728700000, "otherCashflowsFromFinancingActivities": -3897700000, "totalCashFromFinancingActivities": 15831000000, "changeInCash": -1200000}, {"maxAge": 1, "endDate": "2019-03-31", "netIncome": -2053500000, "depreciation": 4524100000, "changeToNetincome": 2630800000, "changeToAccountReceivables": -1003100000, "changeToLiabilities": -4277200000, "changeToInventory": -1008100000, "changeToOperatingActivities": -251300000, "totalCashFromOperatingActivities": -1437100000, "capitalExpenditures": -13084800000, "otherCashflowsFromInvestingActivities": 351200000, "totalCashflowsFromInvestingActivities": -12732700000, "dividendsPaid": -2754900000, "netBorrowings": 22190800000, "otherCashflowsFromFinancingActivities": -5264800000, "totalCashFromFinancingActivities": 14171100000, "changeInCash": 1300000}, {"maxAge": 1, "endDate": "2018-03-31", "netIncome": 9272200000, "depreciation": 3400700000, "changeToNetincome": 4417700000, "changeToAccountReceivables": -4299100000, "changeToLiabilities": 29869400000, "changeToInventory": -15567300000, "changeToOperatingActivities": 471800000, "totalCashFromOperatingActivities": 27566700000, "capitalExpenditures": -9908500000, "otherCashflowsFromInvestingActivities": 214400000, "totalCashflowsFromInvestingActivities": -9691900000, "dividendsPaid": -3127100000, "netBorrowings": -11137900000, "otherCashflowsFromFinancingActivities": -3612000000, "totalCashFromFinancingActivities": -17877000000, "changeInCash": -2200000}], "maxAge": 86400}, "institutionOwnership": {"maxAge": 1, "ownershipList": []}, "majorHoldersBreakdown": {"maxAge": 1, "insidersPercentHeld": 0.67627996, "institutionsPercentHeld": 0.069510005, "institutionsFloatPercentHeld": 0.21472, "institutionsCount": 7}, "balanceSheetHistoryQuarterly": {"balanceSheetStatements": [{"maxAge": 1, "endDate": "2021-03-31", "cash": 48400000, "shortTermInvestments": 178400000, "netReceivables": 2332000000, "inventory": 45088600000, "otherCurrentAssets": 2919900000, "totalCurrentAssets": 50567300000, "longTermInvestments": 3097000000, "propertyPlantEquipment": 84051900000, "intangibleAssets": 2874100000, "otherAssets": 1660000000, "totalAssets": 142250300000, "accountsPayable": 18819800000, "otherCurrentLiab": 18285100000, "longTermDebt": 30179500000, "otherLiab": 2347000000, "totalCurrentLiabilities": 93611800000, "totalLiab": 126138300000, "commonStock": 1489100000, "treasuryStock": 14622900000, "otherStockholderEquity": 14622900000, "totalStockholderEquity": 16112000000, "netTangibleAssets": 13237900000}, {"maxAge": 1, "endDate": "2020-12-31", "totalStockholderEquity": 19209600000, "netTangibleAssets": 16767300000}, {"maxAge": 1, "endDate": "2020-09-30", "cash": 37700000, "shortTermInvestments": 607700000, "netReceivables": 17157500000, "inventory": 38876400000, "otherCurrentAssets": 2955600000, "totalCurrentAssets": 59634900000, "longTermInvestments": 1785000000, "propertyPlantEquipment": 82930000000, "intangibleAssets": 2442300000, "otherAssets": 8829300000, "deferredLongTermAssetCharges": 6050300000, "totalAssets": 155621500000, "accountsPayable": 20823400000, "otherCurrentLiab": 26242900000, "longTermDebt": 33444300000, "otherLiab": 1258500000, "totalCurrentLiabilities": 101709100000, "totalLiab": 136411900000, "commonStock": 1489100000, "treasuryStock": 17720500000, "otherStockholderEquity": 17720500000, "totalStockholderEquity": 19209600000, "netTangibleAssets": 16767300000}, {"maxAge": 1, "endDate": "2020-06-30", "totalStockholderEquity": 13592700000, "netTangibleAssets": 11153800000}], "maxAge": 86400}, "indexTrend": {"maxAge": 1, "symbol": "SP5", "peRatio": 19.7411, "pegRatio": 1.34172, "estimates": [{"period": "0q", "growth": 0.549}, {"period": "+1q", "growth": 0.431}, {"period": "0y", "growth": 0.305}, {"period": "+1y", "growth": 0.109}, {"period": "+5y", "growth": 0.120865}, {"period": "-5y"}]}, "defaultKeyStatistics": {"maxAge": 1, "priceHint": 2, "enterpriseValue": 103060832256, "profitMargins": 0.0061299996, "floatShares": 48611354, "sharesOutstanding": 148911008, "heldPercentInsiders": 0.67627996, "heldPercentInstitutions": 0.069510005, "category": null, "bookValue": 107.292, "priceToBook": 1.0303657, "fundFamily": null, "legalType": null, "lastFiscalYearEnd": "2021-03-31 05:30:00", "nextFiscalYearEnd": "2023-03-31 05:30:00", "mostRecentQuarter": "2021-03-31 05:30:00", "netIncomeToCommon": 2572600064, "trailingEps": 17.28, "lastSplitFactor": null, "enterpriseToRevenue": 0.245, "enterpriseToEbitda": 4.877, "52WeekChange": 0.83029807, "SandP52WeekChange": 0.48148263, "lastDividendValue": 18.5, "lastDividendDate": 1534204800}, "summaryProfile": {"address1": "No. 536, Anna Salai", "address2": "Teynampet", "city": "Chennai", "zip": "600018", "country": "India", "phone": "91 44 2434 9833", "fax": "91 44 2434 1753", "website": "http://www.cpcl.co.in", "industry": "Oil & Gas Refining & Marketing", "sector": "Energy", "longBusinessSummary": "Chennai Petroleum Corporation Limited produces and sells petroleum products in India. Its principal products include liquefied petroleum gas, motor spirit, superior kerosene oil, aviation turbine fuel, high speed diesel, naphtha, bitumen, lube base stocks, paraffin wax, fuel oil, hexane, and petrochemical feed stocks. The company also provides furnace oil, LSHS, and light diesel oil; and non-fertilizer naptha, light and heavy extracts, LVI spindle, propylene, polybutyne feed-stock, butane, and linear alkyl benzene feedstock. It serves roadways, railways, and airways requirement of transportation fuel, as well as the fertilizer, power, and petrochemical industries. The company was formerly known as Madras Refineries Limited and changed its name to Chennai Petroleum Corporation Limited in June 2000. The company was founded in 1965 and is based in Chennai, India. Chennai Petroleum Corporation Limited is a subsidiary of Indian Oil Corporation Limited.", "companyOfficers": [], "maxAge": 86400}, "netSharePurchaseActivity": {"maxAge": 1, "period": "6m", "buyInfoCount": 0, "buyInfoShares": 0, "sellInfoCount": 0, "netInfoCount": 0, "netInfoShares": 0, "netPercentInsiderShares": 0.0, "totalInsiderShares": 101556592}, "insiderTransactions": {"transactions": [{"maxAge": 1, "shares": 460000, "filerUrl": "", "transactionText": "", "filerName": "Bajaj Allianz Life Insurance Co., Ltd.", "filerRelation": "Institution- Corporation", "moneyText": "", "startDate": "2011-11-24", "ownership": "D"}, {"maxAge": 1, "shares": 3012850, "filerUrl": "", "transactionText": "", "filerName": "Life Insurance Corporation of India", "filerRelation": "Institution- Corporation", "moneyText": "", "startDate": "2009-10-26", "ownership": "D"}], "maxAge": 1}, "quoteType": {"exchange": "NSI", "quoteType": "EQUITY", "symbol": "CHENNPETRO.NS", "underlyingSymbol": "CHENNPETRO.NS", "shortName": "CHENNAI PETRO CP", "longName": "Chennai Petroleum Corporation Limited", "firstTradeDateEpochUtc": "2002-07-01 09:15:00", "timeZoneFullName": "Asia/Kolkata", "timeZoneShortName": "IST", "uuid": "c9644b59-1d38-3140-8cd6-b0cdb6a924bf", "messageBoardId": "finmb_878640", "gmtOffSetMilliseconds": 19800000, "maxAge": 1}, "incomeStatementHistory": {"incomeStatementHistory": [{"maxAge": 1, "endDate": "2021-03-31", "totalRevenue": 420000400000, "costOfRevenue": 384668200000, "grossProfit": 35332200000, "researchDevelopment": {}, "sellingGeneralAdministrative": 5645100000, "nonRecurring": {}, "otherOperatingExpenses": 8556100000, "totalOperatingExpenses": 403527300000, "operatingIncome": 16473100000, "totalOtherIncomeExpenseNet": -3510700000, "ebit": 16473100000, "interestExpense": -3750400000, "incomeBeforeTax": 12962400000, "incomeTaxExpense": 10389800000, "minorityInterest": {}, "netIncomeFromContinuingOps": 2572600000, "discontinuedOperations": {}, "extraordinaryItems": {}, "effectOfAccountingCharges": {}, "otherItems": {}, "netIncome": 2572600000, "netIncomeApplicableToCommonShares": 2572600000}, {"maxAge": 1, "endDate": "2020-03-31", "totalRevenue": 371167400000, "costOfRevenue": 379684800000, "grossProfit": -8517400000, "researchDevelopment": {}, "sellingGeneralAdministrative": 5234900000, "nonRecurring": {}, "otherOperatingExpenses": 5325200000, "totalOperatingExpenses": 394926000000, "operatingIncome": -23758600000, "totalOtherIncomeExpenseNet": -6189900000, "ebit": -23758600000, "interestExpense": -4097700000, "incomeBeforeTax": -29948500000, "incomeTaxExpense": -9384500000, "minorityInterest": {}, "netIncomeFromContinuingOps": -20564000000, "discontinuedOperations": {}, "extraordinaryItems": {}, "effectOfAccountingCharges": {}, "otherItems": {}, "netIncome": -20564000000, "netIncomeApplicableToCommonShares": -20564000000}, {"maxAge": 1, "endDate": "2019-03-31", "totalRevenue": 413042400000, "costOfRevenue": 394408500000, "grossProfit": 18633900000, "researchDevelopment": {}, "sellingGeneralAdministrative": 4782200000, "nonRecurring": {}, "otherOperatingExpenses": 6103900000, "totalOperatingExpenses": 409819200000, "operatingIncome": 3223200000, "totalOtherIncomeExpenseNet": -6123300000, "ebit": 3223200000, "interestExpense": -4181700000, "incomeBeforeTax": -2900100000, "incomeTaxExpense": -846600000, "minorityInterest": {}, "netIncomeFromContinuingOps": -2053500000, "discontinuedOperations": {}, "extraordinaryItems": {}, "effectOfAccountingCharges": {}, "otherItems": {}, "netIncome": -2053500000, "netIncomeApplicableToCommonShares": -2053500000}, {"maxAge": 1, "endDate": "2018-03-31", "totalRevenue": 326114800000, "costOfRevenue": 293964300000, "grossProfit": 32150500000, "researchDevelopment": {}, "sellingGeneralAdministrative": 6018300000, "nonRecurring": {}, "otherOperatingExpenses": 4783800000, "totalOperatingExpenses": 308167700000, "operatingIncome": 17947100000, "totalOtherIncomeExpenseNet": -3221800000, "ebit": 17947100000, "interestExpense": -3200500000, "incomeBeforeTax": 14725300000, "incomeTaxExpense": 5453100000, "minorityInterest": {}, "netIncomeFromContinuingOps": 9272200000, "discontinuedOperations": {}, "extraordinaryItems": {}, "effectOfAccountingCharges": {}, "otherItems": {}, "netIncome": 9272200000, "netIncomeApplicableToCommonShares": 9272200000}], "maxAge": 86400}, "fundOwnership": {"maxAge": 1, "ownershipList": [{"maxAge": 1, "reportDate": "2021-01-31", "organization": "DFA Emerging Markets Small Cap Series", "pctHeld": 0.0015, "position": 216468, "value": 19644471}, {"maxAge": 1, "reportDate": "2021-01-31", "organization": "DFA Emerging Markets Core Equity Portfolio", "pctHeld": 0.0008, "position": 121229, "value": 11001531}, {"maxAge": 1, "reportDate": "2021-01-31", "organization": "DFA Investment Dimensions-Emerging Markets Social Core Equity", "pctHeld": 0.0001, "position": 17205, "value": 1561353}]}, "summaryDetail": {"maxAge": 1, "priceHint": 2, "previousClose": 112.9, "open": 112.45, "dayLow": 109.7, "dayHigh": 114.45, "regularMarketPreviousClose": 112.9, "regularMarketOpen": 112.45, "regularMarketDayLow": 109.7, "regularMarketDayHigh": 114.45, "exDividendDate": "2018-08-14 05:30:00", "payoutRatio": 0.0, "trailingPE": 6.397569, "volume": 1533728, "regularMarketVolume": 1533728, "averageVolume": 1167521, "averageVolume10days": 2028056, "averageDailyVolume10Day": 2028056, "bid": 0.0, "ask": 0.0, "bidSize": 0, "askSize": 0, "marketCap": 16462112768, "fiftyTwoWeekLow": 47.6, "fiftyTwoWeekHigh": 132.65, "priceToSalesTrailing12Months": 0.03919547, "fiftyDayAverage": 101.719444, "twoHundredDayAverage": 97.19897, "trailingAnnualDividendRate": 18.5, "trailingAnnualDividendYield": 0.16386183, "currency": "INR", "fromCurrency": null, "toCurrency": null, "lastMarket": null, "algorithm": null, "tradeable": false}, "incomeStatementHistoryQuarterly": {"incomeStatementHistory": [{"maxAge": 1, "endDate": "2021-03-31", "totalRevenue": 283539700000, "costOfRevenue": 272625200000, "grossProfit": 10914500000, "researchDevelopment": {}, "sellingGeneralAdministrative": 1645300000, "nonRecurring": {}, "otherOperatingExpenses": 2425200000, "totalOperatingExpenses": 277928800000, "operatingIncome": 5610900000, "totalOtherIncomeExpenseNet": -2179600000, "ebit": 5610900000, "interestExpense": -946700000, "incomeBeforeTax": 3431300000, "incomeTaxExpense": 1011600000, "minorityInterest": {}, "netIncomeFromContinuingOps": 2419700000, "discontinuedOperations": {}, "extraordinaryItems": {}, "effectOfAccountingCharges": {}, "otherItems": {}, "netIncome": 2419700000, "netIncomeApplicableToCommonShares": 2419700000}, {"maxAge": 1, "endDate": "2020-12-31", "totalRevenue": 58799300000, "costOfRevenue": 53683800000, "grossProfit": 5115500000, "researchDevelopment": {}, "sellingGeneralAdministrative": 1321200000, "nonRecurring": {}, "otherOperatingExpenses": 1809500000, "totalOperatingExpenses": 57947800000, "operatingIncome": 851500000, "totalOtherIncomeExpenseNet": -222300000, "ebit": 851500000, "interestExpense": -768700000, "incomeBeforeTax": 629200000, "incomeTaxExpense": 6093300000, "minorityInterest": {}, "netIncomeFromContinuingOps": -5464100000, "discontinuedOperations": {}, "extraordinaryItems": {}, "effectOfAccountingCharges": {}, "otherItems": {}, "netIncome": -5464100000, "netIncomeApplicableToCommonShares": -5464100000}, {"maxAge": 1, "endDate": "2020-09-30", "totalRevenue": 48630800000, "costOfRevenue": 39013500000, "grossProfit": 9617300000, "researchDevelopment": {}, "sellingGeneralAdministrative": 1283400000, "nonRecurring": {}, "otherOperatingExpenses": 2252300000, "totalOperatingExpenses": 43722900000, "operatingIncome": 4907900000, "totalOtherIncomeExpenseNet": -289000000, "ebit": 4907900000, "interestExpense": -792200000, "incomeBeforeTax": 4618900000, "incomeTaxExpense": 1700900000, "minorityInterest": {}, "netIncomeFromContinuingOps": 2918000000, "discontinuedOperations": {}, "extraordinaryItems": {}, "effectOfAccountingCharges": {}, "otherItems": {}, "netIncome": 2918000000, "netIncomeApplicableToCommonShares": 2918000000}, {"maxAge": 1, "endDate": "2020-06-30", "totalRevenue": 29030600000, "costOfRevenue": 19345700000, "grossProfit": 9684900000, "researchDevelopment": {}, "sellingGeneralAdministrative": 1395200000, "nonRecurring": {}, "otherOperatingExpenses": 2069100000, "totalOperatingExpenses": 23927800000, "operatingIncome": 5102800000, "totalOtherIncomeExpenseNet": -819800000, "ebit": 5102800000, "interestExpense": -1242800000, "incomeBeforeTax": 4283000000, "incomeTaxExpense": 1584000000, "minorityInterest": {}, "netIncomeFromContinuingOps": 2699000000, "discontinuedOperations": {}, "extraordinaryItems": {}, "effectOfAccountingCharges": {}, "otherItems": {}, "netIncome": 2699000000, "netIncomeApplicableToCommonShares": 2699000000}], "maxAge": 86400}, "cashflowStatementHistoryQuarterly": {"cashflowStatements": [{"maxAge": 1, "endDate": "2021-03-31", "netIncome": 2419700000, "changeToLiabilities": 0}, {"maxAge": 1, "endDate": "2020-12-31", "netIncome": -5464100000, "changeToLiabilities": 0}, {"maxAge": 1, "endDate": "2020-09-30", "netIncome": 2918000000, "changeToLiabilities": 0}, {"maxAge": 1, "endDate": "2020-06-30", "netIncome": 2699000000, "changeToLiabilities": 0}], "maxAge": 86400}, "insiderHolders": {"holders": [{"maxAge": 1, "name": "Bajaj Allianz Life Insurance Co., Ltd.", "relation": "Institution- Corporation", "url": "", "transactionDescription": "Acquisition", "latestTransDate": "2011-11-24", "positionDirect": 7607490, "positionDirectDate": "2011-11-24"}, {"maxAge": 1, "name": "Life Insurance Corporation of India", "relation": "Institution- Corporation", "url": "", "transactionDescription": "Acquisition", "latestTransDate": "2009-10-26", "positionDirect": 10501276, "positionDirectDate": "2009-10-26"}], "maxAge": 1}, "calendarEvents": {"maxAge": 1, "earnings": {"earningsDate": []}, "exDividendDate": "2018-08-14 05:30:00"}, "price": {"maxAge": 1, "regularMarketChangePercent": -0.020814868, "regularMarketChange": -2.3499985, "regularMarketTime": "2021-04-30 15:30:00", "priceHint": 2, "regularMarketPrice": 110.55, "regularMarketDayHigh": 114.45, "regularMarketDayLow": 109.7, "regularMarketVolume": 1533728, "averageDailyVolume10Day": 2028056, "averageDailyVolume3Month": 1167521, "regularMarketPreviousClose": 112.9, "regularMarketSource": "FREE_REALTIME", "regularMarketOpen": 112.45, "exchange": "NSI", "exchangeName": "NSE", "exchangeDataDelayedBy": 15, "marketState": "CLOSED", "quoteType": "EQUITY", "symbol": "CHENNPETRO.NS", "underlyingSymbol": null, "shortName": "CHENNAI PETRO CP", "longName": "Chennai Petroleum Corporation Limited", "currency": "INR", "quoteSourceName": "Delayed Quote", "currencySymbol": "\u20b9", "fromCurrency": null, "toCurrency": null, "lastMarket": null, "marketCap": 16462112768}, "balanceSheetHistory": {"balanceSheetStatements": [{"maxAge": 1, "endDate": "2021-03-31", "cash": 48400000, "shortTermInvestments": 178400000, "netReceivables": 2332000000, "inventory": 45088600000, "otherCurrentAssets": 2919900000, "totalCurrentAssets": 50567300000, "longTermInvestments": 3097000000, "propertyPlantEquipment": 84051900000, "intangibleAssets": 2874100000, "otherAssets": 1660000000, "totalAssets": 142250300000, "accountsPayable": 18819800000, "otherCurrentLiab": 18285100000, "longTermDebt": 30179500000, "otherLiab": 2347000000, "totalCurrentLiabilities": 93611800000, "totalLiab": 126138300000, "commonStock": 1489100000, "treasuryStock": 14622900000, "otherStockholderEquity": 14622900000, "totalStockholderEquity": 16112000000, "netTangibleAssets": 13237900000}, {"maxAge": 1, "endDate": "2020-03-31", "cash": 500000, "shortTermInvestments": 48400000, "netReceivables": 4475300000, "inventory": 23607700000, "otherCurrentAssets": 489700000, "totalCurrentAssets": 28621600000, "longTermInvestments": 1790300000, "propertyPlantEquipment": 83880200000, "intangibleAssets": 2438900000, "otherAssets": 11628200000, "deferredLongTermAssetCharges": 9335200000, "totalAssets": 128359200000, "accountsPayable": 15546700000, "shortLongTermDebt": 99800000, "otherCurrentLiab": 5467700000, "longTermDebt": 29414100000, "otherLiab": 1211100000, "deferredLongTermLiab": 271600000, "totalCurrentLiabilities": 84027700000, "totalLiab": 114766500000, "commonStock": 1489100000, "retainedEarnings": 3602300000, "treasuryStock": 6000900000, "capitalSurplus": 2500400000, "otherStockholderEquity": 6000900000, "totalStockholderEquity": 13592700000, "netTangibleAssets": 11153800000}, {"maxAge": 1, "endDate": "2019-03-31", "cash": 1700000, "shortTermInvestments": 53300000, "netReceivables": 6461100000, "inventory": 48469600000, "otherCurrentAssets": 545400000, "totalCurrentAssets": 55531100000, "longTermInvestments": 1590900000, "propertyPlantEquipment": 80757700000, "intangibleAssets": 1010200000, "otherAssets": 2133300000, "totalAssets": 141023200000, "accountsPayable": 24411000000, "shortLongTermDebt": 3504900000, "otherCurrentLiab": 6751600000, "longTermDebt": 14435100000, "otherLiab": 3767800000, "deferredLongTermLiab": 244600000, "totalCurrentLiabilities": 88254900000, "totalLiab": 106457800000, "commonStock": 1489100000, "retainedEarnings": 24575000000, "treasuryStock": 6000900000, "capitalSurplus": 2500400000, "otherStockholderEquity": 6000900000, "totalStockholderEquity": 34565400000, "netTangibleAssets": 33555200000}, {"maxAge": 1, "endDate": "2018-03-31", "cash": 400000, "shortTermInvestments": 14900000, "netReceivables": 18937000000, "inventory": 47486600000, "otherCurrentAssets": 439700000, "totalCurrentAssets": 66878600000, "longTermInvestments": 1525500000, "propertyPlantEquipment": 72985400000, "intangibleAssets": 247900000, "otherAssets": 1422600000, "totalAssets": 143060000000, "accountsPayable": 44436500000, "shortLongTermDebt": 16023300000, "otherCurrentLiab": 3328500000, "longTermDebt": 8259000000, "otherLiab": 4448700000, "deferredLongTermLiab": 190200000, "totalCurrentLiabilities": 90382300000, "totalLiab": 103090000000, "commonStock": 1489100000, "retainedEarnings": 27479600000, "treasuryStock": 8500900000, "capitalSurplus": 2500400000, "otherStockholderEquity": 8500900000, "totalStockholderEquity": 39970000000, "netTangibleAssets": 39722100000}], "maxAge": 86400}, "financialData": {"maxAge": 86400, "currentPrice": 110.55, "recommendationKey": "none", "totalCash": 226800000, "totalCashPerShare": 1.51, "ebitda": 21130999808, "totalDebt": 86686400512, "quickRatio": 0.024, "currentRatio": 0.54, "totalRevenue": 420000399360, "debtToEquity": 538.024, "revenuePerShare": 2821.118, "returnOnAssets": 0.07609, "returnOnEquity": 0.17321, "grossProfits": 35332200000, "freeCashflow": -4317012480, "operatingCashflow": 4522500096, "revenueGrowth": 2.303, "grossMargins": 0.08412, "ebitdaMargins": 0.05031, "operatingMargins": 0.039219998, "profitMargins": 0.0061299996, "financialCurrency": "INR"}}}