{"CHEVIOT.BO": {"recommendationTrend": {"trend": [{"period": "0m", "strongBuy": 0, "buy": 0, "hold": 0, "sell": 0, "strongSell": 0}, {"period": "-1m", "strongBuy": 0, "buy": 0, "hold": 0, "sell": 0, "strongSell": 0}, {"period": "-2m", "strongBuy": 0, "buy": 0, "hold": 0, "sell": 0, "strongSell": 0}, {"period": "-3m", "strongBuy": 0, "buy": 0, "hold": 0, "sell": 0, "strongSell": 0}], "maxAge": 86400}, "cashflowStatementHistory": {"cashflowStatements": [{"maxAge": 1, "endDate": "2020-03-31", "netIncome": 481212000, "depreciation": 41592000, "changeToNetincome": -95974000, "changeToAccountReceivables": -19631000, "changeToLiabilities": -15864000, "changeToInventory": -12674000, "changeToOperatingActivities": 21316000, "totalCashFromOperatingActivities": 401443000, "capitalExpenditures": -143107000, "investments": 18197000, "otherCashflowsFromInvestingActivities": 94624000, "totalCashflowsFromInvestingActivities": -28930000, "dividendsPaid": -6467000, "netBorrowings": 36387000, "otherCashflowsFromFinancingActivities": -68080000, "totalCashFromFinancingActivities": -348570000, "effectOfExchangeRate": 710000, "changeInCash": 24653000}, {"maxAge": 1, "endDate": "2019-03-31", "netIncome": 501780000, "depreciation": 40035000, "changeToNetincome": -200175000, "changeToAccountReceivables": 58376000, "changeToLiabilities": -3816000, "changeToInventory": -189158000, "changeToOperatingActivities": -14543000, "totalCashFromOperatingActivities": 195754000, "capitalExpenditures": -143366000, "investments": -89041000, "otherCashflowsFromInvestingActivities": 94924000, "totalCashflowsFromInvestingActivities": -135419000, "dividendsPaid": -4311000, "netBorrowings": -48874000, "otherCashflowsFromFinancingActivities": -8945000, "totalCashFromFinancingActivities": -62130000, "effectOfExchangeRate": 760000, "changeInCash": -1035000}, {"maxAge": 1, "endDate": "2018-03-31", "netIncome": 540761000, "depreciation": 38083000, "changeToNetincome": -193484000, "changeToAccountReceivables": -72767000, "changeToLiabilities": 3719000, "changeToInventory": -13714000, "changeToOperatingActivities": 76780000, "totalCashFromOperatingActivities": 384972000, "capitalExpenditures": -35136000, "investments": -99133000, "otherCashflowsFromInvestingActivities": 131816000, "totalCashflowsFromInvestingActivities": -858000, "dividendsPaid": -4511000, "netBorrowings": -77331000, "otherCashflowsFromFinancingActivities": -9408000, "totalCashFromFinancingActivities": -391250000, "effectOfExchangeRate": 797000, "changeInCash": -6339000, "repurchaseOfStock": -300000000}, {"maxAge": 1, "endDate": "2017-03-31", "netIncome": 494805000, "depreciation": 77600000, "changeToNetincome": -259826000, "changeToAccountReceivables": -14112000, "changeToLiabilities": 24969000, "changeToInventory": -7565000, "changeToOperatingActivities": -5278000, "totalCashFromOperatingActivities": 312175000, "capitalExpenditures": -102229000, "investments": -302439000, "otherCashflowsFromInvestingActivities": 110035000, "totalCashflowsFromInvestingActivities": -290852000, "dividendsPaid": -4511000, "netBorrowings": 8797000, "otherCashflowsFromFinancingActivities": -6172000, "totalCashFromFinancingActivities": 2625000, "effectOfExchangeRate": 327000, "changeInCash": 24275000, "repurchaseOfStock": -300000000}], "maxAge": 86400}, "institutionOwnership": {"ownershipList": [], "maxAge": 1}, "balanceSheetHistoryQuarterly": {"balanceSheetStatements": [{"maxAge": 1, "endDate": "2020-06-30", "totalStockholderEquity": 6231660000, "netTangibleAssets": 6229465000}, {"maxAge": 1, "endDate": "2020-03-31", "cash": 113955000, "shortTermInvestments": 91770000, "netReceivables": 439316000, "inventory": 820364000, "otherCurrentAssets": 61710000, "totalCurrentAssets": 2116983000, "longTermInvestments": 2140662000, "propertyPlantEquipment": 2452350000, "intangibleAssets": 2195000, "otherAssets": 51311000, "totalAssets": 6763501000, "accountsPayable": 33626000, "shortLongTermDebt": 1861000, "otherCurrentLiab": 35886000, "longTermDebt": 3704000, "otherLiab": 250549000, "totalCurrentLiabilities": 266516000, "totalLiab": 531841000, "commonStock": 64669000, "retainedEarnings": 4649352000, "treasuryStock": 1517639000, "otherStockholderEquity": 1517639000, "totalStockholderEquity": 6231660000, "netTangibleAssets": 6229465000}, {"maxAge": 1, "endDate": "2019-12-31", "totalStockholderEquity": 6413396000, "netTangibleAssets": 6410853000}, {"maxAge": 1, "endDate": "2019-09-30", "cash": 175856000, "shortTermInvestments": 1230277000, "netReceivables": 418935000, "inventory": 611566000, "otherCurrentAssets": 145147000, "totalCurrentAssets": 2581781000, "longTermInvestments": 2010981000, "propertyPlantEquipment": 2388428000, "intangibleAssets": 2543000, "otherAssets": 27439000, "totalAssets": 7011172000, "accountsPayable": 83218000, "shortLongTermDebt": 95212000, "otherCurrentLiab": 154135000, "longTermDebt": 4074000, "otherLiab": 261137000, "totalCurrentLiabilities": 332565000, "totalLiab": 597776000, "commonStock": 64669000, "treasuryStock": 6348727000, "otherStockholderEquity": 6348727000, "totalStockholderEquity": 6413396000, "netTangibleAssets": 6410853000}], "maxAge": 86400}, "earningsHistory": {"history": [{"maxAge": 1, "epsActual": {}, "epsEstimate": {}, "epsDifference": {}, "surprisePercent": {}, "quarter": {}, "period": "-4q"}, {"maxAge": 1, "epsActual": {}, "epsEstimate": {}, "epsDifference": {}, "surprisePercent": {}, "quarter": {}, "period": "-3q"}, {"maxAge": 1, "epsActual": {}, "epsEstimate": {}, "epsDifference": {}, "surprisePercent": {}, "quarter": {}, "period": "-2q"}, {"maxAge": 1, "epsActual": {}, "epsEstimate": {}, "epsDifference": {}, "surprisePercent": {}, "quarter": {}, "period": "-1q"}], "maxAge": 86400}, "indexTrend": {"maxAge": 1, "symbol": "SP5", "peRatio": 19.7411, "pegRatio": 1.34172, "estimates": [{"period": "0q", "growth": 0.549}, {"period": "+1q", "growth": 0.431}, {"period": "0y", "growth": 0.305}, {"period": "+1y", "growth": 0.109}, {"period": "+5y", "growth": 0.120859005}, {"period": "-5y"}]}, "industryTrend": {"maxAge": 1, "symbol": null, "estimates": []}, "insiderTransactions": {"transactions": [{"maxAge": 1, "shares": 15000, "filerUrl": "", "transactionText": "", "filerName": "Kanoria (Utkarsh)", "filerRelation": "Additonal Director", "moneyText": "", "startDate": "2018-10-30", "ownership": "D"}, {"maxAge": 1, "shares": 4315, "filerUrl": "", "transactionText": "", "filerName": "Abhyadoot Finance & Invetments Pvt Ltd", "filerRelation": "Promoter", "moneyText": "", "startDate": "2018-08-31", "ownership": "D"}, {"maxAge": 1, "shares": 1234148, "filerUrl": "", "transactionText": "", "filerName": "Harsh Investments Pvt Ltd", "filerRelation": "Promoter", "moneyText": "", "startDate": "2018-08-31", "ownership": "D"}, {"maxAge": 1, "shares": 79336, "filerUrl": "", "transactionText": "", "filerName": "Kanoria (Utkarsh)", "filerRelation": "Additonal Director", "moneyText": "", "startDate": "2018-08-31", "ownership": "D"}, {"maxAge": 1, "shares": 132925, "filerUrl": "", "transactionText": "", "filerName": "Kanoria (Malati)", "filerRelation": "Additonal Director", "moneyText": "", "startDate": "2018-08-31", "ownership": "D"}, {"maxAge": 1, "shares": 160284, "filerUrl": "", "transactionText": "", "filerName": "Kanoria (Harsh Vardhan)", "filerRelation": "Promoter", "moneyText": "", "startDate": "2018-08-31", "ownership": "D"}, {"maxAge": 1, "shares": 105784, "filerUrl": "", "transactionText": "", "filerName": "Harsh Investments Pvt Ltd", "filerRelation": "Promoter", "moneyText": "", "startDate": "2017-09-12", "ownership": "D"}, {"maxAge": 1, "shares": 11518, "filerUrl": "", "transactionText": "", "filerName": "Kanoria (Utkarsh)", "filerRelation": "Additonal Director", "moneyText": "", "startDate": "2017-09-12", "ownership": "D"}, {"maxAge": 1, "shares": 19299, "filerUrl": "", "transactionText": "", "filerName": "Kanoria (Malati)", "filerRelation": "Additonal Director", "moneyText": "", "startDate": "2017-09-12", "ownership": "D"}, {"maxAge": 1, "shares": 23271, "filerUrl": "", "transactionText": "", "filerName": "Kanoria (Harsh Vardhan)", "filerRelation": "Chairman of the Board", "moneyText": "", "startDate": "2017-09-12", "ownership": "D"}, {"maxAge": 1, "shares": 15000, "filerUrl": "", "transactionText": "", "filerName": "Kanoria (Harsh Vardhan)", "filerRelation": "Managing Director", "moneyText": "", "startDate": "2010-09-21", "ownership": "D"}, {"maxAge": 1, "shares": 9257, "filerUrl": "", "transactionText": "", "filerName": "Kanoria (Harsh Vardhan)", "filerRelation": "Managing Director", "moneyText": "", "startDate": "2010-08-05", "ownership": "D"}, {"maxAge": 1, "shares": 12122, "filerUrl": "", "transactionText": "", "filerName": "Kanoria (Harsh Vardhan)", "filerRelation": "Managing Director", "moneyText": "", "startDate": "2010-08-04", "ownership": "D"}, {"maxAge": 1, "shares": 8289, "filerUrl": "", "transactionText": "", "filerName": "Kanoria (Harsh Vardhan)", "filerRelation": "Managing Director", "moneyText": "", "startDate": "2010-07-27", "ownership": "D"}, {"maxAge": 1, "shares": 3958, "filerUrl": "", "transactionText": "", "filerName": "Kanoria (Harsh Vardhan)", "filerRelation": "Managing Director", "moneyText": "", "startDate": "2010-07-27", "ownership": "D"}, {"maxAge": 1, "shares": 930, "filerUrl": "", "transactionText": "", "filerName": "Kanoria (Harsh Vardhan)", "filerRelation": "Managing Director", "moneyText": "", "startDate": "2010-01-05", "ownership": "D"}, {"maxAge": 1, "shares": 285, "filerUrl": "", "transactionText": "", "filerName": "Kanoria (Harsh Vardhan)", "filerRelation": "Managing Director", "moneyText": "", "startDate": "2009-12-30", "ownership": "D"}, {"maxAge": 1, "shares": 1050, "filerUrl": "", "transactionText": "", "filerName": "Kanoria (Harsh Vardhan)", "filerRelation": "Managing Director", "moneyText": "", "startDate": "2009-12-29", "ownership": "D"}, {"maxAge": 1, "shares": 1370, "filerUrl": "", "transactionText": "", "filerName": "Kanoria (Harsh Vardhan)", "filerRelation": "Managing Director", "moneyText": "", "startDate": "2009-12-24", "ownership": "D"}, {"maxAge": 1, "shares": 4617, "filerUrl": "", "transactionText": "", "filerName": "Kanoria (Harsh Vardhan)", "filerRelation": "Managing Director", "moneyText": "", "startDate": "2009-12-23", "ownership": "D"}, {"maxAge": 1, "shares": 1031, "filerUrl": "", "transactionText": "", "filerName": "Kanoria (Harsh Vardhan)", "filerRelation": "Managing Director", "moneyText": "", "startDate": "2009-12-22", "ownership": "D"}, {"maxAge": 1, "shares": 2625, "filerUrl": "", "transactionText": "", "filerName": "Kanoria (Harsh Vardhan)", "filerRelation": "Managing Director", "moneyText": "", "startDate": "2009-12-21", "ownership": "D"}, {"maxAge": 1, "shares": 6341, "filerUrl": "", "transactionText": "", "filerName": "Kanoria (Harsh Vardhan)", "filerRelation": "Managing Director", "moneyText": "", "startDate": "2009-12-18", "ownership": "D"}, {"maxAge": 1, "shares": 11134, "filerUrl": "", "transactionText": "", "filerName": "Kanoria (Harsh Vardhan)", "filerRelation": "Managing Director", "moneyText": "", "startDate": "2009-12-17", "ownership": "D"}, {"maxAge": 1, "shares": 4308, "filerUrl": "", "transactionText": "", "filerName": "Kanoria (Harsh Vardhan)", "filerRelation": "Managing Director", "moneyText": "", "startDate": "2009-12-16", "ownership": "D"}, {"maxAge": 1, "shares": 1720, "filerUrl": "", "transactionText": "", "filerName": "Kanoria (Harsh Vardhan)", "filerRelation": "Managing Director", "moneyText": "", "startDate": "2009-12-15", "ownership": "D"}], "maxAge": 1}, "quoteType": {"exchange": "BSE", "quoteType": "EQUITY", "symbol": "CHEVIOT.BO", "underlyingSymbol": "CHEVIOT.BO", "shortName": "CHEVIOT CO.LTD.", "longName": "Cheviot Company Limited", "firstTradeDateEpochUtc": "2000-09-28 09:15:00", "timeZoneFullName": "Asia/Kolkata", "timeZoneShortName": "IST", "uuid": "ba6dedcf-2a6c-3050-b325-d687e3540873", "gmtOffSetMilliseconds": 19800000, "maxAge": 1}, "incomeStatementHistory": {"incomeStatementHistory": [{"maxAge": 1, "endDate": "2020-03-31", "totalRevenue": 4580459000, "costOfRevenue": 2516137000, "grossProfit": 2064322000, "researchDevelopment": {}, "sellingGeneralAdministrative": 764909000, "nonRecurring": {}, "otherOperatingExpenses": 730671000, "totalOperatingExpenses": 4055480000, "operatingIncome": 524979000, "totalOtherIncomeExpenseNet": 93491000, "ebit": 524979000, "interestExpense": -2662000, "incomeBeforeTax": 618470000, "incomeTaxExpense": 137258000, "minorityInterest": {}, "netIncomeFromContinuingOps": 481212000, "discontinuedOperations": {}, "extraordinaryItems": {}, "effectOfAccountingCharges": {}, "otherItems": {}, "netIncome": 481212000, "netIncomeApplicableToCommonShares": 481212000}, {"maxAge": 1, "endDate": "2019-03-31", "totalRevenue": 3945596000, "costOfRevenue": 1994860000, "grossProfit": 1950736000, "researchDevelopment": {}, "sellingGeneralAdministrative": 703697000, "nonRecurring": {}, "otherOperatingExpenses": 673703000, "totalOperatingExpenses": 3418655000, "operatingIncome": 526941000, "totalOtherIncomeExpenseNet": 188743000, "ebit": 526941000, "interestExpense": -5649000, "incomeBeforeTax": 715684000, "incomeTaxExpense": 213904000, "minorityInterest": {}, "netIncomeFromContinuingOps": 501780000, "discontinuedOperations": {}, "extraordinaryItems": {}, "effectOfAccountingCharges": {}, "otherItems": {}, "netIncome": 501780000, "netIncomeApplicableToCommonShares": 501780000}, {"maxAge": 1, "endDate": "2018-03-31", "totalRevenue": 3761167000, "costOfRevenue": 1909016000, "grossProfit": 1852151000, "researchDevelopment": {}, "sellingGeneralAdministrative": 686340000, "nonRecurring": {}, "otherOperatingExpenses": 611711000, "totalOperatingExpenses": 3250728000, "operatingIncome": 510439000, "totalOtherIncomeExpenseNet": 229322000, "ebit": 510439000, "interestExpense": -7279000, "incomeBeforeTax": 739761000, "incomeTaxExpense": 199000000, "minorityInterest": {}, "netIncomeFromContinuingOps": 540761000, "discontinuedOperations": {}, "extraordinaryItems": {}, "effectOfAccountingCharges": {}, "otherItems": {}, "netIncome": 540761000, "netIncomeApplicableToCommonShares": 540761000}, {"maxAge": 1, "endDate": "2017-03-31", "totalRevenue": 3935415000, "costOfRevenue": 2226894000, "grossProfit": 1708521000, "researchDevelopment": {}, "sellingGeneralAdministrative": 649615000, "nonRecurring": {}, "otherOperatingExpenses": 621571000, "totalOperatingExpenses": 3578442000, "operatingIncome": 356973000, "totalOtherIncomeExpenseNet": 307305000, "ebit": 356973000, "interestExpense": -4424000, "incomeBeforeTax": 664278000, "incomeTaxExpense": 169473000, "minorityInterest": {}, "netIncomeFromContinuingOps": 494805000, "discontinuedOperations": {}, "extraordinaryItems": {}, "effectOfAccountingCharges": {}, "otherItems": {}, "netIncome": 494805000, "netIncomeApplicableToCommonShares": 494805000}], "maxAge": 86400}, "fundOwnership": {"ownershipList": [], "maxAge": 1}, "summaryDetail": {"maxAge": 1, "priceHint": 2, "previousClose": 744.45, "open": 744.5, "dayLow": 733.0, "dayHigh": 749.45, "regularMarketPreviousClose": 744.45, "regularMarketOpen": 744.5, "regularMarketDayLow": 733.0, "regularMarketDayHigh": 749.45, "trailingPE": 9.848021, "forwardPE": 7.114514, "volume": 1612, "regularMarketVolume": 1612, "averageVolume": 3484, "averageVolume10days": 2011, "averageDailyVolume10Day": 2011, "bid": 733.25, "ask": 735.0, "bidSize": 0, "askSize": 0, "marketCap": 4777084416, "fiftyTwoWeekLow": 450.0, "fiftyTwoWeekHigh": 905.0, "fiftyDayAverage": 702.35, "twoHundredDayAverage": 669.7015, "trailingAnnualDividendRate": 1.0, "trailingAnnualDividendYield": 0.0013432736, "currency": "INR", "fromCurrency": null, "lastMarket": null, "algorithm": null, "tradeable": false}, "sectorTrend": {"maxAge": 1, "symbol": null, "estimates": []}, "incomeStatementHistoryQuarterly": {"incomeStatementHistory": [{"maxAge": 1, "endDate": "2020-06-30", "totalRevenue": 246975000, "costOfRevenue": 121666000, "grossProfit": 125309000, "researchDevelopment": {}, "sellingGeneralAdministrative": 51642000, "nonRecurring": {}, "otherOperatingExpenses": 49173000, "totalOperatingExpenses": 232889000, "operatingIncome": 14086000, "totalOtherIncomeExpenseNet": 125291000, "ebit": 14086000, "interestExpense": -733000, "incomeBeforeTax": 139377000, "incomeTaxExpense": 15547000, "minorityInterest": {}, "netIncomeFromContinuingOps": 123830000, "discontinuedOperations": {}, "extraordinaryItems": {}, "effectOfAccountingCharges": {}, "otherItems": {}, "netIncome": 123830000, "netIncomeApplicableToCommonShares": 123830000}, {"maxAge": 1, "endDate": "2020-03-31", "totalRevenue": 1147606000, "costOfRevenue": 635592000, "grossProfit": 512014000, "researchDevelopment": {}, "sellingGeneralAdministrative": 192646000, "nonRecurring": {}, "otherOperatingExpenses": 173003000, "totalOperatingExpenses": 1012772000, "operatingIncome": 134834000, "totalOtherIncomeExpenseNet": -69176000, "ebit": 134834000, "interestExpense": -24000, "incomeBeforeTax": 65658000, "incomeTaxExpense": 30622000, "minorityInterest": {}, "netIncomeFromContinuingOps": 35036000, "discontinuedOperations": {}, "extraordinaryItems": {}, "effectOfAccountingCharges": {}, "otherItems": {}, "netIncome": 35036000, "netIncomeApplicableToCommonShares": 35036000}, {"maxAge": 1, "endDate": "2019-12-31", "totalRevenue": 1140075000, "costOfRevenue": 612970000, "grossProfit": 527105000, "researchDevelopment": {}, "sellingGeneralAdministrative": 201850000, "nonRecurring": {}, "otherOperatingExpenses": 188319000, "totalOperatingExpenses": 1014306000, "operatingIncome": 125769000, "totalOtherIncomeExpenseNet": 72729000, "ebit": 125769000, "interestExpense": -1024000, "incomeBeforeTax": 198498000, "incomeTaxExpense": 43112000, "minorityInterest": {}, "netIncomeFromContinuingOps": 155386000, "discontinuedOperations": {}, "extraordinaryItems": {}, "effectOfAccountingCharges": {}, "otherItems": {}, "netIncome": 155386000, "netIncomeApplicableToCommonShares": 155386000}, {"maxAge": 1, "endDate": "2019-09-30", "totalRevenue": 1233678000, "costOfRevenue": 687670000, "grossProfit": 546008000, "researchDevelopment": {}, "sellingGeneralAdministrative": 195813000, "nonRecurring": {}, "otherOperatingExpenses": 194098000, "totalOperatingExpenses": 1088310000, "operatingIncome": 145368000, "totalOtherIncomeExpenseNet": 47243000, "ebit": 145368000, "interestExpense": -1260000, "incomeBeforeTax": 192611000, "incomeTaxExpense": 21793000, "minorityInterest": {}, "netIncomeFromContinuingOps": 170818000, "discontinuedOperations": {}, "extraordinaryItems": {}, "effectOfAccountingCharges": {}, "otherItems": {}, "netIncome": 170818000, "netIncomeApplicableToCommonShares": 170818000}], "maxAge": 86400}, "cashflowStatementHistoryQuarterly": {"cashflowStatements": [{"maxAge": 1, "endDate": "2020-06-30", "netIncome": 123830000, "changeToLiabilities": 0}, {"maxAge": 1, "endDate": "2020-03-31", "netIncome": 35036000, "changeToLiabilities": 0}, {"maxAge": 1, "endDate": "2019-12-31", "netIncome": 155386000, "changeToLiabilities": 0}, {"maxAge": 1, "endDate": "2019-09-30", "netIncome": 170818000, "changeToLiabilities": 0}], "maxAge": 86400}, "insiderHolders": {"holders": [{"maxAge": 1, "name": "Abhyadoot Finance & Invetments Pvt Ltd", "relation": "Promoter", "url": "", "transactionDescription": "Other", "latestTransDate": "2018-08-31", "positionDirect": 12946, "positionDirectDate": "2018-08-31"}, {"maxAge": 1, "name": "Harsh Investments Pvt Ltd", "relation": "Promoter", "url": "", "transactionDescription": "Other", "latestTransDate": "2018-08-31", "positionDirect": 3702445, "positionDirectDate": "2018-08-31"}, {"maxAge": 1, "name": "Kanoria (Harsh Vardhan)", "relation": "Promoter", "url": "", "transactionDescription": "Other", "latestTransDate": "2018-08-31", "positionDirect": 480853, "positionDirectDate": "2018-08-31"}, {"maxAge": 1, "name": "Kanoria (Malati)", "relation": "Additonal Director", "url": "", "transactionDescription": "Other", "latestTransDate": "2018-08-31", "positionDirect": 398776, "positionDirectDate": "2018-08-31"}, {"maxAge": 1, "name": "Kanoria (Utkarsh)", "relation": "Additonal Director", "url": "", "transactionDescription": "Acquisition", "latestTransDate": "2018-10-30", "positionDirect": 253009, "positionDirectDate": "2018-10-30"}], "maxAge": 1}, "earnings": {"maxAge": 86400, "earningsChart": {"quarterly": [], "earningsDate": ["2020-08-13 05:30:S"]}, "financialsChart": {"yearly": [{"date": 2017, "revenue": 3935415000, "earnings": 494805000}, {"date": 2018, "revenue": 3761167000, "earnings": 540761000}, {"date": 2019, "revenue": 3945596000, "earnings": 501780000}, {"date": 2020, "revenue": 4580459000, "earnings": 481212000}], "quarterly": [{"date": "3Q2019", "revenue": 1233678000, "earnings": 170818000}, {"date": "4Q2019", "revenue": 1140075000, "earnings": 155386000}, {"date": "1Q2020", "revenue": 1147606000, "earnings": 35036000}, {"date": "2Q2020", "revenue": 246975000, "earnings": 123830000}]}, "financialCurrency": "INR"}, "calendarEvents": {"maxAge": 1, "earnings": {"earningsDate": ["2020-08-13 05:30:S"], "revenueAverage": 1157750000, "revenueLow": 1012870000, "revenueHigh": 1012870000}}, "upgradeDowngradeHistory": {"history": [], "maxAge": 86400}, "price": {"maxAge": 1, "regularMarketChangePercent": -0.0077238227, "regularMarketChange": -5.75, "regularMarketTime": "2021-04-30 15:29:24", "priceHint": 2, "regularMarketPrice": 738.7, "regularMarketDayHigh": 749.45, "regularMarketDayLow": 733.0, "regularMarketVolume": 1612, "averageDailyVolume10Day": 2011, "averageDailyVolume3Month": 3484, "regularMarketPreviousClose": 744.45, "regularMarketSource": "FREE_REALTIME", "regularMarketOpen": 744.5, "exchange": "BSE", "exchangeName": "BSE", "exchangeDataDelayedBy": 0, "marketState": "CLOSED", "quoteType": "EQUITY", "symbol": "CHEVIOT.BO", "underlyingSymbol": null, "shortName": "CHEVIOT CO.LTD.", "longName": "Cheviot Company Limited", "currency": "INR", "quoteSourceName": "Delayed Quote", "currencySymbol": "\u20b9", "fromCurrency": null, "lastMarket": null, "marketCap": 4777084416}, "balanceSheetHistory": {"balanceSheetStatements": [{"maxAge": 1, "endDate": "2020-03-31", "cash": 113955000, "shortTermInvestments": 91770000, "netReceivables": 439316000, "inventory": 820364000, "otherCurrentAssets": 61710000, "totalCurrentAssets": 2116983000, "longTermInvestments": 2140662000, "propertyPlantEquipment": 2452350000, "intangibleAssets": 2195000, "otherAssets": 51311000, "totalAssets": 6763501000, "accountsPayable": 33626000, "shortLongTermDebt": 1861000, "otherCurrentLiab": 35886000, "longTermDebt": 3704000, "otherLiab": 250549000, "totalCurrentLiabilities": 266516000, "totalLiab": 531841000, "commonStock": 64669000, "retainedEarnings": 4649352000, "treasuryStock": 1517639000, "otherStockholderEquity": 1517639000, "totalStockholderEquity": 6231660000, "netTangibleAssets": 6229465000}, {"maxAge": 1, "endDate": "2019-03-31", "cash": 89346000, "shortTermInvestments": 30054000, "netReceivables": 401699000, "inventory": 817549000, "otherCurrentAssets": 161387000, "totalCurrentAssets": 2346311000, "longTermInvestments": 1922587000, "propertyPlantEquipment": 2322750000, "intangibleAssets": 3311000, "otherAssets": 52686000, "totalAssets": 6647645000, "accountsPayable": 49547000, "shortLongTermDebt": 2981000, "otherCurrentLiab": 40800000, "longTermDebt": 5565000, "otherLiab": 265854000, "totalCurrentLiabilities": 257631000, "totalLiab": 529053000, "commonStock": 64669000, "retainedEarnings": 4537671000, "treasuryStock": 1516252000, "otherStockholderEquity": 1516252000, "totalStockholderEquity": 6118592000, "netTangibleAssets": 6115281000}, {"maxAge": 1, "endDate": "2018-03-31", "cash": 90337000, "shortTermInvestments": 10000000, "netReceivables": 458666000, "inventory": 617506000, "otherCurrentAssets": 82751000, "totalCurrentAssets": 1775850000, "longTermInvestments": 2144570000, "propertyPlantEquipment": 1484180000, "intangibleAssets": 6402000, "otherAssets": 38515000, "totalAssets": 5449517000, "accountsPayable": 54315000, "shortLongTermDebt": 2981000, "otherCurrentLiab": 68245000, "longTermDebt": 8546000, "otherLiab": 113246000, "totalCurrentLiabilities": 323802000, "totalLiab": 445597000, "commonStock": 43113000, "retainedEarnings": 4038027000, "treasuryStock": 922780000, "otherStockholderEquity": 922780000, "totalStockholderEquity": 5003920000, "netTangibleAssets": 4997518000}, {"maxAge": 1, "endDate": "2017-03-31", "cash": 96676000, "shortTermInvestments": 20000000, "netReceivables": 381209000, "inventory": 604830000, "otherCurrentAssets": 94669000, "totalCurrentAssets": 1565204000, "longTermInvestments": 2085911000, "propertyPlantEquipment": 1488912000, "intangibleAssets": 11328000, "otherAssets": 40880000, "totalAssets": 5192235000, "accountsPayable": 50881000, "shortLongTermDebt": 1481000, "otherCurrentLiab": 41559000, "longTermDebt": 278000, "otherLiab": 104945000, "totalCurrentLiabilities": 341298000, "totalLiab": 446551000, "commonStock": 45113000, "retainedEarnings": 3659531000, "treasuryStock": 916790000, "capitalSurplus": 124250000, "otherStockholderEquity": 916790000, "totalStockholderEquity": 4745684000, "netTangibleAssets": 4734356000}], "maxAge": 86400}, "earningsTrend": {"trend": [{"maxAge": 1, "period": "0q", "endDate": "2017-03-31", "growth": {}, "earningsEstimate": {"avg": 0.0, "low": 0.0, "high": 0.0, "yearAgoEps": {}, "numberOfAnalysts": 0, "growth": {}}, "revenueEstimate": {"avg": 1157750000, "low": 1012870000, "high": 1012870000, "numberOfAnalysts": 1, "yearAgoRevenue": {}, "growth": {}}, "epsTrend": {"current": 0.0, "7daysAgo": 24.73, "30daysAgo": 24.73, "60daysAgo": 24.73, "90daysAgo": 24.73}, "epsRevisions": {"upLast7days": 0, "upLast30days": 0, "downLast30days": 0, "downLast90days": {}}}, {"maxAge": 1, "period": "+1q", "endDate": "2017-06-30", "growth": {}, "earningsEstimate": {"avg": 0.0, "low": 0.0, "high": 0.0, "yearAgoEps": {}, "numberOfAnalysts": 0, "growth": {}}, "revenueEstimate": {"avg": 946061000, "low": 0, "high": 0, "numberOfAnalysts": 0, "yearAgoRevenue": {}, "growth": {}}, "epsTrend": {"current": 0.0, "7daysAgo": 0.0, "30daysAgo": 0.0, "60daysAgo": 0.0, "90daysAgo": 0.0}, "epsRevisions": {"upLast7days": 0, "upLast30days": 0, "downLast30days": 0, "downLast90days": {}}}, {"maxAge": 1, "period": "0y", "endDate": "2017-03-31", "growth": {}, "earningsEstimate": {"avg": 0.0, "low": 0.0, "high": 0.0, "yearAgoEps": {}, "numberOfAnalysts": 0, "growth": {}}, "revenueEstimate": {"avg": 3902120000, "low": 3942020000, "high": 3942020000, "numberOfAnalysts": 1, "yearAgoRevenue": {}, "growth": {}}, "epsTrend": {"current": 0.0, "7daysAgo": 100.06, "30daysAgo": 100.06, "60daysAgo": 100.06, "90daysAgo": 100.06}, "epsRevisions": {"upLast7days": 0, "upLast30days": 1, "downLast30days": 0, "downLast90days": {}}}, {"maxAge": 1, "period": "+1y", "endDate": "2018-03-31", "growth": {}, "earningsEstimate": {"avg": 0.0, "low": 0.0, "high": 0.0, "yearAgoEps": {}, "numberOfAnalysts": 0, "growth": {}}, "revenueEstimate": {"avg": 3761170000, "low": 4409390000, "high": 4409390000, "numberOfAnalysts": 1, "yearAgoRevenue": 3902120000, "growth": -0.036}, "epsTrend": {"current": 0.0, "7daysAgo": 122.4, "30daysAgo": 122.4, "60daysAgo": 122.4, "90daysAgo": 122.4}, "epsRevisions": {"upLast7days": 0, "upLast30days": 0, "downLast30days": 0, "downLast90days": {}}}, {"maxAge": 1, "period": "+5y", "endDate": null, "growth": {}, "earningsEstimate": {"avg": {}, "low": {}, "high": {}, "yearAgoEps": {}, "numberOfAnalysts": {}, "growth": {}}, "revenueEstimate": {"avg": {}, "low": {}, "high": {}, "numberOfAnalysts": {}, "yearAgoRevenue": {}, "growth": {}}, "epsTrend": {"current": {}, "7daysAgo": {}, "30daysAgo": {}, "60daysAgo": {}, "90daysAgo": {}}, "epsRevisions": {"upLast7days": {}, "upLast30days": {}, "downLast30days": {}, "downLast90days": {}}}, {"maxAge": 1, "period": "-5y", "endDate": null, "growth": {}, "earningsEstimate": {"avg": {}, "low": {}, "high": {}, "yearAgoEps": {}, "numberOfAnalysts": {}, "growth": {}}, "revenueEstimate": {"avg": {}, "low": {}, "high": {}, "numberOfAnalysts": {}, "yearAgoRevenue": {}, "growth": {}}, "epsTrend": {"current": {}, "7daysAgo": {}, "30daysAgo": {}, "60daysAgo": {}, "90daysAgo": {}}, "epsRevisions": {"upLast7days": {}, "upLast30days": {}, "downLast30days": {}, "downLast90days": {}}}], "maxAge": 1}, "financialData": {"maxAge": 86400, "currentPrice": 738.7, "recommendationKey": "none", "grossProfits": 2064322000, "financialCurrency": "INR"}}}