{"CHLOGIST.BO": {"recommendationTrend": {"trend": [{"period": "0m", "strongBuy": 0, "buy": 0, "hold": 0, "sell": 0, "strongSell": 0}, {"period": "-1m", "strongBuy": 0, "buy": 0, "hold": 0, "sell": 0, "strongSell": 0}, {"period": "-2m", "strongBuy": 0, "buy": 0, "hold": 0, "sell": 0, "strongSell": 0}, {"period": "-3m", "strongBuy": 0, "buy": 0, "hold": 0, "sell": 0, "strongSell": 0}], "maxAge": 86400}, "cashflowStatementHistory": {"cashflowStatements": [{"maxAge": 1, "endDate": "2020-03-31", "netIncome": 5133000, "depreciation": 30938000, "changeToNetincome": 50986000, "changeToAccountReceivables": 60798000, "changeToLiabilities": 12495000, "changeToInventory": 5616000, "changeToOperatingActivities": -49716000, "totalCashFromOperatingActivities": 116250000, "capitalExpenditures": -48624000, "investments": 2840000, "otherCashflowsFromInvestingActivities": 9419000, "totalCashflowsFromInvestingActivities": -9988000, "netBorrowings": -17832000, "otherCashflowsFromFinancingActivities": -66275000, "totalCashFromFinancingActivities": -84107000, "changeInCash": 22155000}, {"maxAge": 1, "endDate": "2019-03-31", "netIncome": 21684000, "depreciation": 25792000, "changeToNetincome": 46258000, "changeToAccountReceivables": 79233000, "changeToLiabilities": 15725000, "changeToInventory": -5851000, "changeToOperatingActivities": -37099000, "totalCashFromOperatingActivities": 145742000, "capitalExpenditures": -106905000, "investments": -8380000, "otherCashflowsFromInvestingActivities": 11366000, "totalCashflowsFromInvestingActivities": -131365000, "netBorrowings": 55248000, "otherCashflowsFromFinancingActivities": -64513000, "totalCashFromFinancingActivities": -9265000, "changeInCash": 5112000}, {"maxAge": 1, "endDate": "2018-03-31", "netIncome": 2491000, "depreciation": 22431000, "changeToNetincome": 44458000, "changeToAccountReceivables": -193118000, "changeToLiabilities": 1582000, "changeToInventory": 1403000, "changeToOperatingActivities": 34715000, "totalCashFromOperatingActivities": -86038000, "capitalExpenditures": -15983000, "investments": -8520000, "otherCashflowsFromInvestingActivities": 16427000, "totalCashflowsFromInvestingActivities": -25192000, "netBorrowings": 208364000, "otherCashflowsFromFinancingActivities": -58331000, "totalCashFromFinancingActivities": 150033000, "changeInCash": 38803000}, {"maxAge": 1, "endDate": "2017-03-31", "netIncome": 118041000, "depreciation": 20799000, "changeToNetincome": 33500000, "changeToAccountReceivables": 81221000, "changeToLiabilities": 3350000, "changeToInventory": -17631000, "changeToOperatingActivities": -52098000, "totalCashFromOperatingActivities": 187182000, "capitalExpenditures": -61500000, "investments": 14040000, "otherCashflowsFromInvestingActivities": 21554000, "totalCashflowsFromInvestingActivities": -84233000, "netBorrowings": -151017000, "otherCashflowsFromFinancingActivities": -58652000, "totalCashFromFinancingActivities": -209669000, "changeInCash": -106719000}], "maxAge": 86400}, "institutionOwnership": {"maxAge": 1, "ownershipList": []}, "balanceSheetHistoryQuarterly": {"balanceSheetStatements": [{"maxAge": 1, "endDate": "2020-06-30", "totalStockholderEquity": 457383000, "netTangibleAssets": 457383000}, {"maxAge": 1, "endDate": "2020-03-31", "cash": 78879000, "shortTermInvestments": 1418000, "netReceivables": 477430000, "inventory": 31599000, "otherCurrentAssets": 74358000, "totalCurrentAssets": 664491000, "longTermInvestments": 6242000, "propertyPlantEquipment": 346932000, "otherAssets": 197652000, "totalAssets": 1215317000, "accountsPayable": 51440000, "shortLongTermDebt": 153277000, "otherCurrentLiab": 9243000, "longTermDebt": 217504000, "otherLiab": 35432000, "totalCurrentLiabilities": 504998000, "totalLiab": 757934000, "commonStock": 99340000, "retainedEarnings": 352386000, "treasuryStock": 5657000, "otherStockholderEquity": 5657000, "totalStockholderEquity": 457383000, "netTangibleAssets": 457383000}, {"maxAge": 1, "endDate": "2019-12-31", "totalStockholderEquity": 462521000, "netTangibleAssets": 462521000}, {"maxAge": 1, "endDate": "2019-09-30", "cash": 74356000, "shortTermInvestments": 86572000, "netReceivables": 432080000, "inventory": 37397000, "otherCurrentAssets": 68073000, "totalCurrentAssets": 698478000, "longTermInvestments": 7619000, "propertyPlantEquipment": 359469000, "otherAssets": 183019000, "totalAssets": 1248585000, "accountsPayable": 33532000, "shortLongTermDebt": 399857000, "otherCurrentLiab": 11258000, "longTermDebt": 301337000, "otherLiab": 40080000, "totalCurrentLiabilities": 444647000, "totalLiab": 786064000, "commonStock": 99340000, "treasuryStock": 363181000, "otherStockholderEquity": 363181000, "totalStockholderEquity": 462521000, "netTangibleAssets": 462521000}], "maxAge": 86400}, "earningsHistory": {"history": [{"maxAge": 1, "epsActual": {}, "epsEstimate": {}, "epsDifference": {}, "surprisePercent": {}, "quarter": {}, "period": "-4q"}, {"maxAge": 1, "epsActual": 0.35, "epsEstimate": 0.34, "epsDifference": 0.01, "surprisePercent": 0.029000001, "quarter": "2017-06-30", "period": "-3q"}, {"maxAge": 1, "epsActual": 0.31, "epsEstimate": 0.43, "epsDifference": -0.12, "surprisePercent": -0.27899998, "quarter": "2017-09-30", "period": "-2q"}, {"maxAge": 1, "epsActual": 0.0, "epsEstimate": 0.29, "epsDifference": -0.29, "surprisePercent": -1.0, "quarter": "2018-03-31", "period": "-1q"}], "maxAge": 86400}, "indexTrend": {"maxAge": 1, "symbol": "SP5", "peRatio": 19.7411, "pegRatio": 1.34172, "estimates": [{"period": "0q", "growth": 0.549}, {"period": "+1q", "growth": 0.431}, {"period": "0y", "growth": 0.305}, {"period": "+1y", "growth": 0.109}, {"period": "+5y", "growth": 0.120859005}, {"period": "-5y"}]}, "industryTrend": {"maxAge": 1, "symbol": null, "estimates": []}, "insiderTransactions": {"transactions": [{"maxAge": 1, "shares": 53911, "filerUrl": "", "transactionText": "", "filerName": "Gandhi (Lalitkumar Gyanchand)", "filerRelation": "Managing Director", "moneyText": "", "startDate": "2019-03-25", "ownership": "D"}, {"maxAge": 1, "shares": 18809, "filerUrl": "", "transactionText": "", "filerName": "Gandhi (Lalitkumar Gyanchand)", "filerRelation": "Managing Director", "moneyText": "", "startDate": "2019-03-22", "ownership": "D"}, {"maxAge": 1, "shares": 96512, "filerUrl": "", "transactionText": "", "filerName": "Gandhi (Lalitkumar Gyanchand)", "filerRelation": "Managing Director", "moneyText": "", "startDate": "2019-03-20", "ownership": "D"}, {"maxAge": 1, "shares": 979, "filerUrl": "", "transactionText": "", "filerName": "Gandhi (Lalitkumar Gyanchand)", "filerRelation": "Managing Director", "moneyText": "", "startDate": "2019-03-19", "ownership": "D"}, {"maxAge": 1, "shares": 5226, "filerUrl": "", "transactionText": "", "filerName": "Gandhi (Lalitkumar Gyanchand)", "filerRelation": "Managing Director", "moneyText": "", "startDate": "2019-02-28", "ownership": "D"}, {"maxAge": 1, "shares": 500000, "filerUrl": "", "transactionText": "", "filerName": "Gandhi (Lalitkumar Gyanchand)", "filerRelation": "Managing Director", "moneyText": "", "startDate": "2019-02-25", "ownership": "D"}], "maxAge": 1}, "quoteType": {"exchange": "BSE", "quoteType": "EQUITY", "symbol": "CHLOGIST.BO", "underlyingSymbol": "CHLOGIST.BO", "shortName": "CHARTERED LOGISTICS LTD.", "longName": "Chartered Logistics Limited", "firstTradeDateEpochUtc": "2003-03-13 09:15:00", "timeZoneFullName": "Asia/Kolkata", "timeZoneShortName": "IST", "uuid": "f289b4fb-6789-3637-9c73-22cd639b6090", "messageBoardId": null, "gmtOffSetMilliseconds": 19800000, "maxAge": 1}, "incomeStatementHistory": {"incomeStatementHistory": [{"maxAge": 1, "endDate": "2020-03-31", "totalRevenue": 1434458000, "costOfRevenue": 1334045000, "grossProfit": 100413000, "researchDevelopment": {}, "sellingGeneralAdministrative": 2605000, "nonRecurring": {}, "otherOperatingExpenses": 13664000, "totalOperatingExpenses": 1381252000, "operatingIncome": 53206000, "totalOtherIncomeExpenseNet": -51668000, "ebit": 53206000, "interestExpense": -64795000, "incomeBeforeTax": 1538000, "incomeTaxExpense": -3595000, "minorityInterest": {}, "netIncomeFromContinuingOps": 5133000, "discontinuedOperations": {}, "extraordinaryItems": {}, "effectOfAccountingCharges": {}, "otherItems": {}, "netIncome": 5133000, "netIncomeApplicableToCommonShares": 5133000}, {"maxAge": 1, "endDate": "2019-03-31", "totalRevenue": 1410059000, "costOfRevenue": 1287890000, "grossProfit": 122169000, "researchDevelopment": {}, "sellingGeneralAdministrative": 1731000, "nonRecurring": {}, "otherOperatingExpenses": 24161000, "totalOperatingExpenses": 1339574000, "operatingIncome": 70485000, "totalOtherIncomeExpenseNet": -50722000, "ebit": 70485000, "interestExpense": -62837000, "incomeBeforeTax": 19763000, "incomeTaxExpense": -1921000, "minorityInterest": {}, "netIncomeFromContinuingOps": 21684000, "discontinuedOperations": {}, "extraordinaryItems": {}, "effectOfAccountingCharges": {}, "otherItems": {}, "netIncome": 21684000, "netIncomeApplicableToCommonShares": 21684000}, {"maxAge": 1, "endDate": "2018-03-31", "totalRevenue": 1403951000, "costOfRevenue": 1313049000, "grossProfit": 90902000, "researchDevelopment": {}, "sellingGeneralAdministrative": 2740000, "nonRecurring": {}, "otherOperatingExpenses": 12870000, "totalOperatingExpenses": 1351090000, "operatingIncome": 52861000, "totalOtherIncomeExpenseNet": -39063000, "ebit": 52861000, "interestExpense": -56633000, "incomeBeforeTax": 13798000, "incomeTaxExpense": 11307000, "minorityInterest": {}, "netIncomeFromContinuingOps": 2491000, "discontinuedOperations": {}, "extraordinaryItems": {}, "effectOfAccountingCharges": {}, "otherItems": {}, "netIncome": 2491000, "netIncomeApplicableToCommonShares": 2491000}, {"maxAge": 1, "endDate": "2017-03-31", "totalRevenue": 1558093000, "costOfRevenue": 1339432000, "grossProfit": 218661000, "researchDevelopment": {}, "sellingGeneralAdministrative": 4207000, "nonRecurring": {}, "otherOperatingExpenses": 11316000, "totalOperatingExpenses": 1375754000, "operatingIncome": 182339000, "totalOtherIncomeExpenseNet": -24251000, "ebit": 182339000, "interestExpense": -55744000, "incomeBeforeTax": 158088000, "incomeTaxExpense": 40047000, "minorityInterest": {}, "netIncomeFromContinuingOps": 118041000, "discontinuedOperations": {}, "extraordinaryItems": {}, "effectOfAccountingCharges": {}, "otherItems": {}, "netIncome": 118041000, "netIncomeApplicableToCommonShares": 118041000}], "maxAge": 86400}, "fundOwnership": {"maxAge": 1, "ownershipList": []}, "summaryDetail": {"maxAge": 1, "priceHint": 4, "previousClose": 3.12, "open": 3.26, "dayLow": 3.08, "dayHigh": 3.29, "regularMarketPreviousClose": 3.12, "regularMarketOpen": 3.26, "regularMarketDayLow": 3.08, "regularMarketDayHigh": 3.29, "forwardPE": 2.2377625, "volume": 17053, "regularMarketVolume": 17053, "averageVolume": 111906, "averageVolume10days": 403375, "averageDailyVolume10Day": 403375, "bid": 3.12, "ask": 3.24, "bidSize": 0, "askSize": 0, "marketCap": 317888000, "fiftyTwoWeekLow": 1.77, "fiftyTwoWeekHigh": 4.84, "fiftyDayAverage": 3.708857, "twoHundredDayAverage": 3.3335037, "currency": "INR", "fromCurrency": null, "toCurrency": null, "lastMarket": null, "algorithm": null, "tradeable": false}, "sectorTrend": {"maxAge": 1, "symbol": null, "estimates": []}, "incomeStatementHistoryQuarterly": {"incomeStatementHistory": [{"maxAge": 1, "endDate": "2020-06-30", "totalRevenue": 223103000, "costOfRevenue": 207606000, "grossProfit": 15497000, "researchDevelopment": {}, "sellingGeneralAdministrative": {}, "nonRecurring": {}, "otherOperatingExpenses": 4973000, "totalOperatingExpenses": 220313000, "operatingIncome": 2790000, "totalOtherIncomeExpenseNet": -10016000, "ebit": 2790000, "interestExpense": -11543000, "incomeBeforeTax": -7226000, "incomeTaxExpense": 0, "minorityInterest": {}, "netIncomeFromContinuingOps": -7226000, "discontinuedOperations": {}, "extraordinaryItems": {}, "effectOfAccountingCharges": {}, "otherItems": {}, "netIncome": -7226000, "netIncomeApplicableToCommonShares": -7226000}, {"maxAge": 1, "endDate": "2020-03-31", "totalRevenue": 344940000, "costOfRevenue": 340376000, "grossProfit": 4564000, "researchDevelopment": {}, "sellingGeneralAdministrative": 2605000, "nonRecurring": {}, "otherOperatingExpenses": -2112000, "totalOperatingExpenses": 349185000, "operatingIncome": -4245000, "totalOtherIncomeExpenseNet": -9264000, "ebit": -4245000, "interestExpense": -13838000, "incomeBeforeTax": -13509000, "incomeTaxExpense": -3595000, "minorityInterest": {}, "netIncomeFromContinuingOps": -9914000, "discontinuedOperations": {}, "extraordinaryItems": {}, "effectOfAccountingCharges": {}, "otherItems": {}, "netIncome": -9914000, "netIncomeApplicableToCommonShares": -9914000}, {"maxAge": 1, "endDate": "2019-12-31", "totalRevenue": 376335000, "costOfRevenue": 341475000, "grossProfit": 34860000, "researchDevelopment": {}, "sellingGeneralAdministrative": 2605000, "nonRecurring": {}, "otherOperatingExpenses": 5096000, "totalOperatingExpenses": 353746000, "operatingIncome": 22589000, "totalOtherIncomeExpenseNet": -17805000, "ebit": 22589000, "interestExpense": -19060000, "incomeBeforeTax": 4784000, "incomeTaxExpense": 0, "minorityInterest": {}, "netIncomeFromContinuingOps": 4784000, "discontinuedOperations": {}, "extraordinaryItems": {}, "effectOfAccountingCharges": {}, "otherItems": {}, "netIncome": 4784000, "netIncomeApplicableToCommonShares": 4784000}, {"maxAge": 1, "endDate": "2019-09-30", "totalRevenue": 346255000, "costOfRevenue": 315024000, "grossProfit": 31231000, "researchDevelopment": {}, "sellingGeneralAdministrative": 2605000, "nonRecurring": {}, "otherOperatingExpenses": 5111000, "totalOperatingExpenses": 327948000, "operatingIncome": 18307000, "totalOtherIncomeExpenseNet": -13328000, "ebit": 18307000, "interestExpense": -16748000, "incomeBeforeTax": 4979000, "incomeTaxExpense": 0, "minorityInterest": {}, "netIncomeFromContinuingOps": 4979000, "discontinuedOperations": {}, "extraordinaryItems": {}, "effectOfAccountingCharges": {}, "otherItems": {}, "netIncome": 4979000, "netIncomeApplicableToCommonShares": 4979000}], "maxAge": 86400}, "cashflowStatementHistoryQuarterly": {"cashflowStatements": [{"maxAge": 1, "endDate": "2020-06-30", "netIncome": -7226000, "changeToLiabilities": 0}, {"maxAge": 1, "endDate": "2020-03-31", "netIncome": -9914000, "changeToLiabilities": 0}, {"maxAge": 1, "endDate": "2019-12-31", "netIncome": 4784000, "changeToLiabilities": 0}, {"maxAge": 1, "endDate": "2019-09-30", "netIncome": 4979000, "changeToLiabilities": 0}], "maxAge": 86400}, "insiderHolders": {"holders": [{"maxAge": 1, "name": "Gandhi (Lalitkumar Gyanchand)", "relation": "Managing Director", "url": "", "transactionDescription": "Acquisition", "latestTransDate": "2019-03-25", "positionDirect": 24308437, "positionDirectDate": "2019-03-25"}], "maxAge": 1}, "earnings": {"maxAge": 86400, "earningsChart": {"quarterly": [{"date": "2Q2017", "actual": 0.35, "estimate": 0.34}, {"date": "3Q2017", "actual": 0.31, "estimate": 0.43}, {"date": "1Q2018", "actual": 0.0, "estimate": 0.29}], "currentQuarterEstimateDate": "2Q", "currentQuarterEstimateYear": 2018, "earningsDate": []}, "financialsChart": {"yearly": [{"date": 2017, "revenue": 1558093000, "earnings": 118041000}, {"date": 2018, "revenue": 1403951000, "earnings": 2491000}, {"date": 2019, "revenue": 1410059000, "earnings": 21684000}, {"date": 2020, "revenue": 1434458000, "earnings": 5133000}], "quarterly": [{"date": "3Q2019", "revenue": 346255000, "earnings": 4979000}, {"date": "4Q2019", "revenue": 376335000, "earnings": 4784000}, {"date": "1Q2020", "revenue": 344940000, "earnings": -9914000}, {"date": "2Q2020", "revenue": 223103000, "earnings": -7226000}]}, "financialCurrency": "INR"}, "calendarEvents": {"maxAge": 1, "earnings": {"earningsDate": []}}, "price": {"maxAge": 1, "regularMarketChangePercent": 0.025641078, "regularMarketChange": 0.08000016, "regularMarketTime": "2021-04-30 15:20:17", "priceHint": 4, "regularMarketPrice": 3.2, "regularMarketDayHigh": 3.29, "regularMarketDayLow": 3.08, "regularMarketVolume": 17053, "averageDailyVolume10Day": 403375, "averageDailyVolume3Month": 111906, "regularMarketPreviousClose": 3.12, "regularMarketSource": "FREE_REALTIME", "regularMarketOpen": 3.26, "exchange": "BSE", "exchangeName": "BSE", "exchangeDataDelayedBy": 0, "marketState": "CLOSED", "quoteType": "EQUITY", "symbol": "CHLOGIST.BO", "underlyingSymbol": null, "shortName": "CHARTERED LOGISTICS LTD.", "longName": "Chartered Logistics Limited", "currency": "INR", "quoteSourceName": "Delayed Quote", "currencySymbol": "\u20b9", "fromCurrency": null, "toCurrency": null, "lastMarket": null, "marketCap": 317888000}, "balanceSheetHistory": {"balanceSheetStatements": [{"maxAge": 1, "endDate": "2020-03-31", "cash": 78879000, "shortTermInvestments": 1418000, "netReceivables": 477430000, "inventory": 31599000, "otherCurrentAssets": 74358000, "totalCurrentAssets": 664491000, "longTermInvestments": 6242000, "propertyPlantEquipment": 346932000, "otherAssets": 197652000, "totalAssets": 1215317000, "accountsPayable": 51440000, "shortLongTermDebt": 153277000, "otherCurrentLiab": 9243000, "longTermDebt": 217504000, "otherLiab": 35432000, "totalCurrentLiabilities": 504998000, "totalLiab": 757934000, "commonStock": 99340000, "retainedEarnings": 352386000, "treasuryStock": 5657000, "otherStockholderEquity": 5657000, "totalStockholderEquity": 457383000, "netTangibleAssets": 457383000}, {"maxAge": 1, "endDate": "2019-03-31", "cash": 56723000, "shortTermInvestments": 2303000, "netReceivables": 516596000, "inventory": 37215000, "otherCurrentAssets": 114881000, "totalCurrentAssets": 728209000, "longTermInvestments": 9083000, "propertyPlantEquipment": 329245000, "otherAssets": 204973000, "totalAssets": 1271510000, "accountsPayable": 38946000, "shortLongTermDebt": 156983000, "otherCurrentLiab": 61934000, "longTermDebt": 251115000, "otherLiab": 40081000, "totalCurrentLiabilities": 528048000, "totalLiab": 819244000, "commonStock": 99340000, "retainedEarnings": 347250000, "treasuryStock": 5676000, "otherStockholderEquity": 5676000, "totalStockholderEquity": 452266000, "netTangibleAssets": 452266000}, {"maxAge": 1, "endDate": "2018-03-31", "cash": 51611000, "shortTermInvestments": 1886000, "netReceivables": 594260000, "inventory": 31364000, "otherCurrentAssets": 80621000, "totalCurrentAssets": 760490000, "longTermInvestments": 18070000, "propertyPlantEquipment": 222600000, "otherAssets": 177244000, "totalAssets": 1178404000, "accountsPayable": 23220000, "shortLongTermDebt": 112826000, "otherCurrentLiab": 56085000, "longTermDebt": 294725000, "otherLiab": 45337000, "totalCurrentLiabilities": 407533000, "totalLiab": 747595000, "commonStock": 99340000, "retainedEarnings": 325572000, "treasuryStock": 5897000, "otherStockholderEquity": 5897000, "totalStockholderEquity": 430809000, "netTangibleAssets": 430809000}, {"maxAge": 1, "endDate": "2017-03-31", "cash": 12808000, "shortTermInvestments": 137000, "netReceivables": 478992000, "inventory": 32767000, "otherCurrentAssets": 36163000, "totalCurrentAssets": 560895000, "longTermInvestments": 9564000, "propertyPlantEquipment": 252075000, "otherAssets": 129436000, "totalAssets": 951970000, "accountsPayable": 14042000, "shortLongTermDebt": 172254000, "otherCurrentLiab": 59934000, "longTermDebt": 159756000, "otherLiab": 36676000, "totalCurrentLiabilities": 328763000, "totalLiab": 525195000, "commonStock": 99340000, "retainedEarnings": 321732000, "treasuryStock": 5703000, "otherStockholderEquity": 5703000, "totalStockholderEquity": 426775000, "netTangibleAssets": 426775000}], "maxAge": 86400}, "earningsTrend": {"trend": [{"maxAge": 1, "period": "0q", "endDate": "2018-06-30", "growth": {}, "earningsEstimate": {"avg": 0.0, "low": 0.0, "high": 0.0, "yearAgoEps": {}, "numberOfAnalysts": 0, "growth": {}}, "revenueEstimate": {"avg": 0, "low": 0, "high": 0, "numberOfAnalysts": 0, "yearAgoRevenue": 330319000, "growth": {}}, "epsTrend": {"current": 0.0, "7daysAgo": 0.0, "30daysAgo": 0.0, "60daysAgo": 0.0, "90daysAgo": 0.0}, "epsRevisions": {"upLast7days": 0, "upLast30days": 0, "downLast30days": 0, "downLast90days": {}}}, {"maxAge": 1, "period": "+1q", "endDate": "2018-09-30", "growth": {}, "earningsEstimate": {"avg": 0.0, "low": 0.0, "high": 0.0, "yearAgoEps": 0.35, "numberOfAnalysts": 0, "growth": {}}, "revenueEstimate": {"avg": 0, "low": 0, "high": 0, "numberOfAnalysts": 0, "yearAgoRevenue": 323127000, "growth": {}}, "epsTrend": {"current": 0.0, "7daysAgo": 0.0, "30daysAgo": 0.0, "60daysAgo": 0.0, "90daysAgo": 0.0}, "epsRevisions": {"upLast7days": 0, "upLast30days": 0, "downLast30days": 0, "downLast90days": {}}}, {"maxAge": 1, "period": "0y", "endDate": "2019-03-31", "growth": {}, "earningsEstimate": {"avg": 0.0, "low": 0.0, "high": 0.0, "yearAgoEps": {}, "numberOfAnalysts": 0, "growth": {}}, "revenueEstimate": {"avg": 1481930000, "low": 1481930000, "high": 1481930000, "numberOfAnalysts": 1, "yearAgoRevenue": 1403950000, "growth": 0.055999998}, "epsTrend": {"current": 0.0, "7daysAgo": 1.43, "30daysAgo": 1.43, "60daysAgo": 1.43, "90daysAgo": 1.43}, "epsRevisions": {"upLast7days": 0, "upLast30days": 0, "downLast30days": 0, "downLast90days": {}}}, {"maxAge": 1, "period": "+1y", "endDate": "2020-03-31", "growth": {}, "earningsEstimate": {"avg": 0.0, "low": 0.0, "high": 0.0, "yearAgoEps": {}, "numberOfAnalysts": 0, "growth": {}}, "revenueEstimate": {"avg": 0, "low": 0, "high": 0, "numberOfAnalysts": 0, "yearAgoRevenue": 1481930000, "growth": {}}, "epsTrend": {"current": 0.0, "7daysAgo": 0.0, "30daysAgo": 0.0, "60daysAgo": 0.0, "90daysAgo": 0.0}, "epsRevisions": {"upLast7days": 0, "upLast30days": 0, "downLast30days": 0, "downLast90days": {}}}, {"maxAge": 1, "period": "+5y", "endDate": null, "growth": {}, "earningsEstimate": {"avg": {}, "low": {}, "high": {}, "yearAgoEps": {}, "numberOfAnalysts": {}, "growth": {}}, "revenueEstimate": {"avg": {}, "low": {}, "high": {}, "numberOfAnalysts": {}, "yearAgoRevenue": {}, "growth": {}}, "epsTrend": {"current": {}, "7daysAgo": {}, "30daysAgo": {}, "60daysAgo": {}, "90daysAgo": {}}, "epsRevisions": {"upLast7days": {}, "upLast30days": {}, "downLast30days": {}, "downLast90days": {}}}, {"maxAge": 1, "period": "-5y", "endDate": null, "growth": {}, "earningsEstimate": {"avg": {}, "low": {}, "high": {}, "yearAgoEps": {}, "numberOfAnalysts": {}, "growth": {}}, "revenueEstimate": {"avg": {}, "low": {}, "high": {}, "numberOfAnalysts": {}, "yearAgoRevenue": {}, "growth": {}}, "epsTrend": {"current": {}, "7daysAgo": {}, "30daysAgo": {}, "60daysAgo": {}, "90daysAgo": {}}, "epsRevisions": {"upLast7days": {}, "upLast30days": {}, "downLast30days": {}, "downLast90days": {}}}], "maxAge": 1}, "financialData": {"maxAge": 86400, "currentPrice": 3.2, "recommendationKey": "none", "grossProfits": 100413000, "financialCurrency": "INR"}}}