{"CHOICEIN.BO": {"cashflowStatementHistory": {"cashflowStatements": [{"maxAge": 1, "endDate": "2020-03-31", "netIncome": 124311000, "depreciation": 24735000, "changeToNetincome": 161588000, "changeToAccountReceivables": -237811000, "changeToLiabilities": -19861000, "changeToOperatingActivities": 141719000, "totalCashFromOperatingActivities": 262129000, "capitalExpenditures": -8818000, "investments": 30110000, "otherCashflowsFromInvestingActivities": 18904000, "totalCashflowsFromInvestingActivities": 125864000, "netBorrowings": -230281000, "otherCashflowsFromFinancingActivities": 79474000, "totalCashFromFinancingActivities": -150807000, "changeInCash": 237186000}, {"maxAge": 1, "endDate": "2019-03-31", "netIncome": 58939000, "depreciation": 24469000, "changeToNetincome": -32561000, "changeToAccountReceivables": 502860000, "changeToLiabilities": -6278000, "changeToOperatingActivities": -751192000, "totalCashFromOperatingActivities": -362456000, "capitalExpenditures": -100845000, "investments": 561243000, "otherCashflowsFromInvestingActivities": 310857000, "totalCashflowsFromInvestingActivities": 540388000, "netBorrowings": -81259000, "otherCashflowsFromFinancingActivities": -203453000, "totalCashFromFinancingActivities": -284712000, "changeInCash": -106783000}, {"maxAge": 1, "endDate": "2018-03-31", "netIncome": 122438801, "depreciation": 23611887, "changeToNetincome": 176416217, "changeToAccountReceivables": -40427045, "changeToLiabilities": 54900721, "changeToInventory": -83384520, "changeToOperatingActivities": -217032556, "totalCashFromOperatingActivities": 40614336, "capitalExpenditures": -54578187, "investments": -200735322, "otherCashflowsFromInvestingActivities": 30628749, "totalCashflowsFromInvestingActivities": -224681668, "dividendsPaid": -1019182, "netBorrowings": 288559196, "otherCashflowsFromFinancingActivities": -195721713, "totalCashFromFinancingActivities": 391818301, "changeInCash": 207644329, "issuanceOfStock": 300000000}, {"maxAge": 1, "endDate": "2017-03-31", "netIncome": 62901262, "depreciation": 18508285, "changeToNetincome": 171223744, "changeToAccountReceivables": -274414172, "changeToLiabilities": -337103705, "changeToInventory": -14868723, "changeToOperatingActivities": 173483534, "totalCashFromOperatingActivities": -196493123, "capitalExpenditures": -59726675, "investments": -37455137, "otherCashflowsFromInvestingActivities": -13475622, "totalCashflowsFromInvestingActivities": -105996717, "dividendsPaid": -12072845, "netBorrowings": 312448747, "otherCashflowsFromFinancingActivities": -91136191, "totalCashFromFinancingActivities": 209239711, "changeInCash": -93250129, "issuanceOfStock": 300000000}], "maxAge": 86400}, "institutionOwnership": {"maxAge": 1, "ownershipList": []}, "balanceSheetHistoryQuarterly": {"balanceSheetStatements": [{"maxAge": 1, "endDate": "2020-06-30", "totalStockholderEquity": 2132031000, "netTangibleAssets": 1989733000}, {"maxAge": 1, "endDate": "2020-03-31", "cash": 373323000, "netReceivables": 2145708000, "otherCurrentAssets": 1038897000, "totalCurrentAssets": 3864019000, "longTermInvestments": 195897000, "propertyPlantEquipment": 722182000, "goodWill": 82500000, "intangibleAssets": 59798000, "otherAssets": 103652000, "deferredLongTermAssetCharges": 8198000, "totalAssets": 5028048000, "accountsPayable": 72279000, "shortLongTermDebt": 5639000, "otherCurrentLiab": 1213358000, "longTermDebt": 38096000, "otherLiab": 119116000, "totalCurrentLiabilities": 2738802000, "totalLiab": 2896014000, "commonStock": 200048000, "retainedEarnings": 623115000, "treasuryStock": 669654000, "capitalSurplus": 639217000, "otherStockholderEquity": 669654000, "totalStockholderEquity": 2132034000, "netTangibleAssets": 1989736000}, {"maxAge": 1, "endDate": "2019-12-31", "totalStockholderEquity": 1797668000, "netTangibleAssets": 1657230000}, {"maxAge": 1, "endDate": "2019-09-30", "cash": 155503000, "netReceivables": 1453503000, "otherCurrentAssets": 1063718000, "totalCurrentAssets": 3084629000, "longTermInvestments": 325416000, "propertyPlantEquipment": 733580000, "goodWill": 82500000, "intangibleAssets": 57938000, "otherAssets": 61445000, "deferredLongTermAssetCharges": 8127000, "totalAssets": 4345508000, "accountsPayable": 83424000, "otherCurrentLiab": 965296000, "longTermDebt": 188794000, "otherLiab": 89283000, "totalCurrentLiabilities": 2269763000, "totalLiab": 2547840000, "commonStock": 200048000, "treasuryStock": 1597620000, "otherStockholderEquity": 1597620000, "totalStockholderEquity": 1797668000, "netTangibleAssets": 1657230000}], "maxAge": 86400}, "indexTrend": {"maxAge": 1, "symbol": "SP5", "peRatio": 19.7411, "pegRatio": 1.34172, "estimates": [{"period": "0q", "growth": 0.549}, {"period": "+1q", "growth": 0.431}, {"period": "0y", "growth": 0.305}, {"period": "+1y", "growth": 0.109}, {"period": "+5y", "growth": 0.120859005}, {"period": "-5y"}]}, "insiderTransactions": {"transactions": [{"maxAge": 1, "shares": 25000, "filerUrl": "", "transactionText": "", "filerName": "Kejriwal (Ajay)", "filerRelation": "Director (Non-Executive)", "moneyText": "", "startDate": "2019-06-28", "ownership": "D"}, {"maxAge": 1, "shares": 25000, "filerUrl": "", "transactionText": "", "filerName": "Kejriwal (Ajay)", "filerRelation": "Director (Non-Executive)", "moneyText": "", "startDate": "2019-06-27", "ownership": "D"}, {"maxAge": 1, "shares": 138500, "filerUrl": "", "transactionText": "", "filerName": "Patodia (Shreya)", "filerRelation": "UNREPORTED", "moneyText": "", "startDate": "2019-06-17", "ownership": "D"}, {"maxAge": 1, "shares": 37500, "filerUrl": "", "transactionText": "", "filerName": "Patodia (Shreya)", "filerRelation": "UNREPORTED", "moneyText": "", "startDate": "2019-06-17", "ownership": "D"}, {"maxAge": 1, "shares": 138500, "filerUrl": "", "transactionText": "", "filerName": "Patodia (Sunilkumar Chothmal)", "filerRelation": "UNREPORTED", "moneyText": "", "startDate": "2019-06-17", "ownership": "D"}, {"maxAge": 1, "shares": 37500, "filerUrl": "", "transactionText": "", "filerName": "Patodia (Vinita Sunil)", "filerRelation": "UNREPORTED", "moneyText": "", "startDate": "2019-06-17", "ownership": "D"}, {"maxAge": 1, "shares": 50000, "filerUrl": "", "transactionText": "", "filerName": "Bagaria (Snehlata)", "filerRelation": "UNREPORTED", "moneyText": "", "startDate": "2019-06-04", "ownership": "D"}], "maxAge": 1}, "quoteType": {"exchange": "BSE", "quoteType": "EQUITY", "symbol": "CHOICEIN.BO", "underlyingSymbol": "CHOICEIN.BO", "shortName": "CHOICE INTERNATIONAL LTD.", "longName": "Choice International Limited", "firstTradeDateEpochUtc": "2000-09-14 09:15:00", "timeZoneFullName": "Asia/Kolkata", "timeZoneShortName": "IST", "uuid": "8f6fcb62-2beb-37a8-a309-72c4597fe38a", "messageBoardId": null, "gmtOffSetMilliseconds": 19800000, "maxAge": 1}, "incomeStatementHistory": {"incomeStatementHistory": [{"maxAge": 1, "endDate": "2020-03-31", "totalRevenue": 1045267000, "costOfRevenue": 270250000, "grossProfit": 775017000, "researchDevelopment": {}, "sellingGeneralAdministrative": 508235000, "nonRecurring": {}, "otherOperatingExpenses": 7820000, "totalOperatingExpenses": 822438000, "operatingIncome": 222829000, "totalOtherIncomeExpenseNet": -40792000, "ebit": 0, "interestExpense": {}, "incomeBeforeTax": 182037000, "incomeTaxExpense": 57726000, "minorityInterest": {}, "netIncomeFromContinuingOps": 124311000, "discontinuedOperations": {}, "extraordinaryItems": {}, "effectOfAccountingCharges": {}, "otherItems": {}, "netIncome": 124311000, "netIncomeApplicableToCommonShares": 124311000}, {"maxAge": 1, "endDate": "2019-03-31", "totalRevenue": 907296000, "costOfRevenue": 227536000, "grossProfit": 679760000, "researchDevelopment": {}, "sellingGeneralAdministrative": 494453000, "nonRecurring": {}, "otherOperatingExpenses": -12744000, "totalOperatingExpenses": 741034000, "operatingIncome": 166262000, "totalOtherIncomeExpenseNet": -72816000, "ebit": 0, "interestExpense": {}, "incomeBeforeTax": 93446000, "incomeTaxExpense": 34507000, "minorityInterest": {}, "netIncomeFromContinuingOps": 58939000, "discontinuedOperations": {}, "extraordinaryItems": {}, "effectOfAccountingCharges": {}, "otherItems": {}, "netIncome": 58939000, "netIncomeApplicableToCommonShares": 58939000}, {"maxAge": 1, "endDate": "2018-03-31", "totalRevenue": 1187927680, "costOfRevenue": 534513246, "grossProfit": 653414434, "researchDevelopment": {}, "sellingGeneralAdministrative": 453336667, "nonRecurring": {}, "otherOperatingExpenses": -22771198, "totalOperatingExpenses": 992781433, "operatingIncome": 195146247, "totalOtherIncomeExpenseNet": -35469316, "ebit": 0, "interestExpense": {}, "incomeBeforeTax": 159676931, "incomeTaxExpense": 37238130, "minorityInterest": {}, "netIncomeFromContinuingOps": 122438801, "discontinuedOperations": {}, "extraordinaryItems": {}, "effectOfAccountingCharges": {}, "otherItems": {}, "netIncome": 122438801, "netIncomeApplicableToCommonShares": 122438801}, {"maxAge": 1, "endDate": "2017-03-31", "totalRevenue": 1057286386, "costOfRevenue": 624867147, "grossProfit": 432419239, "researchDevelopment": {}, "sellingGeneralAdministrative": 303722986, "nonRecurring": {}, "otherOperatingExpenses": -4050176, "totalOperatingExpenses": 946824894, "operatingIncome": 110461492, "totalOtherIncomeExpenseNet": -4987809, "ebit": 0, "interestExpense": {}, "incomeBeforeTax": 105473683, "incomeTaxExpense": 42572421, "minorityInterest": {}, "netIncomeFromContinuingOps": 62901262, "discontinuedOperations": {}, "extraordinaryItems": {}, "effectOfAccountingCharges": {}, "otherItems": {}, "netIncome": 62901262, "netIncomeApplicableToCommonShares": 62901262}], "maxAge": 86400}, "fundOwnership": {"maxAge": 1, "ownershipList": []}, "summaryDetail": {"maxAge": 1, "priceHint": 2, "previousClose": 112.4, "open": 113.25, "dayLow": 112.15, "dayHigh": 114.65, "regularMarketPreviousClose": 112.4, "regularMarketOpen": 113.25, "regularMarketDayLow": 112.15, "regularMarketDayHigh": 114.65, "trailingPE": 10.314541, "volume": 5115, "regularMarketVolume": 5115, "averageVolume": 16383, "averageVolume10days": 9169, "averageDailyVolume10Day": 9169, "bid": 112.6, "ask": 114.0, "bidSize": 0, "askSize": 0, "marketCap": 2243538432, "fiftyTwoWeekLow": 71.15, "fiftyTwoWeekHigh": 149.9, "fiftyDayAverage": 113.69572, "twoHundredDayAverage": 116.512405, "trailingAnnualDividendRate": 1.0, "trailingAnnualDividendYield": 0.008896797, "currency": "INR", "fromCurrency": null, "toCurrency": null, "lastMarket": null, "algorithm": null, "tradeable": false}, "incomeStatementHistoryQuarterly": {"incomeStatementHistory": [{"maxAge": 1, "endDate": "2020-06-30", "totalRevenue": 400533000, "costOfRevenue": 130523000, "grossProfit": 270010000, "researchDevelopment": {}, "sellingGeneralAdministrative": 100420000, "nonRecurring": {}, "otherOperatingExpenses": {}, "totalOperatingExpenses": 238906000, "operatingIncome": 161627000, "totalOtherIncomeExpenseNet": 0, "ebit": 0, "interestExpense": {}, "incomeBeforeTax": 161627000, "incomeTaxExpense": 50567000, "minorityInterest": {}, "netIncomeFromContinuingOps": 111060000, "discontinuedOperations": {}, "extraordinaryItems": {}, "effectOfAccountingCharges": {}, "otherItems": {}, "netIncome": 111060000, "netIncomeApplicableToCommonShares": 111060000}, {"maxAge": 1, "endDate": "2020-03-31", "totalRevenue": 243823000, "costOfRevenue": -16330000, "grossProfit": 260153000, "researchDevelopment": {}, "sellingGeneralAdministrative": 141202000, "nonRecurring": {}, "otherOperatingExpenses": 7820000, "totalOperatingExpenses": 142494000, "operatingIncome": 101329000, "totalOtherIncomeExpenseNet": -40792000, "ebit": 0, "interestExpense": {}, "incomeBeforeTax": 60537000, "incomeTaxExpense": 18000000, "minorityInterest": {}, "netIncomeFromContinuingOps": 42537000, "discontinuedOperations": {}, "extraordinaryItems": {}, "effectOfAccountingCharges": {}, "otherItems": {}, "netIncome": 42537000, "netIncomeApplicableToCommonShares": 42537000}, {"maxAge": 1, "endDate": "2019-12-31", "totalRevenue": 262259000, "costOfRevenue": 96526000, "grossProfit": 165733000, "researchDevelopment": {}, "sellingGeneralAdministrative": 114921000, "nonRecurring": {}, "otherOperatingExpenses": 7820000, "totalOperatingExpenses": 220179000, "operatingIncome": 42080000, "totalOtherIncomeExpenseNet": 0, "ebit": 0, "interestExpense": {}, "incomeBeforeTax": 42080000, "incomeTaxExpense": 18878000, "minorityInterest": {}, "netIncomeFromContinuingOps": 23202000, "discontinuedOperations": {}, "extraordinaryItems": {}, "effectOfAccountingCharges": {}, "otherItems": {}, "netIncome": 23202000, "netIncomeApplicableToCommonShares": 23202000}, {"maxAge": 1, "endDate": "2019-09-30", "totalRevenue": 307807000, "costOfRevenue": 84905000, "grossProfit": 222902000, "researchDevelopment": {}, "sellingGeneralAdministrative": 129826000, "nonRecurring": {}, "otherOperatingExpenses": 7820000, "totalOperatingExpenses": 223148000, "operatingIncome": 84659000, "totalOtherIncomeExpenseNet": 0, "ebit": 0, "interestExpense": {}, "incomeBeforeTax": 84659000, "incomeTaxExpense": 17116000, "minorityInterest": {}, "netIncomeFromContinuingOps": 67543000, "discontinuedOperations": {}, "extraordinaryItems": {}, "effectOfAccountingCharges": {}, "otherItems": {}, "netIncome": 67543000, "netIncomeApplicableToCommonShares": 67543000}], "maxAge": 86400}, "cashflowStatementHistoryQuarterly": {"cashflowStatements": [{"maxAge": 1, "endDate": "2020-06-30", "netIncome": 111060000, "changeToLiabilities": 0}, {"maxAge": 1, "endDate": "2020-03-31", "netIncome": 42537000, "changeToLiabilities": 0}, {"maxAge": 1, "endDate": "2019-12-31", "netIncome": 23202000, "changeToLiabilities": 0}, {"maxAge": 1, "endDate": "2019-09-30", "netIncome": 67543000, "changeToLiabilities": 0}], "maxAge": 86400}, "insiderHolders": {"holders": [{"maxAge": 1, "name": "Bagaria (Snehlata)", "relation": "UNREPORTED", "url": "", "transactionDescription": "Acquisition", "latestTransDate": "2019-06-04", "positionDirect": 50500, "positionDirectDate": "2019-06-04"}, {"maxAge": 1, "name": "Kejriwal (Ajay)", "relation": "Director (Non-Executive)", "url": "", "transactionDescription": "Acquisition", "latestTransDate": "2019-06-28", "positionDirect": 102000, "positionDirectDate": "2019-06-28"}, {"maxAge": 1, "name": "Patodia (Shreya)", "relation": "UNREPORTED", "url": "", "transactionDescription": "Sale", "latestTransDate": "2019-06-17", "positionDirect": 161500, "positionDirectDate": "2019-06-17"}, {"maxAge": 1, "name": "Patodia (Sunilkumar Chothmal)", "relation": "UNREPORTED", "url": "", "transactionDescription": "Sale", "latestTransDate": "2019-06-17", "positionDirect": 1238500, "positionDirectDate": "2019-06-17"}, {"maxAge": 1, "name": "Patodia (Vinita Sunil)", "relation": "UNREPORTED", "url": "", "transactionDescription": "Sale", "latestTransDate": "2019-06-17", "positionDirect": 1612500, "positionDirectDate": "2019-06-17"}], "maxAge": 1}, "calendarEvents": {"maxAge": 1, "earnings": {"earningsDate": []}}, "price": {"maxAge": 1, "regularMarketChangePercent": -0.0022241992, "regularMarketChange": -0.25, "regularMarketTime": "2021-04-30 12:41:48", "priceHint": 2, "regularMarketPrice": 112.15, "regularMarketDayHigh": 114.65, "regularMarketDayLow": 112.15, "regularMarketVolume": 5115, "averageDailyVolume10Day": 9169, "averageDailyVolume3Month": 16383, "regularMarketPreviousClose": 112.4, "regularMarketSource": "FREE_REALTIME", "regularMarketOpen": 113.25, "exchange": "BSE", "exchangeName": "BSE", "exchangeDataDelayedBy": 0, "marketState": "CLOSED", "quoteType": "EQUITY", "symbol": "CHOICEIN.BO", "underlyingSymbol": null, "shortName": "CHOICE INTERNATIONAL LTD.", "longName": "Choice International Limited", "currency": "INR", "quoteSourceName": "Delayed Quote", "currencySymbol": "\u20b9", "fromCurrency": null, "toCurrency": null, "lastMarket": null, "marketCap": 2243538432}, "balanceSheetHistory": {"balanceSheetStatements": [{"maxAge": 1, "endDate": "2020-03-31", "cash": 373323000, "netReceivables": 2145708000, "otherCurrentAssets": 1038897000, "totalCurrentAssets": 3864019000, "longTermInvestments": 195897000, "propertyPlantEquipment": 722182000, "goodWill": 82500000, "intangibleAssets": 59798000, "otherAssets": 103652000, "deferredLongTermAssetCharges": 8198000, "totalAssets": 5028048000, "accountsPayable": 72279000, "shortLongTermDebt": 5639000, "otherCurrentLiab": 1213358000, "longTermDebt": 38096000, "otherLiab": 119116000, "totalCurrentLiabilities": 2738802000, "totalLiab": 2896014000, "commonStock": 200048000, "retainedEarnings": 623115000, "treasuryStock": 669654000, "capitalSurplus": 639217000, "otherStockholderEquity": 669654000, "totalStockholderEquity": 2132034000, "netTangibleAssets": 1989736000}, {"maxAge": 1, "endDate": "2019-03-31", "cash": 136137000, "netReceivables": 1763173000, "otherCurrentAssets": 1176766000, "totalCurrentAssets": 3439799000, "longTermInvestments": 216771000, "propertyPlantEquipment": 835137000, "goodWill": 82795000, "intangibleAssets": 58474000, "otherAssets": 106654000, "deferredLongTermAssetCharges": 9977000, "totalAssets": 4739630000, "accountsPayable": 92140000, "shortLongTermDebt": 6068000, "otherCurrentLiab": 1101532000, "longTermDebt": 43625000, "otherLiab": 96339000, "totalCurrentLiabilities": 2864294000, "totalLiab": 3004258000, "commonStock": 200048000, "retainedEarnings": 492363000, "treasuryStock": 403744000, "capitalSurplus": 639217000, "otherStockholderEquity": 403744000, "totalStockholderEquity": 1735372000, "netTangibleAssets": 1594103000}, {"maxAge": 1, "endDate": "2018-03-31", "cash": 620193418, "netReceivables": 2018949427, "otherCurrentAssets": 93246330, "totalCurrentAssets": 2907049219, "longTermInvestments": 466422638, "propertyPlantEquipment": 764217608, "goodWill": 295266, "intangibleAssets": 55328261, "otherAssets": 90251329, "deferredLongTermAssetCharges": 4013762, "totalAssets": 4283564321, "accountsPayable": 98561102, "shortLongTermDebt": 37403078, "otherCurrentLiab": 643675073, "longTermDebt": 49359116, "otherLiab": 54227213, "totalCurrentLiabilities": 2518137796, "totalLiab": 2621724125, "commonStock": 200048000, "retainedEarnings": 404683306, "treasuryStock": 417891590, "capitalSurplus": 639217300, "otherStockholderEquity": 417891590, "totalStockholderEquity": 1661840196, "netTangibleAssets": 1606216669}, {"maxAge": 1, "endDate": "2017-03-31", "cash": 412776280, "netReceivables": 1509903375, "otherCurrentAssets": 139053833, "totalCurrentAssets": 2154665267, "longTermInvestments": 263586764, "propertyPlantEquipment": 354816817, "goodWill": 295266, "intangibleAssets": 23391199, "otherAssets": 70029171, "deferredLongTermAssetCharges": 119831, "totalAssets": 2866784484, "accountsPayable": 61335195, "shortLongTermDebt": 4340386, "otherCurrentLiab": 463990342, "longTermDebt": 90058228, "otherLiab": 45756474, "totalCurrentLiabilities": 1933203876, "totalLiab": 2069018578, "commonStock": 100048000, "retainedEarnings": 257631106, "treasuryStock": 100869500, "capitalSurplus": 339217300, "otherStockholderEquity": 100869500, "totalStockholderEquity": 797765906, "netTangibleAssets": 774079441}], "maxAge": 86400}, "financialData": {"maxAge": 86400, "currentPrice": 112.15, "recommendationKey": "none", "grossProfits": 775017000, "financialCurrency": "INR"}}}