{"CHOKSILA.BO": {"cashflowStatementHistory": {"cashflowStatements": [{"maxAge": 1, "endDate": "2020-03-31", "netIncome": -38848877, "depreciation": 43542568, "changeToNetincome": -3794912, "changeToAccountReceivables": 18030334, "changeToLiabilities": -7260746, "changeToInventory": 2284732, "changeToOperatingActivities": 12632639, "totalCashFromOperatingActivities": 28677685, "capitalExpenditures": -139949737, "otherCashflowsFromInvestingActivities": 2869369, "totalCashflowsFromInvestingActivities": -137608514, "netBorrowings": 129830331, "otherCashflowsFromFinancingActivities": -18908919, "totalCashFromFinancingActivities": 110921412, "changeInCash": 1990583}, {"maxAge": 1, "endDate": "2019-03-31", "netIncome": 16002444, "depreciation": 36787218, "changeToNetincome": -10552659, "changeToAccountReceivables": 10846343, "changeToLiabilities": 15027966, "changeToInventory": -1160256, "changeToOperatingActivities": 2100006, "totalCashFromOperatingActivities": 69051062, "capitalExpenditures": -97412261, "otherCashflowsFromInvestingActivities": 2367767, "totalCashflowsFromInvestingActivities": -97602988, "netBorrowings": 36686985, "otherCashflowsFromFinancingActivities": -15372445, "totalCashFromFinancingActivities": 21314540, "changeInCash": -7237386}, {"maxAge": 1, "endDate": "2018-03-31", "netIncome": 13470914, "depreciation": 31631143, "changeToNetincome": 737246, "changeToAccountReceivables": -10752601, "changeToLiabilities": 8334844, "changeToInventory": -589190, "changeToOperatingActivities": 19636118, "totalCashFromOperatingActivities": 62468474, "capitalExpenditures": -48262123, "otherCashflowsFromInvestingActivities": 3606502, "totalCashflowsFromInvestingActivities": -49104968, "netBorrowings": 6515331, "otherCashflowsFromFinancingActivities": -15903206, "totalCashFromFinancingActivities": -9387875, "effectOfExchangeRate": -74264, "changeInCash": 3901367}, {"maxAge": 1, "endDate": "2017-03-31", "netIncome": 8925634, "depreciation": 27200511, "changeToNetincome": 18796621, "changeToAccountReceivables": -2232632, "changeToLiabilities": 8067812, "changeToInventory": -2305700, "changeToOperatingActivities": 5818290, "totalCashFromOperatingActivities": 65704609, "capitalExpenditures": -31325794, "otherCashflowsFromInvestingActivities": 5048914, "totalCashflowsFromInvestingActivities": -18828528, "netBorrowings": -34213045, "otherCashflowsFromFinancingActivities": -14680998, "totalCashFromFinancingActivities": -48894043, "effectOfExchangeRate": -7394, "changeInCash": -2025356}], "maxAge": 86400}, "institutionOwnership": {"ownershipList": [], "maxAge": 1}, "balanceSheetHistoryQuarterly": {"balanceSheetStatements": [{"maxAge": 1, "endDate": "2020-06-30", "totalStockholderEquity": 202204000, "netTangibleAssets": 200793000}, {"maxAge": 1, "endDate": "2020-03-31", "cash": 4255604, "shortTermInvestments": 2087608, "netReceivables": 113768505, "inventory": 1770414, "otherCurrentAssets": 39839902, "totalCurrentAssets": 165448868, "longTermInvestments": 5167442, "propertyPlantEquipment": 459978758, "intangibleAssets": 1410945, "otherAssets": 18068064, "deferredLongTermAssetCharges": 13794343, "totalAssets": 650074077, "accountsPayable": 64238910, "shortLongTermDebt": 16369337, "otherCurrentLiab": 7731468, "longTermDebt": 273563840, "otherLiab": 10445645, "totalCurrentLiabilities": 144795018, "totalLiab": 447870332, "commonStock": 69652630, "retainedEarnings": 116211194, "treasuryStock": 2829443, "capitalSurplus": 13510478, "otherStockholderEquity": 2829443, "totalStockholderEquity": 202203745, "netTangibleAssets": 200792800}, {"maxAge": 1, "endDate": "2019-12-31", "totalStockholderEquity": 229483000, "netTangibleAssets": 227429000}, {"maxAge": 1, "endDate": "2019-09-30", "cash": 2452000, "shortTermInvestments": 980000, "netReceivables": 153421000, "inventory": 2780000, "otherCurrentAssets": 7025000, "totalCurrentAssets": 166658000, "longTermInvestments": 5748000, "propertyPlantEquipment": 409424000, "intangibleAssets": 2054000, "otherAssets": 3904000, "totalAssets": 587788000, "accountsPayable": 62904000, "shortLongTermDebt": 14786000, "otherCurrentLiab": 12236000, "longTermDebt": 212821000, "otherLiab": 10802000, "totalCurrentLiabilities": 115049000, "totalLiab": 358305000, "commonStock": 69653000, "treasuryStock": 159830000, "otherStockholderEquity": 159830000, "totalStockholderEquity": 229483000, "netTangibleAssets": 227429000}], "maxAge": 86400}, "indexTrend": {"maxAge": 1, "symbol": "SP5", "peRatio": 19.7411, "pegRatio": 1.34172, "estimates": [{"period": "0q", "growth": 0.549}, {"period": "+1q", "growth": 0.431}, {"period": "0y", "growth": 0.305}, {"period": "+1y", "growth": 0.109}, {"period": "+5y", "growth": 0.120859005}, {"period": "-5y"}]}, "insiderTransactions": {"transactions": [{"maxAge": 1, "shares": 9000, "filerUrl": "", "transactionText": "", "filerName": "Choksi (Sunil)", "filerRelation": "Managing Director", "moneyText": "", "startDate": "2013-02-05", "ownership": "D"}, {"maxAge": 1, "shares": 1135, "filerUrl": "", "transactionText": "", "filerName": "Choksi (Sunil)", "filerRelation": "Managing Director", "moneyText": "", "startDate": "2012-07-31", "ownership": "D"}, {"maxAge": 1, "shares": 806, "filerUrl": "", "transactionText": "", "filerName": "Choksi (Sunil)", "filerRelation": "Managing Director", "moneyText": "", "startDate": "2012-07-30", "ownership": "D"}, {"maxAge": 1, "shares": 245100, "filerUrl": "", "transactionText": "", "filerName": "Choksi (Himika)", "filerRelation": "Joint Managing director", "moneyText": "", "startDate": "2011-09-16", "ownership": "D"}, {"maxAge": 1, "shares": 245100, "filerUrl": "", "transactionText": "", "filerName": "Choksi (Himika)", "filerRelation": "Joint Managing director", "moneyText": "", "startDate": "2011-09-16", "ownership": "D"}, {"maxAge": 1, "shares": 245100, "filerUrl": "", "transactionText": "", "filerName": "Choksi (Sunil)", "filerRelation": "Managing Director", "moneyText": "", "startDate": "2011-09-16", "ownership": "D"}, {"maxAge": 1, "shares": 5200, "filerUrl": "", "transactionText": "", "filerName": "Choksi (Sunil)", "filerRelation": "Managing Director", "moneyText": "", "startDate": "2010-03-31", "ownership": "D"}], "maxAge": 1}, "quoteType": {"exchange": "BSE", "quoteType": "EQUITY", "symbol": "CHOKSILA.BO", "underlyingSymbol": "CHOKSILA.BO", "shortName": "CHOKSI LABORATORIES LTD.", "longName": "Choksi Laboratories Limited", "firstTradeDateEpochUtc": "2002-01-02 09:15:00", "timeZoneFullName": "Asia/Kolkata", "timeZoneShortName": "IST", "uuid": "563704d8-0d8f-3fe2-a80d-7c517c5ac5ae", "gmtOffSetMilliseconds": 19800000, "maxAge": 1}, "incomeStatementHistory": {"incomeStatementHistory": [{"maxAge": 1, "endDate": "2020-03-31", "totalRevenue": 281590932, "costOfRevenue": 160818561, "grossProfit": 120772371, "researchDevelopment": {}, "sellingGeneralAdministrative": 10921305, "nonRecurring": {}, "otherOperatingExpenses": 72149091, "totalOperatingExpenses": 291781711, "operatingIncome": -10190779, "totalOtherIncomeExpenseNet": -46952801, "ebit": -10190779, "interestExpense": -18785198, "incomeBeforeTax": -57143580, "incomeTaxExpense": -18294703, "minorityInterest": {}, "netIncomeFromContinuingOps": -38848877, "discontinuedOperations": {}, "extraordinaryItems": {}, "effectOfAccountingCharges": {}, "otherItems": {}, "netIncome": -38848877, "netIncomeApplicableToCommonShares": -38848877}, {"maxAge": 1, "endDate": "2019-03-31", "totalRevenue": 337463078, "costOfRevenue": 165960063, "grossProfit": 171503015, "researchDevelopment": {}, "sellingGeneralAdministrative": 17105327, "nonRecurring": {}, "otherOperatingExpenses": 77843543, "totalOperatingExpenses": 301600841, "operatingIncome": 35862237, "totalOtherIncomeExpenseNet": -12915046, "ebit": 35862237, "interestExpense": -15103176, "incomeBeforeTax": 22947191, "incomeTaxExpense": 6944747, "minorityInterest": {}, "netIncomeFromContinuingOps": 16002444, "discontinuedOperations": {}, "extraordinaryItems": {}, "effectOfAccountingCharges": {}, "otherItems": {}, "netIncome": 16002444, "netIncomeApplicableToCommonShares": 16002444}, {"maxAge": 1, "endDate": "2018-03-31", "totalRevenue": 311963600, "costOfRevenue": 148699615, "grossProfit": 163263985, "researchDevelopment": {}, "sellingGeneralAdministrative": 9872120, "nonRecurring": {}, "otherOperatingExpenses": 86978590, "totalOperatingExpenses": 280251051, "operatingIncome": 31712549, "totalOtherIncomeExpenseNet": -12383404, "ebit": 31712549, "interestExpense": -15735663, "incomeBeforeTax": 19329145, "incomeTaxExpense": 5858231, "minorityInterest": {}, "netIncomeFromContinuingOps": 13470914, "discontinuedOperations": {}, "extraordinaryItems": {}, "effectOfAccountingCharges": {}, "otherItems": {}, "netIncome": 13470914, "netIncomeApplicableToCommonShares": 13470914}, {"maxAge": 1, "endDate": "2017-03-31", "totalRevenue": 287611657, "costOfRevenue": 124289392, "grossProfit": 163322265, "researchDevelopment": {}, "sellingGeneralAdministrative": 9392506, "nonRecurring": {}, "otherOperatingExpenses": 101409044, "totalOperatingExpenses": 268435349, "operatingIncome": 19176308, "totalOtherIncomeExpenseNet": -6080828, "ebit": 19176308, "interestExpense": -14029900, "incomeBeforeTax": 13095480, "incomeTaxExpense": 4169846, "minorityInterest": {}, "netIncomeFromContinuingOps": 8925634, "discontinuedOperations": {}, "extraordinaryItems": {}, "effectOfAccountingCharges": {}, "otherItems": {}, "netIncome": 8925634, "netIncomeApplicableToCommonShares": 8925634}], "maxAge": 86400}, "fundOwnership": {"ownershipList": [], "maxAge": 1}, "summaryDetail": {"maxAge": 1, "priceHint": 2, "previousClose": 10.25, "open": 10.74, "dayLow": 10.0, "dayHigh": 10.74, "regularMarketPreviousClose": 10.25, "regularMarketOpen": 10.74, "regularMarketDayLow": 10.0, "regularMarketDayHigh": 10.74, "volume": 5417, "regularMarketVolume": 5417, "averageVolume": 1090, "averageVolume10days": 59, "averageDailyVolume10Day": 59, "bid": 10.0, "ask": 10.45, "bidSize": 0, "askSize": 0, "marketCap": 69652600, "fiftyTwoWeekLow": 7.68, "fiftyTwoWeekHigh": 12.2, "fiftyDayAverage": 9.871515, "twoHundredDayAverage": 10.046496, "currency": "INR", "fromCurrency": null, "lastMarket": null, "algorithm": null, "tradeable": false}, "incomeStatementHistoryQuarterly": {"incomeStatementHistory": [{"maxAge": 1, "endDate": "2020-06-30", "totalRevenue": 48050000, "costOfRevenue": 31978000, "grossProfit": 16072000, "researchDevelopment": {}, "sellingGeneralAdministrative": {}, "nonRecurring": {}, "otherOperatingExpenses": 8894000, "totalOperatingExpenses": 52088000, "operatingIncome": -4038000, "totalOtherIncomeExpenseNet": -3782000, "ebit": -4038000, "interestExpense": -5845000, "incomeBeforeTax": -7820000, "incomeTaxExpense": -185000, "minorityInterest": {}, "netIncomeFromContinuingOps": -7635000, "discontinuedOperations": {}, "extraordinaryItems": {}, "effectOfAccountingCharges": {}, "otherItems": {}, "netIncome": -7635000, "netIncomeApplicableToCommonShares": -7635000}, {"maxAge": 1, "endDate": "2020-03-31", "totalRevenue": 62461932, "costOfRevenue": 12669561, "grossProfit": 49792371, "researchDevelopment": {}, "sellingGeneralAdministrative": 10921305, "nonRecurring": {}, "otherOperatingExpenses": 30655091, "totalOperatingExpenses": 67356711, "operatingIncome": -4894779, "totalOtherIncomeExpenseNet": -35457801, "ebit": -4894779, "interestExpense": -3585198, "incomeBeforeTax": -40352580, "incomeTaxExpense": -16089703, "minorityInterest": {}, "netIncomeFromContinuingOps": -24262877, "discontinuedOperations": {}, "extraordinaryItems": {}, "effectOfAccountingCharges": {}, "otherItems": {}, "netIncome": -24262877, "netIncomeApplicableToCommonShares": -24262877}, {"maxAge": 1, "endDate": "2019-12-31", "totalRevenue": 67480000, "costOfRevenue": 45880000, "grossProfit": 21600000, "researchDevelopment": {}, "sellingGeneralAdministrative": 10921305, "nonRecurring": {}, "otherOperatingExpenses": 14266000, "totalOperatingExpenses": 71821000, "operatingIncome": -4341000, "totalOtherIncomeExpenseNet": -1685000, "ebit": -4341000, "interestExpense": -5293000, "incomeBeforeTax": -6026000, "incomeTaxExpense": -800000, "minorityInterest": {}, "netIncomeFromContinuingOps": -5226000, "discontinuedOperations": {}, "extraordinaryItems": {}, "effectOfAccountingCharges": {}, "otherItems": {}, "netIncome": -5226000, "netIncomeApplicableToCommonShares": -5226000}, {"maxAge": 1, "endDate": "2019-09-30", "totalRevenue": 69939000, "costOfRevenue": 52118000, "grossProfit": 17821000, "researchDevelopment": {}, "sellingGeneralAdministrative": 10921305, "nonRecurring": {}, "otherOperatingExpenses": 14752000, "totalOperatingExpenses": 78803000, "operatingIncome": -8864000, "totalOtherIncomeExpenseNet": -5108000, "ebit": -8864000, "interestExpense": -4744000, "incomeBeforeTax": -13972000, "incomeTaxExpense": -2358000, "minorityInterest": {}, "netIncomeFromContinuingOps": -11614000, "discontinuedOperations": {}, "extraordinaryItems": {}, "effectOfAccountingCharges": {}, "otherItems": {}, "netIncome": -11614000, "netIncomeApplicableToCommonShares": -11614000}], "maxAge": 86400}, "cashflowStatementHistoryQuarterly": {"cashflowStatements": [{"maxAge": 1, "endDate": "2020-06-30", "netIncome": -7635000, "changeToLiabilities": 0}, {"maxAge": 1, "endDate": "2020-03-31", "netIncome": -24262877, "changeToLiabilities": 0}, {"maxAge": 1, "endDate": "2019-12-31", "netIncome": -5226000, "changeToLiabilities": 0}, {"maxAge": 1, "endDate": "2019-09-30", "netIncome": -11614000, "changeToLiabilities": 0}], "maxAge": 86400}, "insiderHolders": {"holders": [{"maxAge": 1, "name": "Choksi (Himika)", "relation": "Joint Managing director", "url": "", "transactionDescription": "Sale", "latestTransDate": "2011-09-16", "positionDirect": 0, "positionDirectDate": "2011-09-16"}, {"maxAge": 1, "name": "Choksi (Sunil)", "relation": "Managing Director", "url": "", "transactionDescription": "Acquisition", "latestTransDate": "2013-02-05", "positionDirect": 518292, "positionDirectDate": "2013-02-05"}], "maxAge": 1}, "calendarEvents": {"maxAge": 1, "earnings": {"earningsDate": []}}, "upgradeDowngradeHistory": {"history": [], "maxAge": 86400}, "price": {"maxAge": 1, "regularMarketChangePercent": -0.024390243, "regularMarketChange": -0.25, "regularMarketTime": "2021-04-30 15:15:00", "priceHint": 2, "regularMarketPrice": 10.0, "regularMarketDayHigh": 10.74, "regularMarketDayLow": 10.0, "regularMarketVolume": 5417, "averageDailyVolume10Day": 59, "averageDailyVolume3Month": 1090, "regularMarketPreviousClose": 10.25, "regularMarketSource": "FREE_REALTIME", "regularMarketOpen": 10.74, "exchange": "BSE", "exchangeName": "BSE", "exchangeDataDelayedBy": 0, "marketState": "CLOSED", "quoteType": "EQUITY", "symbol": "CHOKSILA.BO", "underlyingSymbol": null, "shortName": "CHOKSI LABORATORIES LTD.", "longName": "Choksi Laboratories Limited", "currency": "INR", "quoteSourceName": "Delayed Quote", "currencySymbol": "\u20b9", "fromCurrency": null, "lastMarket": null, "marketCap": 69652600}, "balanceSheetHistory": {"balanceSheetStatements": [{"maxAge": 1, "endDate": "2020-03-31", "cash": 4255604, "shortTermInvestments": 2087608, "netReceivables": 113768505, "inventory": 1770414, "otherCurrentAssets": 39839902, "totalCurrentAssets": 165448868, "longTermInvestments": 5167442, "propertyPlantEquipment": 459978758, "intangibleAssets": 1410945, "otherAssets": 18068064, "deferredLongTermAssetCharges": 13794343, "totalAssets": 650074077, "accountsPayable": 64238910, "shortLongTermDebt": 16369337, "otherCurrentLiab": 7731468, "longTermDebt": 273563840, "otherLiab": 10445645, "totalCurrentLiabilities": 144795018, "totalLiab": 447870332, "commonStock": 69652630, "retainedEarnings": 116211194, "treasuryStock": 2829443, "capitalSurplus": 13510478, "otherStockholderEquity": 2829443, "totalStockholderEquity": 202203745, "netTangibleAssets": 200792800}, {"maxAge": 1, "endDate": "2019-03-31", "cash": 2265021, "shortTermInvestments": 1438148, "netReceivables": 126718570, "inventory": 4055146, "otherCurrentAssets": 24924673, "totalCurrentAssets": 163009941, "longTermInvestments": 4815991, "propertyPlantEquipment": 377370660, "intangibleAssets": 2962625, "otherAssets": 5293322, "totalAssets": 553452539, "accountsPayable": 71499656, "shortLongTermDebt": 15937906, "otherCurrentLiab": 7353699, "longTermDebt": 140046442, "otherLiab": 10995807, "totalCurrentLiabilities": 134759700, "totalLiab": 313360651, "commonStock": 69652630, "retainedEarnings": 155689167, "treasuryStock": 1239613, "capitalSurplus": 13510478, "otherStockholderEquity": 1239613, "totalStockholderEquity": 240091888, "netTangibleAssets": 237129263}, {"maxAge": 1, "endDate": "2018-03-31", "cash": 9502407, "shortTermInvestments": 72468, "netReceivables": 118206498, "inventory": 2894890, "otherCurrentAssets": 15432910, "totalCurrentAssets": 150185579, "longTermInvestments": 4754236, "propertyPlantEquipment": 254308785, "intangibleAssets": 1973777, "otherAssets": 35567929, "totalAssets": 446790306, "accountsPayable": 56471690, "shortLongTermDebt": 25622285, "otherCurrentLiab": 10254229, "longTermDebt": 55207776, "otherLiab": 11615721, "totalCurrentLiabilities": 156004954, "totalLiab": 222828451, "commonStock": 69652630, "retainedEarnings": 139646851, "treasuryStock": 1151896, "capitalSurplus": 13510478, "otherStockholderEquity": 1151896, "totalStockholderEquity": 223961855, "netTangibleAssets": 221988078}, {"maxAge": 1, "endDate": "2017-03-31", "cash": 5601040, "shortTermInvestments": 41491, "netReceivables": 101407412, "inventory": 2305700, "otherCurrentAssets": 16355234, "totalCurrentAssets": 130607409, "longTermInvestments": 4926395, "propertyPlantEquipment": 236174364, "intangibleAssets": 2279876, "otherAssets": 32599910, "totalAssets": 406587954, "accountsPayable": 48136846, "shortLongTermDebt": 31589112, "otherCurrentLiab": 4888662, "longTermDebt": 42725618, "otherLiab": 8964606, "totalCurrentLiabilities": 143622135, "totalLiab": 195312359, "commonStock": 69652630, "retainedEarnings": 126175937, "treasuryStock": 1936550, "capitalSurplus": 13510478, "otherStockholderEquity": 1936550, "totalStockholderEquity": 211275595, "netTangibleAssets": 208995719}], "maxAge": 86400}, "financialData": {"maxAge": 86400, "currentPrice": 10.0, "recommendationKey": "none", "grossProfits": 120772371, "financialCurrency": "INR"}}}