{"CHORDIA.BO": {"recommendationTrend": {"trend": [{"period": "0m", "strongBuy": 0, "buy": 0, "hold": 0, "sell": 0, "strongSell": 0}, {"period": "-1m", "strongBuy": 0, "buy": 0, "hold": 0, "sell": 0, "strongSell": 0}, {"period": "-2m", "strongBuy": 0, "buy": 0, "hold": 0, "sell": 0, "strongSell": 0}, {"period": "-3m", "strongBuy": 0, "buy": 0, "hold": 0, "sell": 0, "strongSell": 0}], "maxAge": 86400}, "cashflowStatementHistory": {"cashflowStatements": [{"maxAge": 1, "endDate": "2020-03-31", "netIncome": 6620779, "depreciation": 20816962, "changeToNetincome": 5376376, "changeToAccountReceivables": 40780111, "changeToLiabilities": 5396203, "changeToInventory": -29899307, "changeToOperatingActivities": -10081335, "totalCashFromOperatingActivities": 39009789, "capitalExpenditures": -5784719, "totalCashflowsFromInvestingActivities": -5784719, "netBorrowings": -19291353, "otherCashflowsFromFinancingActivities": -5376376, "totalCashFromFinancingActivities": -24667729, "changeInCash": 8557341}, {"maxAge": 1, "endDate": "2019-03-31", "netIncome": 20753967, "depreciation": 20763827, "changeToNetincome": 9495535, "changeToAccountReceivables": 26774020, "changeToLiabilities": -15589174, "changeToInventory": 1154521, "changeToOperatingActivities": -6757078, "totalCashFromOperatingActivities": 56595618, "capitalExpenditures": -3828874, "totalCashflowsFromInvestingActivities": -3828874, "netBorrowings": -34564720, "otherCashflowsFromFinancingActivities": -9495535, "totalCashFromFinancingActivities": -44060255, "changeInCash": 8706489}, {"maxAge": 1, "endDate": "2018-03-31", "netIncome": 30101697, "depreciation": 20763103, "changeToNetincome": 11065702, "changeToAccountReceivables": -13624146, "changeToLiabilities": -26572945, "changeToInventory": 19026767, "changeToOperatingActivities": -21015063, "totalCashFromOperatingActivities": 19745115, "capitalExpenditures": -3906973, "investments": 100000, "totalCashflowsFromInvestingActivities": -3806973, "netBorrowings": -4300882, "otherCashflowsFromFinancingActivities": -11065701, "totalCashFromFinancingActivities": -15366583, "changeInCash": 571559}, {"maxAge": 1, "endDate": "2017-03-31", "netIncome": -7223137, "depreciation": 12895000, "changeToNetincome": 13990830, "changeToAccountReceivables": -2683545, "changeToLiabilities": 5908899, "changeToInventory": 4104296, "changeToOperatingActivities": 1279723, "totalCashFromOperatingActivities": 28272066, "capitalExpenditures": -13659635, "investments": 100000, "totalCashflowsFromInvestingActivities": -13659635, "netBorrowings": -7100854, "otherCashflowsFromFinancingActivities": -13990830, "totalCashFromFinancingActivities": -21091684, "changeInCash": -6479253}], "maxAge": 86400}, "institutionOwnership": {"ownershipList": [], "maxAge": 1}, "balanceSheetHistoryQuarterly": {"balanceSheetStatements": [{"maxAge": 1, "endDate": "2020-06-30", "totalStockholderEquity": 355658952, "netTangibleAssets": 355658952}, {"maxAge": 1, "endDate": "2020-03-31", "cash": 23664992, "shortTermInvestments": 3881641, "netReceivables": 110363396, "inventory": 142490700, "otherCurrentAssets": 7494028, "totalCurrentAssets": 287894757, "longTermInvestments": 263905, "propertyPlantEquipment": 184329329, "totalAssets": 472487991, "accountsPayable": 40891419, "otherCurrentLiab": 13904685, "totalCurrentLiabilities": 116829039, "totalLiab": 116829039, "commonStock": 40282520, "retainedEarnings": 249581004, "treasuryStock": 19009292, "capitalSurplus": 46786136, "otherStockholderEquity": 19009292, "totalStockholderEquity": 355658952, "netTangibleAssets": 355658952}, {"maxAge": 1, "endDate": "2019-12-31", "totalStockholderEquity": 351643000, "netTangibleAssets": 351643000}, {"maxAge": 1, "endDate": "2019-09-30", "cash": 6178000, "netReceivables": 100081000, "inventory": 108532000, "otherCurrentAssets": 47395000, "totalCurrentAssets": 262186000, "longTermInvestments": 264000, "propertyPlantEquipment": 192552000, "totalAssets": 455002000, "accountsPayable": 34417000, "otherCurrentLiab": 22872000, "totalCurrentLiabilities": 103359000, "totalLiab": 103359000, "commonStock": 40300000, "treasuryStock": 311343000, "otherStockholderEquity": 311343000, "totalStockholderEquity": 351643000, "netTangibleAssets": 351643000}], "maxAge": 86400}, "earningsHistory": {"history": [{"maxAge": 1, "epsActual": {}, "epsEstimate": {}, "epsDifference": {}, "surprisePercent": {}, "quarter": {}, "period": "-4q"}, {"maxAge": 1, "epsActual": {}, "epsEstimate": {}, "epsDifference": {}, "surprisePercent": {}, "quarter": {}, "period": "-3q"}, {"maxAge": 1, "epsActual": {}, "epsEstimate": {}, "epsDifference": {}, "surprisePercent": {}, "quarter": {}, "period": "-2q"}, {"maxAge": 1, "epsActual": {}, "epsEstimate": {}, "epsDifference": {}, "surprisePercent": {}, "quarter": {}, "period": "-1q"}], "maxAge": 86400}, "indexTrend": {"maxAge": 1, "symbol": "SP5", "peRatio": 19.7411, "pegRatio": 1.34172, "estimates": [{"period": "0q", "growth": 0.549}, {"period": "+1q", "growth": 0.431}, {"period": "0y", "growth": 0.305}, {"period": "+1y", "growth": 0.109}, {"period": "+5y", "growth": 0.120859005}, {"period": "-5y"}]}, "industryTrend": {"maxAge": 1, "symbol": null, "estimates": []}, "insiderTransactions": {"transactions": [{"maxAge": 1, "shares": 24000, "filerUrl": "", "transactionText": "", "filerName": "Chordia (Rajkumar Hukmichand)", "filerRelation": "Promoter", "moneyText": "", "startDate": "2018-12-12", "ownership": "D"}, {"maxAge": 1, "shares": 24000, "filerUrl": "", "transactionText": "", "filerName": "Chordia (Rajkumar Hukmichand)", "filerRelation": "Promoter", "moneyText": "", "startDate": "2018-12-11", "ownership": "D"}, {"maxAge": 1, "shares": 30500, "filerUrl": "", "transactionText": "", "filerName": "Chordia (Rajkumar Hukmichand)", "filerRelation": "Promoter", "moneyText": "", "startDate": "2018-12-10", "ownership": "D"}, {"maxAge": 1, "shares": 34065, "filerUrl": "", "transactionText": "", "filerName": "Chordia (Rajkumar Hukmichand)", "filerRelation": "Promoter", "moneyText": "", "startDate": "2018-03-22", "ownership": "D"}, {"maxAge": 1, "shares": 35200, "filerUrl": "", "transactionText": "", "filerName": "Chordia (Rajkumar Hukmichand)", "filerRelation": "Promoter", "moneyText": "", "startDate": "2018-03-21", "ownership": "D"}, {"maxAge": 1, "shares": 27500, "filerUrl": "", "transactionText": "", "filerName": "Chordia (Rajkumar Hukmichand)", "filerRelation": "Promoter", "moneyText": "", "startDate": "2018-01-16", "ownership": "D"}, {"maxAge": 1, "shares": 57784, "filerUrl": "", "transactionText": "", "filerName": "Chordia (Rajkumar Hukmichand)", "filerRelation": "Promoter", "moneyText": "", "startDate": "2018-01-12", "ownership": "D"}, {"maxAge": 1, "shares": 22784, "filerUrl": "", "transactionText": "", "filerName": "Chordia (Rajkumar Hukmichand)", "filerRelation": "Promoter", "moneyText": "", "startDate": "2016-09-30", "ownership": "D"}, {"maxAge": 1, "shares": 22784, "filerUrl": "", "transactionText": "", "filerName": "Chordia (Rajkumar Hukmichand)", "filerRelation": "Promoter", "moneyText": "", "startDate": "2016-09-30", "ownership": "D"}], "maxAge": 1}, "quoteType": {"exchange": "BSE", "quoteType": "EQUITY", "symbol": "CHORDIA.BO", "underlyingSymbol": "CHORDIA.BO", "shortName": "CHORDIA FOOD PRODUCTS LTD.", "longName": "Chordia Food Products Limited", "firstTradeDateEpochUtc": "2002-01-10 09:15:00", "timeZoneFullName": "Asia/Kolkata", "timeZoneShortName": "IST", "uuid": "74effd98-31d3-3cce-9beb-fe8b2e7d4a91", "gmtOffSetMilliseconds": 19800000, "maxAge": 1}, "incomeStatementHistory": {"incomeStatementHistory": [{"maxAge": 1, "endDate": "2020-03-31", "totalRevenue": 654827545, "costOfRevenue": 387641379, "grossProfit": 267186166, "researchDevelopment": {}, "sellingGeneralAdministrative": 113959977, "nonRecurring": {}, "otherOperatingExpenses": 115775451, "totalOperatingExpenses": 638193769, "operatingIncome": 16633776, "totalOtherIncomeExpenseNet": -6702107, "ebit": 16633776, "interestExpense": -5116693, "incomeBeforeTax": 9931669, "incomeTaxExpense": 3310890, "minorityInterest": {}, "netIncomeFromContinuingOps": 6620779, "discontinuedOperations": {}, "extraordinaryItems": {}, "effectOfAccountingCharges": {}, "otherItems": {}, "netIncome": 6620779, "netIncomeApplicableToCommonShares": 6620779}, {"maxAge": 1, "endDate": "2019-03-31", "totalRevenue": 609984987, "costOfRevenue": 368251215, "grossProfit": 241733772, "researchDevelopment": {}, "sellingGeneralAdministrative": 83468659, "nonRecurring": {}, "otherOperatingExpenses": 97211753, "totalOperatingExpenses": 569695454, "operatingIncome": 40289533, "totalOtherIncomeExpenseNet": -11673968, "ebit": 40289533, "interestExpense": -9618802, "incomeBeforeTax": 28615565, "incomeTaxExpense": 7861598, "minorityInterest": {}, "netIncomeFromContinuingOps": 20753967, "discontinuedOperations": {}, "extraordinaryItems": {}, "effectOfAccountingCharges": {}, "otherItems": {}, "netIncome": 20753967, "netIncomeApplicableToCommonShares": 20753967}, {"maxAge": 1, "endDate": "2018-03-31", "totalRevenue": 594882865, "costOfRevenue": 333708419, "grossProfit": 261174446, "researchDevelopment": {}, "sellingGeneralAdministrative": 64751039, "nonRecurring": {}, "otherOperatingExpenses": 122755231, "totalOperatingExpenses": 541977792, "operatingIncome": 52905073, "totalOtherIncomeExpenseNet": -13152901, "ebit": 52905073, "interestExpense": -10153952, "incomeBeforeTax": 39752172, "incomeTaxExpense": 9650475, "minorityInterest": {}, "netIncomeFromContinuingOps": 30101697, "discontinuedOperations": {}, "extraordinaryItems": {}, "effectOfAccountingCharges": {}, "otherItems": {}, "netIncome": 30101697, "netIncomeApplicableToCommonShares": 30101697}, {"maxAge": 1, "endDate": "2017-03-31", "totalRevenue": 513879217, "costOfRevenue": 322767646, "grossProfit": 191111571, "researchDevelopment": {}, "sellingGeneralAdministrative": 50199124, "nonRecurring": {}, "otherOperatingExpenses": 121291765, "totalOperatingExpenses": 507153535, "operatingIncome": 6725682, "totalOtherIncomeExpenseNet": -13948819, "ebit": 6725682, "interestExpense": -12731797, "incomeBeforeTax": -7223137, "incomeTaxExpense": 0, "minorityInterest": {}, "netIncomeFromContinuingOps": -7223137, "discontinuedOperations": {}, "extraordinaryItems": {}, "effectOfAccountingCharges": {}, "otherItems": {}, "netIncome": -7223137, "netIncomeApplicableToCommonShares": -7223137}], "maxAge": 86400}, "fundOwnership": {"ownershipList": [], "maxAge": 1}, "summaryDetail": {"maxAge": 1, "priceHint": 2, "previousClose": 118.6, "open": 120.0, "dayLow": 117.5, "dayHigh": 125.0, "regularMarketPreviousClose": 118.6, "regularMarketOpen": 120.0, "regularMarketDayLow": 117.5, "regularMarketDayHigh": 125.0, "trailingPE": 204.8142, "forwardPE": 10.214828, "volume": 4000, "regularMarketVolume": 4000, "averageVolume": 653, "averageVolume10days": 1069, "averageDailyVolume10Day": 1069, "bid": 119.0, "ask": 121.0, "bidSize": 0, "askSize": 0, "marketCap": 488425312, "fiftyTwoWeekLow": 73.35, "fiftyTwoWeekHigh": 130.0, "fiftyDayAverage": 104.78485, "twoHundredDayAverage": 98.36131, "currency": "INR", "fromCurrency": null, "lastMarket": null, "algorithm": null, "tradeable": false}, "sectorTrend": {"maxAge": 1, "symbol": null, "estimates": []}, "incomeStatementHistoryQuarterly": {"incomeStatementHistory": [{"maxAge": 1, "endDate": "2020-06-30", "totalRevenue": 194339000, "costOfRevenue": 132757000, "grossProfit": 61582000, "researchDevelopment": {}, "sellingGeneralAdministrative": 14291000, "nonRecurring": {}, "otherOperatingExpenses": 39972000, "totalOperatingExpenses": 191215000, "operatingIncome": 3124000, "totalOtherIncomeExpenseNet": -1430000, "ebit": 3124000, "interestExpense": -1437000, "incomeBeforeTax": 1694000, "incomeTaxExpense": 575000, "minorityInterest": {}, "netIncomeFromContinuingOps": 1119000, "discontinuedOperations": {}, "extraordinaryItems": {}, "effectOfAccountingCharges": {}, "otherItems": {}, "netIncome": 1119000, "netIncomeApplicableToCommonShares": 1119000}, {"maxAge": 1, "endDate": "2020-03-31", "totalRevenue": 152442545, "costOfRevenue": 90397379, "grossProfit": 62045166, "researchDevelopment": {}, "sellingGeneralAdministrative": 71701977, "nonRecurring": {}, "otherOperatingExpenses": -23411549, "totalOperatingExpenses": 143907769, "operatingIncome": 8534776, "totalOtherIncomeExpenseNet": -2356107, "ebit": 8534776, "interestExpense": -704693, "incomeBeforeTax": 6178669, "incomeTaxExpense": 2173890, "minorityInterest": {}, "netIncomeFromContinuingOps": 4004779, "discontinuedOperations": {}, "extraordinaryItems": {}, "effectOfAccountingCharges": {}, "otherItems": {}, "netIncome": 4004779, "netIncomeApplicableToCommonShares": 4004779}, {"maxAge": 1, "endDate": "2019-12-31", "totalRevenue": 163017000, "costOfRevenue": 89566000, "grossProfit": 73451000, "researchDevelopment": {}, "sellingGeneralAdministrative": 16635000, "nonRecurring": {}, "otherOperatingExpenses": 49952000, "totalOperatingExpenses": 161375000, "operatingIncome": 1642000, "totalOtherIncomeExpenseNet": -1630000, "ebit": 1642000, "interestExpense": -1637000, "incomeBeforeTax": 12000, "incomeTaxExpense": 1000, "minorityInterest": {}, "netIncomeFromContinuingOps": 11000, "discontinuedOperations": {}, "extraordinaryItems": {}, "effectOfAccountingCharges": {}, "otherItems": {}, "netIncome": 11000, "netIncomeApplicableToCommonShares": 11000}, {"maxAge": 1, "endDate": "2019-09-30", "totalRevenue": 151532000, "costOfRevenue": 86543000, "grossProfit": 64989000, "researchDevelopment": {}, "sellingGeneralAdministrative": 13027000, "nonRecurring": {}, "otherOperatingExpenses": 48679000, "totalOperatingExpenses": 153437000, "operatingIncome": -1905000, "totalOtherIncomeExpenseNet": -1578000, "ebit": -1905000, "interestExpense": -1587000, "incomeBeforeTax": -3483000, "incomeTaxExpense": -742000, "minorityInterest": {}, "netIncomeFromContinuingOps": -2741000, "discontinuedOperations": {}, "extraordinaryItems": {}, "effectOfAccountingCharges": {}, "otherItems": {}, "netIncome": -2741000, "netIncomeApplicableToCommonShares": -2741000}], "maxAge": 86400}, "cashflowStatementHistoryQuarterly": {"cashflowStatements": [{"maxAge": 1, "endDate": "2020-06-30", "netIncome": 1119000, "changeToLiabilities": 0}, {"maxAge": 1, "endDate": "2020-03-31", "netIncome": 4004779, "changeToLiabilities": 0}, {"maxAge": 1, "endDate": "2019-12-31", "netIncome": 11000, "changeToLiabilities": 0}, {"maxAge": 1, "endDate": "2019-09-30", "netIncome": -2741000, "changeToLiabilities": 0}], "maxAge": 86400}, "insiderHolders": {"holders": [{"maxAge": 1, "name": "Chordia (Rajkumar Hukmichand)", "relation": "Promoter", "url": "", "transactionDescription": "Acquisition", "latestTransDate": "2018-12-12", "positionDirect": 1376493, "positionDirectDate": "2018-12-12"}], "maxAge": 1}, "earnings": {"maxAge": 86400, "earningsChart": {"quarterly": [], "earningsDate": ["2020-09-15 05:30:S"]}, "financialsChart": {"yearly": [{"date": 2017, "revenue": 513879217, "earnings": -7223137}, {"date": 2018, "revenue": 594882865, "earnings": 30101697}, {"date": 2019, "revenue": 609984987, "earnings": 20753967}, {"date": 2020, "revenue": 654827545, "earnings": 6620779}], "quarterly": [{"date": "3Q2019", "revenue": 151532000, "earnings": -2741000}, {"date": "4Q2019", "revenue": 163017000, "earnings": 11000}, {"date": "1Q2020", "revenue": 152442545, "earnings": 4004779}, {"date": "2Q2020", "revenue": 194339000, "earnings": 1119000}]}, "financialCurrency": "INR"}, "calendarEvents": {"maxAge": 1, "earnings": {"earningsDate": ["2020-09-15 05:30:S"], "revenueAverage": 344062000, "revenueLow": 358290000, "revenueHigh": 358290000}}, "upgradeDowngradeHistory": {"history": [], "maxAge": 86400}, "price": {"maxAge": 1, "regularMarketChangePercent": 0.022344027, "regularMarketChange": 2.6500015, "regularMarketTime": "2021-04-30 15:27:31", "priceHint": 2, "regularMarketPrice": 121.25, "regularMarketDayHigh": 125.0, "regularMarketDayLow": 117.5, "regularMarketVolume": 4000, "averageDailyVolume10Day": 1069, "averageDailyVolume3Month": 653, "regularMarketPreviousClose": 118.6, "regularMarketSource": "FREE_REALTIME", "regularMarketOpen": 120.0, "exchange": "BSE", "exchangeName": "BSE", "exchangeDataDelayedBy": 0, "marketState": "CLOSED", "quoteType": "EQUITY", "symbol": "CHORDIA.BO", "underlyingSymbol": null, "shortName": "CHORDIA FOOD PRODUCTS LTD.", "longName": "Chordia Food Products Limited", "currency": "INR", "quoteSourceName": "Delayed Quote", "currencySymbol": "\u20b9", "fromCurrency": null, "lastMarket": null, "marketCap": 488425312}, "balanceSheetHistory": {"balanceSheetStatements": [{"maxAge": 1, "endDate": "2020-03-31", "cash": 23664992, "shortTermInvestments": 3881641, "netReceivables": 110363396, "inventory": 142490700, "otherCurrentAssets": 7494028, "totalCurrentAssets": 287894757, "longTermInvestments": 263905, "propertyPlantEquipment": 184329329, "totalAssets": 472487991, "accountsPayable": 40891419, "otherCurrentLiab": 13904685, "totalCurrentLiabilities": 116829039, "totalLiab": 116829039, "commonStock": 40282520, "retainedEarnings": 249581004, "treasuryStock": 19009292, "capitalSurplus": 46786136, "otherStockholderEquity": 19009292, "totalStockholderEquity": 355658952, "netTangibleAssets": 355658952}, {"maxAge": 1, "endDate": "2019-03-31", "cash": 15107651, "shortTermInvestments": 1891567, "netReceivables": 139480036, "inventory": 112591393, "otherCurrentAssets": 8438276, "totalCurrentAssets": 277508923, "longTermInvestments": 263905, "propertyPlantEquipment": 199361572, "totalAssets": 477134400, "accountsPayable": 35495216, "otherCurrentLiab": 11395402, "totalCurrentLiabilities": 128096227, "totalLiab": 128096227, "commonStock": 40282520, "retainedEarnings": 242960225, "treasuryStock": 19009292, "capitalSurplus": 46786136, "otherStockholderEquity": 19009292, "totalStockholderEquity": 349038173, "netTangibleAssets": 349038173}, {"maxAge": 1, "endDate": "2018-03-31", "cash": 6401162, "shortTermInvestments": 2398134, "netReceivables": 170176989, "inventory": 113745914, "otherCurrentAssets": 157683, "totalCurrentAssets": 292879882, "longTermInvestments": 263905, "propertyPlantEquipment": 216296525, "totalAssets": 509440312, "accountsPayable": 51084390, "otherCurrentLiab": 14212131, "totalCurrentLiabilities": 181156106, "totalLiab": 181156106, "commonStock": 29801000, "retainedEarnings": 222206258, "treasuryStock": 29490812, "capitalSurplus": 46786136, "otherStockholderEquity": 29490812, "totalStockholderEquity": 328284206, "netTangibleAssets": 328284206}, {"maxAge": 1, "endDate": "2017-03-31", "cash": 5165850, "shortTermInvestments": 1781419, "netReceivables": 56026366, "inventory": 119106992, "otherCurrentAssets": 628210, "totalCurrentAssets": 182708837, "longTermInvestments": 150000, "propertyPlantEquipment": 122100966, "otherAssets": 182400000, "totalAssets": 487359803, "accountsPayable": 64820062, "otherCurrentLiab": 11046433, "totalCurrentLiabilities": 163959905, "totalLiab": 163959905, "commonStock": 29801000, "retainedEarnings": 227803470, "treasuryStock": 19009292, "capitalSurplus": 46786136, "otherStockholderEquity": 19009292, "totalStockholderEquity": 323399898, "netTangibleAssets": 323399898}], "maxAge": 86400}, "earningsTrend": {"trend": [{"maxAge": 1, "period": "0q", "endDate": "2014-06-30", "growth": {}, "earningsEstimate": {"avg": 0.0, "low": 0.0, "high": 0.0, "yearAgoEps": {}, "numberOfAnalysts": 0, "growth": {}}, "revenueEstimate": {"avg": 344062000, "low": 358290000, "high": 358290000, "numberOfAnalysts": 1, "yearAgoRevenue": {}, "growth": {}}, "epsTrend": {"current": 0.0, "7daysAgo": 1.58, "30daysAgo": 1.58, "60daysAgo": 1.58, "90daysAgo": 1.58}, "epsRevisions": {"upLast7days": 0, "upLast30days": 0, "downLast30days": 0, "downLast90days": {}}}, {"maxAge": 1, "period": "+1q", "endDate": "2014-09-30", "growth": {}, "earningsEstimate": {"avg": 0.0, "low": 0.0, "high": 0.0, "yearAgoEps": {}, "numberOfAnalysts": 0, "growth": {}}, "revenueEstimate": {"avg": 344062000, "low": 358290000, "high": 358290000, "numberOfAnalysts": 1, "yearAgoRevenue": {}, "growth": {}}, "epsTrend": {"current": 0.0, "7daysAgo": 0.0, "30daysAgo": 0.0, "60daysAgo": 0.0, "90daysAgo": 0.0}, "epsRevisions": {"upLast7days": 0, "upLast30days": 0, "downLast30days": 0, "downLast90days": {}}}, {"maxAge": 1, "period": "0y", "endDate": "2014-03-31", "growth": {}, "earningsEstimate": {"avg": 0.0, "low": 0.0, "high": 0.0, "yearAgoEps": {}, "numberOfAnalysts": 0, "growth": {}}, "revenueEstimate": {"avg": 344062000, "low": 358290000, "high": 358290000, "numberOfAnalysts": 1, "yearAgoRevenue": {}, "growth": {}}, "epsTrend": {"current": 0.0, "7daysAgo": 6.28, "30daysAgo": 6.28, "60daysAgo": 6.28, "90daysAgo": 6.28}, "epsRevisions": {"upLast7days": 0, "upLast30days": 0, "downLast30days": 0, "downLast90days": {}}}, {"maxAge": 1, "period": "+1y", "endDate": "2015-03-31", "growth": {}, "earningsEstimate": {"avg": 0.0, "low": 0.0, "high": 0.0, "yearAgoEps": {}, "numberOfAnalysts": 0, "growth": {}}, "revenueEstimate": {"avg": 396440000, "low": 396440000, "high": 396440000, "numberOfAnalysts": 1, "yearAgoRevenue": 344062000, "growth": 0.152}, "epsTrend": {"current": 0.0, "7daysAgo": 11.87, "30daysAgo": 11.87, "60daysAgo": 11.87, "90daysAgo": 11.87}, "epsRevisions": {"upLast7days": 0, "upLast30days": 0, "downLast30days": 0, "downLast90days": {}}}, {"maxAge": 1, "period": "+5y", "endDate": null, "growth": {}, "earningsEstimate": {"avg": {}, "low": {}, "high": {}, "yearAgoEps": {}, "numberOfAnalysts": {}, "growth": {}}, "revenueEstimate": {"avg": {}, "low": {}, "high": {}, "numberOfAnalysts": {}, "yearAgoRevenue": {}, "growth": {}}, "epsTrend": {"current": {}, "7daysAgo": {}, "30daysAgo": {}, "60daysAgo": {}, "90daysAgo": {}}, "epsRevisions": {"upLast7days": {}, "upLast30days": {}, "downLast30days": {}, "downLast90days": {}}}, {"maxAge": 1, "period": "-5y", "endDate": null, "growth": {}, "earningsEstimate": {"avg": {}, "low": {}, "high": {}, "yearAgoEps": {}, "numberOfAnalysts": {}, "growth": {}}, "revenueEstimate": {"avg": {}, "low": {}, "high": {}, "numberOfAnalysts": {}, "yearAgoRevenue": {}, "growth": {}}, "epsTrend": {"current": {}, "7daysAgo": {}, "30daysAgo": {}, "60daysAgo": {}, "90daysAgo": {}}, "epsRevisions": {"upLast7days": {}, "upLast30days": {}, "downLast30days": {}, "downLast90days": {}}}], "maxAge": 1}, "financialData": {"maxAge": 86400, "currentPrice": 121.25, "targetHighPrice": 126.0, "targetLowPrice": 126.0, "targetMeanPrice": 126.0, "targetMedianPrice": 126.0, "recommendationKey": "none", "numberOfAnalystOpinions": 1, "grossProfits": 267186166, "financialCurrency": "INR"}}}