{"CHOWGULSTM.BO": {"cashflowStatementHistory": {"cashflowStatements": [{"maxAge": 1, "endDate": "2020-03-31", "netIncome": -673129000, "depreciation": 223739000, "changeToNetincome": 704453000, "changeToAccountReceivables": -24528000, "changeToLiabilities": 41101000, "changeToInventory": -423000, "changeToOperatingActivities": 52070000, "totalCashFromOperatingActivities": 323283000, "capitalExpenditures": -36000, "investments": -6821000, "otherCashflowsFromInvestingActivities": 18881000, "totalCashflowsFromInvestingActivities": 71841000, "netBorrowings": -123485000, "otherCashflowsFromFinancingActivities": -273604000, "totalCashFromFinancingActivities": -397089000, "changeInCash": -1965000}, {"maxAge": 1, "endDate": "2019-03-31", "netIncome": -907687000, "depreciation": 320289000, "changeToNetincome": 771300000, "changeToAccountReceivables": -6086000, "changeToLiabilities": -33963000, "changeToInventory": 586000, "changeToOperatingActivities": -54292000, "totalCashFromOperatingActivities": 90147000, "capitalExpenditures": -3657676000, "investments": -400000, "otherCashflowsFromInvestingActivities": 19459000, "totalCashflowsFromInvestingActivities": -63378000, "dividendsPaid": -667000, "netBorrowings": -2522587000, "otherCashflowsFromFinancingActivities": 2482356000, "totalCashFromFinancingActivities": -40898000, "changeInCash": -14129000}, {"maxAge": 1, "endDate": "2018-03-31", "netIncome": 40680000, "depreciation": 300920000, "changeToNetincome": -200485000, "changeToAccountReceivables": 12006000, "changeToLiabilities": 25624000, "changeToInventory": -688000, "changeToOperatingActivities": 13620000, "totalCashFromOperatingActivities": 191677000, "capitalExpenditures": -59000, "investments": 69504000, "otherCashflowsFromInvestingActivities": 20275000, "totalCashflowsFromInvestingActivities": 89720000, "dividendsPaid": -936000, "netBorrowings": -149422000, "otherCashflowsFromFinancingActivities": -82618000, "totalCashFromFinancingActivities": -232976000, "changeInCash": 48421000}, {"maxAge": 1, "endDate": "2017-03-31", "netIncome": -727742000, "depreciation": 298069000, "changeToNetincome": 425936000, "changeToAccountReceivables": -4812000, "changeToLiabilities": 33941000, "changeToInventory": -1862000, "changeToOperatingActivities": 37513000, "totalCashFromOperatingActivities": 61043000, "capitalExpenditures": -113000, "investments": 47738000, "otherCashflowsFromInvestingActivities": 23190000, "totalCashflowsFromInvestingActivities": 57999000, "dividendsPaid": -892000, "netBorrowings": -53490000, "otherCashflowsFromFinancingActivities": -104073000, "totalCashFromFinancingActivities": -158455000, "changeInCash": -39413000}], "maxAge": 86400}, "institutionOwnership": {"maxAge": 1, "ownershipList": []}, "balanceSheetHistoryQuarterly": {"balanceSheetStatements": [{"maxAge": 1, "endDate": "2020-06-30", "totalStockholderEquity": -1030571000, "netTangibleAssets": -1030571000}, {"maxAge": 1, "endDate": "2020-03-31", "cash": 81060000, "netReceivables": 51094000, "inventory": 14954000, "otherCurrentAssets": 1534690000, "totalCurrentAssets": 1708094000, "propertyPlantEquipment": 1115280000, "otherAssets": 149523000, "deferredLongTermAssetCharges": 27573000, "totalAssets": 2972897000, "accountsPayable": 185127000, "otherCurrentLiab": 1646402000, "longTermDebt": 664323000, "otherLiab": 795702000, "minorityInterest": 678474000, "totalCurrentLiabilities": 1864969000, "totalLiab": 3324994000, "commonStock": 363084000, "retainedEarnings": -1755553000, "treasuryStock": 69697000, "capitalSurplus": 292201000, "otherStockholderEquity": 69697000, "totalStockholderEquity": -1030571000, "netTangibleAssets": -1030571000}, {"maxAge": 1, "endDate": "2019-12-31", "totalStockholderEquity": -577039000, "netTangibleAssets": -577039000}, {"maxAge": 1, "endDate": "2019-09-30", "cash": 96092000, "shortTermInvestments": 24959000, "netReceivables": 99979000, "inventory": 13112000, "otherCurrentAssets": 1587809000, "totalCurrentAssets": 1821951000, "longTermInvestments": 69966000, "propertyPlantEquipment": 1812291000, "otherAssets": 268324000, "deferredLongTermAssetCharges": 34188000, "totalAssets": 3972532000, "accountsPayable": 167267000, "otherCurrentLiab": 1643835000, "longTermDebt": 633934000, "otherLiab": 1465532000, "minorityInterest": 636165000, "totalCurrentLiabilities": 1813940000, "totalLiab": 3913406000, "commonStock": 363084000, "treasuryStock": -940123000, "otherStockholderEquity": -940123000, "totalStockholderEquity": -577039000, "netTangibleAssets": -577039000}], "maxAge": 86400}, "indexTrend": {"maxAge": 1, "symbol": "SP5", "peRatio": 19.7411, "pegRatio": 1.34172, "estimates": [{"period": "0q", "growth": 0.549}, {"period": "+1q", "growth": 0.431}, {"period": "0y", "growth": 0.305}, {"period": "+1y", "growth": 0.109}, {"period": "+5y", "growth": 0.120859005}, {"period": "-5y"}]}, "insiderTransactions": {"transactions": [{"maxAge": 1, "shares": 360609, "filerUrl": "", "transactionText": "", "filerName": "Chowgule (Vijay Vishwasrao)", "filerRelation": "Non Independent Chairman Of The Board", "moneyText": "", "startDate": "2019-06-07", "ownership": "D"}, {"maxAge": 1, "shares": 947875, "filerUrl": "", "transactionText": "", "filerName": "Shirke (Pratap Baburao)", "filerRelation": "Promoter", "moneyText": "", "startDate": "2019-05-28", "ownership": "D"}, {"maxAge": 1, "shares": 159790, "filerUrl": "", "transactionText": "", "filerName": "Chowgule (Vijay Vishwasrao)", "filerRelation": "Non Executive Chairman", "moneyText": "", "startDate": "2019-03-28", "ownership": "D"}, {"maxAge": 1, "shares": 159940, "filerUrl": "", "transactionText": "", "filerName": "Chowgule (Vijay Vishwasrao)", "filerRelation": "Non Executive Chairman", "moneyText": "", "startDate": "2019-03-28", "ownership": "D"}, {"maxAge": 1, "shares": 201829, "filerUrl": "", "transactionText": "", "filerName": "Chowgule (Vijay Vishwasrao)", "filerRelation": "Non Executive Chairman", "moneyText": "", "startDate": "2019-02-20", "ownership": "D"}], "maxAge": 1}, "quoteType": {"exchange": "BSE", "quoteType": "EQUITY", "symbol": "CHOWGULSTM.BO", "underlyingSymbol": "CHOWGULSTM.BO", "shortName": "CHOWGULE STEAMSHIPS LTD.", "longName": "Chowgule Steamships Limited", "firstTradeDateEpochUtc": "2000-07-04 09:15:00", "timeZoneFullName": "Asia/Kolkata", "timeZoneShortName": "IST", "uuid": "4dd55622-0eba-3a88-b3f3-0b7b0ba9dbe0", "messageBoardId": null, "gmtOffSetMilliseconds": 19800000, "maxAge": 1}, "incomeStatementHistory": {"incomeStatementHistory": [{"maxAge": 1, "endDate": "2020-03-31", "totalRevenue": 774289000, "costOfRevenue": 10952000, "grossProfit": 763337000, "researchDevelopment": {}, "sellingGeneralAdministrative": 50000, "nonRecurring": {}, "otherOperatingExpenses": 659168000, "totalOperatingExpenses": 893909000, "operatingIncome": -119620000, "totalOtherIncomeExpenseNet": -538457000, "ebit": -119620000, "interestExpense": -307363000, "incomeBeforeTax": -658077000, "incomeTaxExpense": 15052000, "minorityInterest": 678474000, "netIncomeFromContinuingOps": -673129000, "discontinuedOperations": {}, "extraordinaryItems": {}, "effectOfAccountingCharges": {}, "otherItems": {}, "netIncome": -673129000, "netIncomeApplicableToCommonShares": -673129000}, {"maxAge": 1, "endDate": "2019-03-31", "totalRevenue": 902344000, "costOfRevenue": 22035000, "grossProfit": 880309000, "researchDevelopment": {}, "sellingGeneralAdministrative": 50000, "nonRecurring": {}, "otherOperatingExpenses": 495416000, "totalOperatingExpenses": 837790000, "operatingIncome": 64554000, "totalOtherIncomeExpenseNet": -981569000, "ebit": 64554000, "interestExpense": -269594000, "incomeBeforeTax": -917015000, "incomeTaxExpense": -9328000, "minorityInterest": 622542000, "netIncomeFromContinuingOps": -907687000, "discontinuedOperations": {}, "extraordinaryItems": {}, "effectOfAccountingCharges": {}, "otherItems": {}, "netIncome": -907687000, "netIncomeApplicableToCommonShares": -907687000}, {"maxAge": 1, "endDate": "2018-03-31", "totalRevenue": 664766000, "costOfRevenue": 16662000, "grossProfit": 648104000, "researchDevelopment": {}, "sellingGeneralAdministrative": 49000, "nonRecurring": {}, "otherOperatingExpenses": 466940000, "totalOperatingExpenses": 784571000, "operatingIncome": -119805000, "totalOtherIncomeExpenseNet": 135812000, "ebit": -119805000, "interestExpense": -151372000, "incomeBeforeTax": 16007000, "incomeTaxExpense": -24673000, "minorityInterest": 585397000, "netIncomeFromContinuingOps": 40680000, "discontinuedOperations": {}, "extraordinaryItems": {}, "effectOfAccountingCharges": {}, "otherItems": {}, "netIncome": 40680000, "netIncomeApplicableToCommonShares": 40680000}, {"maxAge": 1, "endDate": "2017-03-31", "totalRevenue": 437322000, "costOfRevenue": 17844000, "grossProfit": 419478000, "researchDevelopment": {}, "sellingGeneralAdministrative": 49000, "nonRecurring": {}, "otherOperatingExpenses": 392904000, "totalOperatingExpenses": 708866000, "operatingIncome": -271544000, "totalOtherIncomeExpenseNet": -464614000, "ebit": -271544000, "interestExpense": -136794000, "incomeBeforeTax": -736158000, "incomeTaxExpense": -8416000, "minorityInterest": 576900000, "netIncomeFromContinuingOps": -727742000, "discontinuedOperations": {}, "extraordinaryItems": {}, "effectOfAccountingCharges": {}, "otherItems": {}, "netIncome": -727742000, "netIncomeApplicableToCommonShares": -727742000}], "maxAge": 86400}, "fundOwnership": {"maxAge": 1, "ownershipList": []}, "summaryDetail": {"maxAge": 1, "priceHint": 4, "previousClose": 4.24, "open": 4.03, "dayLow": 4.03, "dayHigh": 4.45, "regularMarketPreviousClose": 4.24, "regularMarketOpen": 4.03, "regularMarketDayLow": 4.03, "regularMarketDayHigh": 4.45, "volume": 1518, "regularMarketVolume": 1518, "averageVolume": 4261, "averageVolume10days": 4924, "averageDailyVolume10Day": 4924, "bid": 4.1, "ask": 4.44, "bidSize": 0, "askSize": 0, "marketCap": 148864432, "fiftyTwoWeekLow": 2.63, "fiftyTwoWeekHigh": 7.94, "fiftyDayAverage": 6.179143, "twoHundredDayAverage": 4.660073, "currency": "INR", "fromCurrency": null, "toCurrency": null, "lastMarket": null, "algorithm": null, "tradeable": false}, "incomeStatementHistoryQuarterly": {"incomeStatementHistory": [{"maxAge": 1, "endDate": "2020-06-30", "totalRevenue": 117736000, "costOfRevenue": 2527000, "grossProfit": 115209000, "researchDevelopment": {}, "sellingGeneralAdministrative": {}, "nonRecurring": {}, "otherOperatingExpenses": 87830000, "totalOperatingExpenses": 114296000, "operatingIncome": 3440000, "totalOtherIncomeExpenseNet": -24708000, "ebit": 3440000, "interestExpense": -71924000, "incomeBeforeTax": -21268000, "incomeTaxExpense": 7752000, "minorityInterest": {}, "netIncomeFromContinuingOps": -29020000, "discontinuedOperations": {}, "extraordinaryItems": {}, "effectOfAccountingCharges": {}, "otherItems": {}, "netIncome": -29020000, "netIncomeApplicableToCommonShares": -29020000}, {"maxAge": 1, "endDate": "2020-03-31", "totalRevenue": 171630000, "costOfRevenue": 2521000, "grossProfit": 169109000, "researchDevelopment": {}, "sellingGeneralAdministrative": 50000, "nonRecurring": {}, "otherOperatingExpenses": 114721000, "totalOperatingExpenses": 156936000, "operatingIncome": 14694000, "totalOtherIncomeExpenseNet": -148556000, "ebit": 14694000, "interestExpense": -73640000, "incomeBeforeTax": -133862000, "incomeTaxExpense": 5747000, "minorityInterest": 678474000, "netIncomeFromContinuingOps": -139609000, "discontinuedOperations": {}, "extraordinaryItems": {}, "effectOfAccountingCharges": {}, "otherItems": {}, "netIncome": -139609000, "netIncomeApplicableToCommonShares": -139609000}, {"maxAge": 1, "endDate": "2019-12-31", "totalRevenue": 221307000, "costOfRevenue": 2542000, "grossProfit": 218765000, "researchDevelopment": {}, "sellingGeneralAdministrative": 50000, "nonRecurring": {}, "otherOperatingExpenses": 284671000, "totalOperatingExpenses": 326626000, "operatingIncome": -105319000, "totalOtherIncomeExpenseNet": -133794000, "ebit": -105319000, "interestExpense": -75744000, "incomeBeforeTax": -239113000, "incomeTaxExpense": 1658000, "minorityInterest": 678474000, "netIncomeFromContinuingOps": -240771000, "discontinuedOperations": {}, "extraordinaryItems": {}, "effectOfAccountingCharges": {}, "otherItems": {}, "netIncome": -240771000, "netIncomeApplicableToCommonShares": -240771000}, {"maxAge": 1, "endDate": "2019-09-30", "totalRevenue": 196793000, "costOfRevenue": 356000, "grossProfit": 196437000, "researchDevelopment": {}, "sellingGeneralAdministrative": 50000, "nonRecurring": {}, "otherOperatingExpenses": 128858000, "totalOperatingExpenses": 202350000, "operatingIncome": -5557000, "totalOtherIncomeExpenseNet": -213466000, "ebit": -5557000, "interestExpense": -80930000, "incomeBeforeTax": -219023000, "incomeTaxExpense": 8982000, "minorityInterest": 636165000, "netIncomeFromContinuingOps": -228005000, "discontinuedOperations": {}, "extraordinaryItems": {}, "effectOfAccountingCharges": {}, "otherItems": {}, "netIncome": -228005000, "netIncomeApplicableToCommonShares": -228005000}], "maxAge": 86400}, "cashflowStatementHistoryQuarterly": {"cashflowStatements": [{"maxAge": 1, "endDate": "2020-06-30", "netIncome": -29020000, "changeToLiabilities": 0}, {"maxAge": 1, "endDate": "2020-03-31", "netIncome": -139609000, "changeToLiabilities": 0}, {"maxAge": 1, "endDate": "2019-12-31", "netIncome": -240771000, "changeToLiabilities": 0}, {"maxAge": 1, "endDate": "2019-09-30", "netIncome": -228005000, "changeToLiabilities": 0}], "maxAge": 86400}, "insiderHolders": {"holders": [{"maxAge": 1, "name": "Chowgule (Vijay Vishwasrao)", "relation": "Non Independent Chairman Of The Board", "url": "", "transactionDescription": "Acquisition", "latestTransDate": "2019-06-07", "positionDirect": 1715960, "positionDirectDate": "2019-06-07"}, {"maxAge": 1, "name": "Shirke (Pratap Baburao)", "relation": "Promoter", "url": "", "transactionDescription": "Purchase", "latestTransDate": "2019-05-28", "positionDirect": 1322225, "positionDirectDate": "2019-05-28"}], "maxAge": 1}, "calendarEvents": {"maxAge": 1, "earnings": {"earningsDate": []}}, "price": {"maxAge": 1, "regularMarketChangePercent": -0.03301884, "regularMarketChange": -0.13999987, "regularMarketTime": "2021-04-30 14:41:56", "priceHint": 4, "regularMarketPrice": 4.1, "regularMarketDayHigh": 4.45, "regularMarketDayLow": 4.03, "regularMarketVolume": 1518, "averageDailyVolume10Day": 4924, "averageDailyVolume3Month": 4261, "regularMarketPreviousClose": 4.24, "regularMarketSource": "FREE_REALTIME", "regularMarketOpen": 4.03, "exchange": "BSE", "exchangeName": "BSE", "exchangeDataDelayedBy": 0, "marketState": "CLOSED", "quoteType": "EQUITY", "symbol": "CHOWGULSTM.BO", "underlyingSymbol": null, "shortName": "CHOWGULE STEAMSHIPS LTD.", "longName": "Chowgule Steamships Limited", "currency": "INR", "quoteSourceName": "Delayed Quote", "currencySymbol": "\u20b9", "fromCurrency": null, "toCurrency": null, "lastMarket": null, "marketCap": 148864432}, "balanceSheetHistory": {"balanceSheetStatements": [{"maxAge": 1, "endDate": "2020-03-31", "cash": 81060000, "netReceivables": 51094000, "inventory": 14954000, "otherCurrentAssets": 1534690000, "totalCurrentAssets": 1708094000, "propertyPlantEquipment": 1115280000, "otherAssets": 149523000, "deferredLongTermAssetCharges": 27573000, "totalAssets": 2972897000, "accountsPayable": 185127000, "otherCurrentLiab": 1646402000, "longTermDebt": 664323000, "otherLiab": 795702000, "minorityInterest": 678474000, "totalCurrentLiabilities": 1864969000, "totalLiab": 3324994000, "commonStock": 363084000, "retainedEarnings": -1755553000, "treasuryStock": 69697000, "capitalSurplus": 292201000, "otherStockholderEquity": 69697000, "totalStockholderEquity": -1030571000, "netTangibleAssets": -1030571000}, {"maxAge": 1, "endDate": "2019-03-31", "cash": 83025000, "shortTermInvestments": 13875000, "netReceivables": 72535000, "inventory": 13333000, "otherCurrentAssets": 26477000, "totalCurrentAssets": 212640000, "propertyPlantEquipment": 3625681000, "otherAssets": 305075000, "deferredLongTermAssetCharges": 33884000, "totalAssets": 4143396000, "accountsPayable": 142586000, "shortLongTermDebt": 440923000, "otherCurrentLiab": 193787000, "longTermDebt": 440924000, "otherLiab": 2789165000, "minorityInterest": 622542000, "totalCurrentLiabilities": 561699000, "totalLiab": 3791788000, "commonStock": 363084000, "retainedEarnings": -1082577000, "treasuryStock": 156358000, "capitalSurplus": 292201000, "otherStockholderEquity": 156358000, "totalStockholderEquity": -270934000, "netTangibleAssets": -270934000}, {"maxAge": 1, "endDate": "2018-03-31", "cash": 97155000, "netReceivables": 145418000, "inventory": 13919000, "otherCurrentAssets": 1219000, "totalCurrentAssets": 273452000, "propertyPlantEquipment": 4409102000, "otherAssets": 215885000, "deferredLongTermAssetCharges": 24145000, "totalAssets": 4898439000, "accountsPayable": 165262000, "shortLongTermDebt": 682486000, "otherCurrentLiab": 28636000, "longTermDebt": 2232702000, "otherLiab": 178552000, "minorityInterest": 585397000, "totalCurrentLiabilities": 1295080000, "totalLiab": 3706334000, "commonStock": 363084000, "retainedEarnings": -171112000, "treasuryStock": 122535000, "capitalSurplus": 292201000, "otherStockholderEquity": 122535000, "totalStockholderEquity": 606708000, "netTangibleAssets": 606708000}, {"maxAge": 1, "endDate": "2017-03-31", "cash": 48683000, "netReceivables": 144724000, "inventory": 13054000, "otherCurrentAssets": 5481000, "totalCurrentAssets": 241405000, "longTermInvestments": 31924000, "propertyPlantEquipment": 4374086000, "otherAssets": 186123000, "totalAssets": 4833538000, "accountsPayable": 142306000, "shortLongTermDebt": 229268000, "otherCurrentLiab": 16007000, "longTermDebt": 2790860000, "otherLiab": 165836000, "minorityInterest": 576900000, "totalCurrentLiabilities": 748053000, "totalLiab": 3704749000, "commonStock": 363084000, "retainedEarnings": -216143000, "treasuryStock": 112747000, "capitalSurplus": 292201000, "otherStockholderEquity": 112747000, "totalStockholderEquity": 551889000, "netTangibleAssets": 551889000}], "maxAge": 86400}, "financialData": {"maxAge": 86400, "currentPrice": 4.1, "recommendationKey": "none", "grossProfits": 763337000, "financialCurrency": "INR"}}}