{"CIANAGRO.BO": {"cashflowStatementHistory": {"cashflowStatements": [{"maxAge": 1, "endDate": "2019-03-31", "netIncome": 10797000, "depreciation": 47853000, "changeToNetincome": 400462000, "changeToAccountReceivables": 57303000, "changeToLiabilities": -60968000, "changeToInventory": -511065000, "changeToOperatingActivities": 114434000, "totalCashFromOperatingActivities": 58816000, "capitalExpenditures": -100348000, "investments": -2671000, "otherCashflowsFromInvestingActivities": 2056000, "totalCashflowsFromInvestingActivities": -100349000, "netBorrowings": 179587000, "otherCashflowsFromFinancingActivities": -103207000, "totalCashFromFinancingActivities": 76380000, "changeInCash": -41532000}, {"maxAge": 1, "endDate": "2018-03-31", "netIncome": 10911000, "depreciation": 22461000, "changeToNetincome": 111316000, "changeToAccountReceivables": -262601000, "changeToLiabilities": 292240000, "changeToInventory": -16016000, "changeToOperatingActivities": -167454000, "totalCashFromOperatingActivities": -9143000, "capitalExpenditures": -284557000, "investments": -28605000, "otherCashflowsFromInvestingActivities": 977000, "totalCashflowsFromInvestingActivities": -312397000, "netBorrowings": -59395000, "otherCashflowsFromFinancingActivities": -35323000, "totalCashFromFinancingActivities": -95218000, "changeInCash": -416759000, "repurchaseOfStock": -500000}, {"maxAge": 1, "endDate": "2017-03-31", "netIncome": 32633000, "depreciation": 3657000, "changeToNetincome": 12748000, "changeToAccountReceivables": -139735000, "changeToLiabilities": 30468000, "changeToInventory": -38309000, "changeToOperatingActivities": -103493000, "totalCashFromOperatingActivities": -202031000, "capitalExpenditures": -15955000, "investments": -2782000, "otherCashflowsFromInvestingActivities": 1000, "totalCashflowsFromInvestingActivities": -18710000, "netBorrowings": 152720000, "otherCashflowsFromFinancingActivities": -12456000, "totalCashFromFinancingActivities": 140264000, "changeInCash": -80478000, "repurchaseOfStock": -500000}, {"maxAge": 1, "endDate": "2016-03-31", "netIncome": -3330380, "depreciation": 2313657, "changeToNetincome": 3711502, "changeToAccountReceivables": -15996258, "changeToLiabilities": -4477377, "changeToInventory": -2153656, "changeToOperatingActivities": 75446424, "totalCashFromOperatingActivities": 55513912, "capitalExpenditures": -27410789, "investments": 1000000, "otherCashflowsFromInvestingActivities": 1000, "totalCashflowsFromInvestingActivities": -26410789, "netBorrowings": -24463283, "otherCashflowsFromFinancingActivities": -3711502, "totalCashFromFinancingActivities": -28174785, "changeInCash": 928337, "repurchaseOfStock": -500000}], "maxAge": 86400}, "institutionOwnership": {"ownershipList": [], "maxAge": 1}, "balanceSheetHistoryQuarterly": {"balanceSheetStatements": [{"maxAge": 1, "endDate": "2020-06-30"}, {"maxAge": 1, "endDate": "2019-12-31", "totalStockholderEquity": 441200000, "netTangibleAssets": 428722000}, {"maxAge": 1, "endDate": "2019-09-30", "cash": 19088000, "shortTermInvestments": 210043000, "netReceivables": 57160000, "inventory": 563426000, "otherCurrentAssets": 47443000, "totalCurrentAssets": 897160000, "longTermInvestments": 31590000, "propertyPlantEquipment": 655310000, "goodWill": 47000, "intangibleAssets": 12431000, "otherAssets": 3704000, "totalAssets": 1600242000, "accountsPayable": 73327000, "shortLongTermDebt": 780494000, "otherCurrentLiab": 29541000, "longTermDebt": 204728000, "otherLiab": 31223000, "totalCurrentLiabilities": 923091000, "totalLiab": 1159042000, "commonStock": 279859000, "treasuryStock": 161341000, "otherStockholderEquity": 161341000, "totalStockholderEquity": 441200000, "netTangibleAssets": 428722000}, {"maxAge": 1, "endDate": "2019-06-30", "totalStockholderEquity": 448580000, "netTangibleAssets": 436530000}], "maxAge": 86400}, "indexTrend": {"maxAge": 1, "symbol": "SP5", "peRatio": 19.7411, "pegRatio": 1.34172, "estimates": [{"period": "0q", "growth": 0.549}, {"period": "+1q", "growth": 0.431}, {"period": "0y", "growth": 0.305}, {"period": "+1y", "growth": 0.109}, {"period": "+5y", "growth": 0.120859005}, {"period": "-5y"}]}, "insiderTransactions": {"transactions": [{"maxAge": 1, "shares": 2178077, "filerUrl": "", "transactionText": "", "filerName": "Greenedge Construction Pvt Ltd", "filerRelation": "Promoter", "moneyText": "", "startDate": "2019-11-01", "ownership": "D"}, {"maxAge": 1, "shares": 2165293, "filerUrl": "", "transactionText": "", "filerName": "Greenedge Construction Pvt Ltd", "filerRelation": "Promoter", "moneyText": "", "startDate": "2019-09-26", "ownership": "D"}, {"maxAge": 1, "shares": 40, "filerUrl": "", "transactionText": "", "filerName": "Greenedge Construction Pvt Ltd", "filerRelation": "Promoter", "moneyText": "", "startDate": "2019-09-04", "ownership": "D"}, {"maxAge": 1, "shares": 265144, "filerUrl": "", "transactionText": "", "filerName": "Greenedge Construction Pvt Ltd", "filerRelation": "Promoter", "moneyText": "", "startDate": "2019-09-03", "ownership": "D"}, {"maxAge": 1, "shares": 45500, "filerUrl": "", "transactionText": "", "filerName": "Gaidane (Pushpa Rajaram)", "filerRelation": "UNREPORTED", "moneyText": "", "startDate": "2018-03-16", "ownership": "D"}, {"maxAge": 1, "shares": 1150000, "filerUrl": "", "transactionText": "", "filerName": "Chaitanya Constructions & Builders Pvt. Ltd.", "filerRelation": "Promoter", "moneyText": "", "startDate": "2016-09-28", "ownership": "D"}, {"maxAge": 1, "shares": 5172005, "filerUrl": "", "transactionText": "", "filerName": "Greenedge Construction Pvt Ltd", "filerRelation": "Promoter", "moneyText": "", "startDate": "2016-09-28", "ownership": "D"}, {"maxAge": 1, "shares": 1580000, "filerUrl": "", "transactionText": "", "filerName": "Purti Marketing Pvt. Ltd.", "filerRelation": "Promoter", "moneyText": "", "startDate": "2016-09-28", "ownership": "D"}, {"maxAge": 1, "shares": 300000, "filerUrl": "", "transactionText": "", "filerName": "Mahatma Sugar & Power Ltd", "filerRelation": "Promoter", "moneyText": "", "startDate": "2016-03-01", "ownership": "D"}, {"maxAge": 1, "shares": 1650000, "filerUrl": "", "transactionText": "", "filerName": "Chaitanya Constructions & Builders Pvt. Ltd.", "filerRelation": "Institution- Corporation", "moneyText": "", "startDate": "2015-11-14", "ownership": "D"}, {"maxAge": 1, "shares": 1470000, "filerUrl": "", "transactionText": "", "filerName": "Nagpur Imports & Exports Pvt Ltd", "filerRelation": "Institution- Corporation", "moneyText": "", "startDate": "2015-11-14", "ownership": "D"}, {"maxAge": 1, "shares": 1470000, "filerUrl": "", "transactionText": "", "filerName": "Purti Marketing Pvt. Ltd.", "filerRelation": "Institution- Corporation", "moneyText": "", "startDate": "2015-11-14", "ownership": "D"}, {"maxAge": 1, "shares": 1650000, "filerUrl": "", "transactionText": "", "filerName": "Vibrant Marketthemes Pvt Ltd", "filerRelation": "Institution- Corporation", "moneyText": "", "startDate": "2015-11-14", "ownership": "D"}], "maxAge": 1}, "quoteType": {"exchange": "BSE", "quoteType": "EQUITY", "symbol": "CIANAGRO.BO", "underlyingSymbol": "CIANAGRO.BO", "shortName": "CIAN Agro Ind & Infra Ltd", "longName": "CIAN Agro Industries & Infrastructure Limited", "firstTradeDateEpochUtc": "2000-01-03 09:15:00", "timeZoneFullName": "Asia/Kolkata", "timeZoneShortName": "IST", "uuid": "5d03a7fc-548d-3604-a86f-953463d2406c", "gmtOffSetMilliseconds": 19800000, "maxAge": 1}, "incomeStatementHistory": {"incomeStatementHistory": [{"maxAge": 1, "endDate": "2019-03-31", "totalRevenue": 1561547000, "costOfRevenue": 1146380000, "grossProfit": 415167000, "researchDevelopment": {}, "sellingGeneralAdministrative": 80495000, "nonRecurring": {}, "otherOperatingExpenses": 159033000, "totalOperatingExpenses": 1433639000, "operatingIncome": 127908000, "totalOtherIncomeExpenseNet": -100174000, "ebit": 127908000, "interestExpense": -99116000, "incomeBeforeTax": 27734000, "incomeTaxExpense": 16937000, "minorityInterest": {}, "netIncomeFromContinuingOps": 10797000, "discontinuedOperations": {}, "extraordinaryItems": {}, "effectOfAccountingCharges": {}, "otherItems": {}, "netIncome": 10797000, "netIncomeApplicableToCommonShares": 10797000}, {"maxAge": 1, "endDate": "2018-03-31", "totalRevenue": 1981066000, "costOfRevenue": 1780973000, "grossProfit": 200093000, "researchDevelopment": {}, "sellingGeneralAdministrative": 32416000, "nonRecurring": {}, "otherOperatingExpenses": 109040000, "totalOperatingExpenses": 1944890000, "operatingIncome": 36176000, "totalOtherIncomeExpenseNet": -10664000, "ebit": 36176000, "interestExpense": -38721000, "incomeBeforeTax": 25512000, "incomeTaxExpense": 14601000, "minorityInterest": {}, "netIncomeFromContinuingOps": 10911000, "discontinuedOperations": {}, "extraordinaryItems": {}, "effectOfAccountingCharges": {}, "otherItems": {}, "netIncome": 10911000, "netIncomeApplicableToCommonShares": 10911000}, {"maxAge": 1, "endDate": "2017-03-31", "totalRevenue": 1011470000, "costOfRevenue": 899017000, "grossProfit": 112453000, "researchDevelopment": {}, "sellingGeneralAdministrative": 14894000, "nonRecurring": {}, "otherOperatingExpenses": 66548000, "totalOperatingExpenses": 984116000, "operatingIncome": 27354000, "totalOtherIncomeExpenseNet": 5573000, "ebit": 27354000, "interestExpense": -8384000, "incomeBeforeTax": 32927000, "incomeTaxExpense": 294000, "minorityInterest": {}, "netIncomeFromContinuingOps": 32633000, "discontinuedOperations": {}, "extraordinaryItems": {}, "effectOfAccountingCharges": {}, "otherItems": {}, "netIncome": 32633000, "netIncomeApplicableToCommonShares": 32633000}, {"maxAge": 1, "endDate": "2016-03-31", "totalRevenue": 25442119, "costOfRevenue": 9653627, "grossProfit": 15788492, "researchDevelopment": {}, "sellingGeneralAdministrative": 3362727, "nonRecurring": {}, "otherOperatingExpenses": 11697480, "totalOperatingExpenses": 27027491, "operatingIncome": -1585372, "totalOtherIncomeExpenseNet": -1745008, "ebit": -1585372, "interestExpense": -3372988, "incomeBeforeTax": -3330380, "incomeTaxExpense": 0, "minorityInterest": {}, "netIncomeFromContinuingOps": -3330380, "discontinuedOperations": {}, "extraordinaryItems": {}, "effectOfAccountingCharges": {}, "otherItems": {}, "netIncome": -3330380, "netIncomeApplicableToCommonShares": -3330380}], "maxAge": 86400}, "fundOwnership": {"ownershipList": [], "maxAge": 1}, "summaryDetail": {"maxAge": 1, "priceHint": 2, "previousClose": 38.5, "open": 36.6, "dayLow": 36.6, "dayHigh": 37.5, "regularMarketPreviousClose": 38.5, "regularMarketOpen": 36.6, "regularMarketDayLow": 36.6, "regularMarketDayHigh": 37.5, "trailingPE": 94.94819, "volume": 1421, "regularMarketVolume": 1421, "averageVolume": 1159, "averageVolume10days": 690, "averageDailyVolume10Day": 690, "bid": 0.0, "ask": 38.0, "bidSize": 0, "askSize": 0, "marketCap": 1025683264, "fiftyTwoWeekLow": 24.4, "fiftyTwoWeekHigh": 40.95, "fiftyDayAverage": 31.539394, "twoHundredDayAverage": 32.293064, "currency": "INR", "fromCurrency": null, "lastMarket": null, "algorithm": null, "tradeable": false}, "incomeStatementHistoryQuarterly": {"incomeStatementHistory": [{"maxAge": 1, "endDate": "2020-06-30", "totalRevenue": 401395000, "costOfRevenue": 354199000, "grossProfit": 47196000, "researchDevelopment": {}, "sellingGeneralAdministrative": 11285000, "nonRecurring": {}, "otherOperatingExpenses": 7400000, "totalOperatingExpenses": 387567000, "operatingIncome": 13828000, "totalOtherIncomeExpenseNet": -13949000, "ebit": 13828000, "interestExpense": -14447000, "incomeBeforeTax": -121000, "incomeTaxExpense": 602000, "minorityInterest": {}, "netIncomeFromContinuingOps": -723000, "discontinuedOperations": {}, "extraordinaryItems": {}, "effectOfAccountingCharges": {}, "otherItems": {}, "netIncome": -723000, "netIncomeApplicableToCommonShares": -723000}, {"maxAge": 1, "endDate": "2019-12-31", "totalRevenue": 460103000, "costOfRevenue": 348541000, "grossProfit": 111562000, "researchDevelopment": {}, "sellingGeneralAdministrative": 12160000, "nonRecurring": {}, "otherOperatingExpenses": 30338000, "totalOperatingExpenses": 405624000, "operatingIncome": 54479000, "totalOtherIncomeExpenseNet": -45031000, "ebit": 54479000, "interestExpense": -45411000, "incomeBeforeTax": 9448000, "incomeTaxExpense": 26984000, "minorityInterest": {}, "netIncomeFromContinuingOps": -17536000, "discontinuedOperations": {}, "extraordinaryItems": {}, "effectOfAccountingCharges": {}, "otherItems": {}, "netIncome": -17536000, "netIncomeApplicableToCommonShares": -17536000}, {"maxAge": 1, "endDate": "2019-09-30", "totalRevenue": 708668000, "costOfRevenue": 639832000, "grossProfit": 68836000, "researchDevelopment": {}, "sellingGeneralAdministrative": 13267000, "nonRecurring": {}, "otherOperatingExpenses": 36891000, "totalOperatingExpenses": 704155000, "operatingIncome": 4513000, "totalOtherIncomeExpenseNet": -29430000, "ebit": 4513000, "interestExpense": -28923000, "incomeBeforeTax": -24917000, "incomeTaxExpense": -11265000, "minorityInterest": {}, "netIncomeFromContinuingOps": -13652000, "discontinuedOperations": {}, "extraordinaryItems": {}, "effectOfAccountingCharges": {}, "otherItems": {}, "netIncome": -13652000, "netIncomeApplicableToCommonShares": -13652000}, {"maxAge": 1, "endDate": "2019-06-30", "totalRevenue": 394103000, "costOfRevenue": 321357000, "grossProfit": 72746000, "researchDevelopment": {}, "sellingGeneralAdministrative": 11907000, "nonRecurring": {}, "otherOperatingExpenses": 18708000, "totalOperatingExpenses": 365423000, "operatingIncome": 28680000, "totalOtherIncomeExpenseNet": -27040000, "ebit": 28680000, "interestExpense": -28091000, "incomeBeforeTax": 1640000, "incomeTaxExpense": -1759000, "minorityInterest": {}, "netIncomeFromContinuingOps": 3399000, "discontinuedOperations": {}, "extraordinaryItems": {}, "effectOfAccountingCharges": {}, "otherItems": {}, "netIncome": 3399000, "netIncomeApplicableToCommonShares": 3399000}], "maxAge": 86400}, "cashflowStatementHistoryQuarterly": {"cashflowStatements": [{"maxAge": 1, "endDate": "2020-06-30", "netIncome": -723000, "changeToLiabilities": 0}, {"maxAge": 1, "endDate": "2019-12-31", "netIncome": -17536000, "changeToLiabilities": 0}, {"maxAge": 1, "endDate": "2019-09-30", "netIncome": -13652000, "changeToLiabilities": 0}, {"maxAge": 1, "endDate": "2019-06-30", "netIncome": 3399000, "changeToLiabilities": 0}], "maxAge": 86400}, "insiderHolders": {"holders": [{"maxAge": 1, "name": "Chaitanya Constructions & Builders Pvt. Ltd.", "relation": "Promoter", "url": "", "transactionDescription": "Other", "latestTransDate": "2016-09-28", "positionDirect": 2150000, "positionDirectDate": "2016-09-28"}, {"maxAge": 1, "name": "Gaidane (Pushpa Rajaram)", "relation": "UNREPORTED", "url": "", "transactionDescription": "Sale", "latestTransDate": "2018-03-16", "positionDirect": 12500, "positionDirectDate": "2018-03-16"}, {"maxAge": 1, "name": "Greenedge Construction Pvt Ltd", "relation": "Promoter", "url": "", "transactionDescription": "Sale", "latestTransDate": "2019-11-01", "positionDirect": 863531, "positionDirectDate": "2019-11-01"}, {"maxAge": 1, "name": "Mahatma Sugar & Power Ltd", "relation": "Promoter", "url": "", "transactionDescription": "Sale", "latestTransDate": "2016-03-01", "positionDirect": 0, "positionDirectDate": "2016-03-01"}, {"maxAge": 1, "name": "Nagpur Imports & Exports Pvt Ltd", "relation": "Institution- Corporation", "url": "", "transactionDescription": "Sale", "latestTransDate": "2015-11-14", "positionDirect": 0, "positionDirectDate": "2015-11-14"}, {"maxAge": 1, "name": "Purti Marketing Pvt. Ltd.", "relation": "Promoter", "url": "", "transactionDescription": "Other", "latestTransDate": "2016-09-28", "positionDirect": 4520000, "positionDirectDate": "2016-09-28"}, {"maxAge": 1, "name": "Vibrant Marketthemes Pvt Ltd", "relation": "Institution- Corporation", "url": "", "transactionDescription": "Sale", "latestTransDate": "2015-11-14", "positionDirect": 0, "positionDirectDate": "2015-11-14"}], "maxAge": 1}, "calendarEvents": {"maxAge": 1, "earnings": {"earningsDate": []}}, "upgradeDowngradeHistory": {"history": [], "maxAge": 86400}, "price": {"maxAge": 1, "regularMarketChangePercent": -0.04805191, "regularMarketChange": -1.8499985, "regularMarketTime": "2021-04-30 15:28:40", "priceHint": 2, "regularMarketPrice": 36.65, "regularMarketDayHigh": 37.5, "regularMarketDayLow": 36.6, "regularMarketVolume": 1421, "averageDailyVolume10Day": 690, "averageDailyVolume3Month": 1159, "regularMarketPreviousClose": 38.5, "regularMarketSource": "FREE_REALTIME", "regularMarketOpen": 36.6, "exchange": "BSE", "exchangeName": "BSE", "exchangeDataDelayedBy": 0, "marketState": "CLOSED", "quoteType": "EQUITY", "symbol": "CIANAGRO.BO", "underlyingSymbol": null, "shortName": "CIAN Agro Ind & Infra Ltd", "longName": "CIAN Agro Industries & Infrastructure Limited", "currency": "INR", "quoteSourceName": "Delayed Quote", "currencySymbol": "\u20b9", "fromCurrency": null, "lastMarket": null, "marketCap": 1025683264}, "balanceSheetHistory": {"balanceSheetStatements": [{"maxAge": 1, "endDate": "2019-03-31", "cash": -11042000, "shortTermInvestments": 10567000, "netReceivables": 556543000, "inventory": 579879000, "otherCurrentAssets": 86280000, "totalCurrentAssets": 1223535000, "longTermInvestments": 31760000, "propertyPlantEquipment": 632212000, "goodWill": 47000, "intangibleAssets": 12003000, "otherAssets": -39233000, "deferredLongTermAssetCharges": -43196000, "totalAssets": 1860324000, "accountsPayable": 302048000, "shortLongTermDebt": 35596000, "otherCurrentLiab": 107990000, "longTermDebt": 272911000, "otherLiab": 4024000, "totalCurrentLiabilities": 1134809000, "totalLiab": 1411744000, "commonStock": 279859000, "retainedEarnings": -170327000, "treasuryStock": 306855000, "capitalSurplus": 32193000, "otherStockholderEquity": 306855000, "totalStockholderEquity": 448580000, "netTangibleAssets": 436530000}, {"maxAge": 1, "endDate": "2018-03-31", "cash": 20873000, "netReceivables": 638543000, "inventory": 68814000, "otherCurrentAssets": 209936000, "totalCurrentAssets": 946721000, "longTermInvestments": 31387000, "propertyPlantEquipment": 467754000, "goodWill": 47000, "intangibleAssets": 123722000, "otherAssets": -30341000, "deferredLongTermAssetCharges": -32281000, "totalAssets": 1539290000, "accountsPayable": 363015000, "otherCurrentLiab": 114286000, "longTermDebt": 93324000, "otherLiab": 1078000, "totalCurrentLiabilities": 1028260000, "totalLiab": 1122662000, "commonStock": 279859000, "retainedEarnings": -204159000, "treasuryStock": 308735000, "capitalSurplus": 32193000, "otherStockholderEquity": 308735000, "totalStockholderEquity": 416628000, "netTangibleAssets": 292859000}, {"maxAge": 1, "endDate": "2017-03-31", "cash": 153417000, "shortTermInvestments": 100000000, "netReceivables": 187639000, "inventory": 52798000, "otherCurrentAssets": 120907000, "totalCurrentAssets": 615103000, "longTermInvestments": 15582000, "propertyPlantEquipment": 59862000, "intangibleAssets": 8123000, "otherAssets": 72785000, "deferredLongTermAssetCharges": 71058000, "totalAssets": 771455000, "accountsPayable": 71313000, "otherCurrentLiab": 9062000, "longTermDebt": 152720000, "otherLiab": 6397000, "totalCurrentLiabilities": 428175000, "totalLiab": 587292000, "commonStock": 279859000, "retainedEarnings": -168935000, "treasuryStock": 40546000, "capitalSurplus": 32193000, "otherStockholderEquity": 40546000, "totalStockholderEquity": 183663000, "netTangibleAssets": 175540000}, {"maxAge": 1, "endDate": "2016-03-31", "cash": 1787000, "netReceivables": 38100592, "inventory": 16988736, "otherCurrentAssets": 3805074, "totalCurrentAssets": 60750996, "longTermInvestments": 189000, "propertyPlantEquipment": 55733998, "otherAssets": 1753000, "totalAssets": 118426994, "accountsPayable": 40845000, "longTermDebt": 199053000, "otherLiab": 7348000, "totalCurrentLiabilities": 43654000, "totalLiab": 250055000, "commonStock": 80806000, "retainedEarnings": -274147500, "treasuryStock": 29020700, "capitalSurplus": 32192800, "otherStockholderEquity": 29020700, "totalStockholderEquity": -132128000, "netTangibleAssets": -132128000}], "maxAge": 86400}, "financialData": {"maxAge": 86400, "currentPrice": 36.65, "recommendationKey": "none", "grossProfits": 415167000, "financialCurrency": "INR"}}}