{"CIFL.BO": {"cashflowStatementHistory": {"cashflowStatements": [{"maxAge": 1, "endDate": "2020-03-31", "netIncome": 172308000, "depreciation": 111502000, "changeToNetincome": 93025000, "changeToAccountReceivables": -2066000, "changeToLiabilities": -11829000, "changeToOperatingActivities": -67428000, "totalCashFromOperatingActivities": 299207000, "capitalExpenditures": -54604000, "investments": 108645000, "totalCashflowsFromInvestingActivities": 54829000, "dividendsPaid": -31094000, "netBorrowings": -173375000, "otherCashflowsFromFinancingActivities": -6398000, "totalCashFromFinancingActivities": -165617000, "changeInCash": 385166000, "issuanceOfStock": 45250000}, {"maxAge": 1, "endDate": "2019-03-31", "netIncome": 65098000, "depreciation": 76363000, "changeToNetincome": 56804000, "changeToAccountReceivables": 3240000, "changeToLiabilities": 8348000, "changeToOperatingActivities": -4742280000, "totalCashFromOperatingActivities": -4532263000, "capitalExpenditures": -101620000, "investments": -195932000, "otherCashflowsFromInvestingActivities": 2000, "totalCashflowsFromInvestingActivities": -293417000, "dividendsPaid": -4063000, "netBorrowings": 1201158000, "otherCashflowsFromFinancingActivities": -1283269000, "totalCashFromFinancingActivities": 4901351000, "changeInCash": 75671000, "issuanceOfStock": 4987525000}, {"maxAge": 1, "endDate": "2018-03-31", "netIncome": 27887373, "depreciation": 4268392, "changeToNetincome": -677178, "changeToAccountReceivables": 792000, "changeToLiabilities": 0, "changeToOperatingActivities": -79898333, "totalCashFromOperatingActivities": -47604499, "capitalExpenditures": -111048841, "investments": -100000000, "otherCashflowsFromInvestingActivities": 2000, "totalCashflowsFromInvestingActivities": -211048841, "dividendsPaid": -4063000, "netBorrowings": -1306800000, "otherCashflowsFromFinancingActivities": -1283269000, "totalCashFromFinancingActivities": -56800000, "changeInCash": -315453340, "issuanceOfStock": 1250000000}, {"maxAge": 1, "endDate": "2017-03-31", "netIncome": 2351925, "depreciation": 4268392, "changeToNetincome": 4713687, "changeToAccountReceivables": -4032000, "changeToLiabilities": 0, "changeToOperatingActivities": -391107540, "totalCashFromOperatingActivities": -388073928, "capitalExpenditures": -111048841, "investments": 28712970, "otherCashflowsFromInvestingActivities": 2000, "totalCashflowsFromInvestingActivities": 28712970, "dividendsPaid": -4063000, "netBorrowings": 893472463, "otherCashflowsFromFinancingActivities": -1283269000, "totalCashFromFinancingActivities": 893472463, "changeInCash": 534111505, "issuanceOfStock": 1250000000}], "maxAge": 86400}, "institutionOwnership": {"maxAge": 1, "ownershipList": []}, "balanceSheetHistoryQuarterly": {"balanceSheetStatements": [{"maxAge": 1, "endDate": "2020-06-30", "totalStockholderEquity": 5211472000, "netTangibleAssets": 5100343000}, {"maxAge": 1, "endDate": "2020-03-31", "cash": 679762000, "shortTermInvestments": 11600000, "netReceivables": 5741775000, "inventory": 1156000, "otherCurrentAssets": 82103000, "totalCurrentAssets": 6612725000, "longTermInvestments": 1802000, "propertyPlantEquipment": 367409000, "goodWill": 55226000, "intangibleAssets": 55903000, "otherAssets": 79562000, "deferredLongTermAssetCharges": 70044000, "totalAssets": 7172627000, "accountsPayable": 13362000, "shortLongTermDebt": 527387000, "otherCurrentLiab": 42968000, "longTermDebt": 691287000, "otherLiab": 381397000, "deferredLongTermLiab": 8748000, "minorityInterest": 54708000, "totalCurrentLiabilities": 624398000, "totalLiab": 1906447000, "commonStock": 777343000, "retainedEarnings": 207637000, "treasuryStock": 14544000, "capitalSurplus": 4211948000, "otherStockholderEquity": 14544000, "totalStockholderEquity": 5211472000, "netTangibleAssets": 5100343000}, {"maxAge": 1, "endDate": "2019-12-31", "totalStockholderEquity": 5193315000, "netTangibleAssets": 5108858000}, {"maxAge": 1, "endDate": "2019-09-30", "cash": 466806000, "netReceivables": 5453657000, "totalCurrentAssets": 5920463000, "longTermInvestments": 498377000, "propertyPlantEquipment": 442746000, "goodWill": 55226000, "intangibleAssets": 29231000, "otherAssets": 85668000, "deferredLongTermAssetCharges": 34792000, "totalAssets": 7031711000, "accountsPayable": 27256000, "otherCurrentLiab": 25042000, "longTermDebt": 1026825000, "otherLiab": 728595000, "minorityInterest": 30678000, "totalCurrentLiabilities": 52298000, "totalLiab": 1807718000, "commonStock": 777343000, "treasuryStock": 4415972000, "otherStockholderEquity": 4415972000, "totalStockholderEquity": 5193315000, "netTangibleAssets": 5108858000}], "maxAge": 86400}, "indexTrend": {"maxAge": 1, "symbol": "SP5", "peRatio": 19.7411, "pegRatio": 1.34172, "estimates": [{"period": "0q", "growth": 0.549}, {"period": "+1q", "growth": 0.431}, {"period": "0y", "growth": 0.305}, {"period": "+1y", "growth": 0.109}, {"period": "+5y", "growth": 0.120859005}, {"period": "-5y"}]}, "insiderTransactions": {"transactions": [{"maxAge": 1, "shares": 54373568, "filerUrl": "", "transactionText": "", "filerName": "Trident Holdings", "filerRelation": "Promoter", "moneyText": "", "startDate": "2019-01-24", "ownership": "D"}], "maxAge": 1}, "quoteType": {"exchange": "BSE", "quoteType": "EQUITY", "symbol": "CIFL.BO", "underlyingSymbol": "CIFL.BO", "shortName": "CAPITAL INDIA FINANCE LIMITED", "longName": "Capital India Finance Limited", "firstTradeDateEpochUtc": "2008-12-01 09:15:00", "timeZoneFullName": "Asia/Kolkata", "timeZoneShortName": "IST", "uuid": "df8fbf48-06f2-3126-be20-70a376e02b63", "messageBoardId": null, "gmtOffSetMilliseconds": 19800000, "maxAge": 1}, "incomeStatementHistory": {"incomeStatementHistory": [{"maxAge": 1, "endDate": "2020-03-31", "totalRevenue": 1167001000, "costOfRevenue": 14353000, "grossProfit": 1152648000, "researchDevelopment": {}, "sellingGeneralAdministrative": 389183000, "nonRecurring": {}, "otherOperatingExpenses": 85631000, "totalOperatingExpenses": 604364000, "operatingIncome": 562637000, "totalOtherIncomeExpenseNet": -319213000, "ebit": 562637000, "interestExpense": -137098000, "incomeBeforeTax": 243424000, "incomeTaxExpense": 104818000, "minorityInterest": 54708000, "netIncomeFromContinuingOps": 138606000, "discontinuedOperations": {}, "extraordinaryItems": {}, "effectOfAccountingCharges": {}, "otherItems": {}, "netIncome": 172308000, "netIncomeApplicableToCommonShares": 172308000}, {"maxAge": 1, "endDate": "2019-03-31", "totalRevenue": 582417000, "costOfRevenue": 8203000, "grossProfit": 574214000, "researchDevelopment": {}, "sellingGeneralAdministrative": 199538000, "nonRecurring": {}, "otherOperatingExpenses": 65428000, "totalOperatingExpenses": 349696000, "operatingIncome": 232721000, "totalOtherIncomeExpenseNet": -120782000, "ebit": 232721000, "interestExpense": -89916000, "incomeBeforeTax": 111939000, "incomeTaxExpense": 46841000, "minorityInterest": 54708000, "netIncomeFromContinuingOps": 65098000, "discontinuedOperations": {}, "extraordinaryItems": {}, "effectOfAccountingCharges": {}, "otherItems": {}, "netIncome": 65098000, "netIncomeApplicableToCommonShares": 65098000}, {"maxAge": 1, "endDate": "2018-03-31", "totalRevenue": 260460113, "costOfRevenue": 2102684, "grossProfit": 258357429, "researchDevelopment": {}, "sellingGeneralAdministrative": 51310722, "nonRecurring": {}, "otherOperatingExpenses": 54761716, "totalOperatingExpenses": 112466761, "operatingIncome": 147993352, "totalOtherIncomeExpenseNet": -103646805, "ebit": 147993352, "interestExpense": -103602230, "incomeBeforeTax": 44346547, "incomeTaxExpense": 16459174, "minorityInterest": 54708000, "netIncomeFromContinuingOps": 27887373, "discontinuedOperations": {}, "extraordinaryItems": {}, "effectOfAccountingCharges": {}, "otherItems": {}, "netIncome": 27887373, "netIncomeApplicableToCommonShares": 27887373}, {"maxAge": 1, "endDate": "2017-03-31", "totalRevenue": 87316437, "costOfRevenue": 0, "grossProfit": 87316437, "researchDevelopment": {}, "sellingGeneralAdministrative": 1467732, "nonRecurring": {}, "otherOperatingExpenses": 2114853, "totalOperatingExpenses": 3582585, "operatingIncome": 83733852, "totalOtherIncomeExpenseNet": -79279730, "ebit": 83733852, "interestExpense": -79782772, "incomeBeforeTax": 4454122, "incomeTaxExpense": 2102197, "minorityInterest": 54708000, "netIncomeFromContinuingOps": 2351925, "discontinuedOperations": {}, "extraordinaryItems": {}, "effectOfAccountingCharges": {}, "otherItems": {}, "netIncome": 2351925, "netIncomeApplicableToCommonShares": 2351925}], "maxAge": 86400}, "fundOwnership": {"maxAge": 1, "ownershipList": []}, "summaryDetail": {"maxAge": 1, "priceHint": 2, "previousClose": 106.95, "open": 102.2, "dayLow": 101.65, "dayHigh": 106.95, "regularMarketPreviousClose": 106.95, "regularMarketOpen": 102.2, "regularMarketDayLow": 101.65, "regularMarketDayHigh": 106.95, "trailingPE": 59.864944, "volume": 1560, "regularMarketVolume": 1560, "averageVolume": 1476, "averageVolume10days": 3927, "averageDailyVolume10Day": 3927, "bid": 0.0, "ask": 0.0, "bidSize": 0, "askSize": 0, "marketCap": 7925011968, "fiftyTwoWeekLow": 56.4, "fiftyTwoWeekHigh": 176.0, "fiftyDayAverage": 122.05143, "twoHundredDayAverage": 113.62482, "trailingAnnualDividendRate": 0.1, "trailingAnnualDividendYield": 0.0009350164, "currency": "INR", "fromCurrency": null, "toCurrency": null, "lastMarket": null, "algorithm": null, "tradeable": false}, "incomeStatementHistoryQuarterly": {"incomeStatementHistory": [{"maxAge": 1, "endDate": "2020-06-30", "totalRevenue": 274529000, "costOfRevenue": 754000, "grossProfit": 273775000, "researchDevelopment": {}, "sellingGeneralAdministrative": 107551000, "nonRecurring": {}, "otherOperatingExpenses": 20644000, "totalOperatingExpenses": 162927000, "operatingIncome": 111602000, "totalOtherIncomeExpenseNet": -50468000, "ebit": 111602000, "interestExpense": -38313000, "incomeBeforeTax": 61134000, "incomeTaxExpense": 20460000, "minorityInterest": {}, "netIncomeFromContinuingOps": 40674000, "discontinuedOperations": {}, "extraordinaryItems": {}, "effectOfAccountingCharges": {}, "otherItems": {}, "netIncome": 46818000, "netIncomeApplicableToCommonShares": 46818000}, {"maxAge": 1, "endDate": "2020-03-31", "totalRevenue": 322213000, "costOfRevenue": 14353000, "grossProfit": 307860000, "researchDevelopment": {}, "sellingGeneralAdministrative": 21567000, "nonRecurring": {}, "otherOperatingExpenses": 109020000, "totalOperatingExpenses": 174349000, "operatingIncome": 147864000, "totalOtherIncomeExpenseNet": -152363000, "ebit": 147864000, "interestExpense": -22858000, "incomeBeforeTax": -4499000, "incomeTaxExpense": 12454000, "minorityInterest": 54708000, "netIncomeFromContinuingOps": -16953000, "discontinuedOperations": {}, "extraordinaryItems": {}, "effectOfAccountingCharges": {}, "otherItems": {}, "netIncome": -3961000, "netIncomeApplicableToCommonShares": -3961000}, {"maxAge": 1, "endDate": "2019-12-31", "totalRevenue": 289505000, "costOfRevenue": 0, "grossProfit": 289505000, "researchDevelopment": {}, "sellingGeneralAdministrative": 148880000, "nonRecurring": {}, "otherOperatingExpenses": -1842000, "totalOperatingExpenses": 178844000, "operatingIncome": 110661000, "totalOtherIncomeExpenseNet": -57625000, "ebit": 110661000, "interestExpense": -42011000, "incomeBeforeTax": 53036000, "incomeTaxExpense": 29194000, "minorityInterest": 54708000, "netIncomeFromContinuingOps": 23842000, "discontinuedOperations": {}, "extraordinaryItems": {}, "effectOfAccountingCharges": {}, "otherItems": {}, "netIncome": 41466000, "netIncomeApplicableToCommonShares": 41466000}, {"maxAge": 1, "endDate": "2019-09-30", "totalRevenue": 282501000, "costOfRevenue": 0, "grossProfit": 282501000, "researchDevelopment": {}, "sellingGeneralAdministrative": 111664000, "nonRecurring": {}, "otherOperatingExpenses": -247000, "totalOperatingExpenses": 139063000, "operatingIncome": 143438000, "totalOtherIncomeExpenseNet": -69496000, "ebit": 143438000, "interestExpense": -35657000, "incomeBeforeTax": 73942000, "incomeTaxExpense": 26955000, "minorityInterest": 30678000, "netIncomeFromContinuingOps": 46987000, "discontinuedOperations": {}, "extraordinaryItems": {}, "effectOfAccountingCharges": {}, "otherItems": {}, "netIncome": 50072000, "netIncomeApplicableToCommonShares": 50072000}], "maxAge": 86400}, "cashflowStatementHistoryQuarterly": {"cashflowStatements": [{"maxAge": 1, "endDate": "2020-06-30", "netIncome": 46818000, "changeToLiabilities": 0}, {"maxAge": 1, "endDate": "2020-03-31", "netIncome": -3961000, "changeToLiabilities": 0}, {"maxAge": 1, "endDate": "2019-12-31", "netIncome": 41466000, "changeToLiabilities": 0}, {"maxAge": 1, "endDate": "2019-09-30", "netIncome": 50072000, "changeToLiabilities": 0}], "maxAge": 86400}, "insiderHolders": {"holders": [{"maxAge": 1, "name": "Trident Holdings", "relation": "Promoter", "url": "", "transactionDescription": "Other", "latestTransDate": "2019-01-24", "positionDirect": 56775720, "positionDirectDate": "2019-01-24"}], "maxAge": 1}, "calendarEvents": {"maxAge": 1, "earnings": {"earningsDate": ["2020-07-31 05:30:S"]}}, "price": {"maxAge": 1, "regularMarketChangePercent": -0.04675082, "regularMarketChange": -5.0, "regularMarketTime": "2021-04-30 15:50:39", "priceHint": 2, "regularMarketPrice": 101.95, "regularMarketDayHigh": 106.95, "regularMarketDayLow": 101.65, "regularMarketVolume": 1560, "averageDailyVolume10Day": 3927, "averageDailyVolume3Month": 1476, "regularMarketPreviousClose": 106.95, "regularMarketSource": "FREE_REALTIME", "regularMarketOpen": 102.2, "exchange": "BSE", "exchangeName": "BSE", "exchangeDataDelayedBy": 0, "marketState": "CLOSED", "quoteType": "EQUITY", "symbol": "CIFL.BO", "underlyingSymbol": null, "shortName": "CAPITAL INDIA FINANCE LIMITED", "longName": "Capital India Finance Limited", "currency": "INR", "quoteSourceName": "Delayed Quote", "currencySymbol": "\u20b9", "fromCurrency": null, "toCurrency": null, "lastMarket": null, "marketCap": 7925011968}, "balanceSheetHistory": {"balanceSheetStatements": [{"maxAge": 1, "endDate": "2020-03-31", "cash": 679762000, "shortTermInvestments": 11600000, "netReceivables": 5741775000, "inventory": 1156000, "otherCurrentAssets": 82103000, "totalCurrentAssets": 6612725000, "longTermInvestments": 1802000, "propertyPlantEquipment": 367409000, "goodWill": 55226000, "intangibleAssets": 55903000, "otherAssets": 79562000, "deferredLongTermAssetCharges": 70044000, "totalAssets": 7172627000, "accountsPayable": 13362000, "shortLongTermDebt": 527387000, "otherCurrentLiab": 42968000, "longTermDebt": 691287000, "otherLiab": 381397000, "deferredLongTermLiab": 8748000, "minorityInterest": 54708000, "totalCurrentLiabilities": 624398000, "totalLiab": 1906447000, "commonStock": 777343000, "retainedEarnings": 207637000, "treasuryStock": 14544000, "capitalSurplus": 4211948000, "otherStockholderEquity": 14544000, "totalStockholderEquity": 5211472000, "netTangibleAssets": 5100343000}, {"maxAge": 1, "endDate": "2019-03-31", "cash": 294596000, "shortTermInvestments": 58226000, "netReceivables": 5677125000, "otherCurrentAssets": 56675000, "totalCurrentAssets": 6278029000, "longTermInvestments": 52500000, "propertyPlantEquipment": 327762000, "intangibleAssets": 413000, "otherAssets": 43265000, "deferredLongTermAssetCharges": 28664000, "totalAssets": 6701969000, "accountsPayable": 11764000, "shortLongTermDebt": 503415000, "otherCurrentLiab": 59509000, "longTermDebt": 764554000, "otherLiab": 91235000, "deferredLongTermLiab": 14601000, "totalCurrentLiabilities": 606097000, "totalLiab": 1626426000, "commonStock": 777343000, "retainedEarnings": 82154000, "treasuryStock": 4106000, "capitalSurplus": 4211940000, "otherStockholderEquity": 4106000, "totalStockholderEquity": 5075543000, "netTangibleAssets": 5075130000}, {"maxAge": 1, "endDate": "2018-03-31", "cash": 318924858, "netReceivables": 960134166, "otherCurrentAssets": 16416657, "totalCurrentAssets": 1303372192, "propertyPlantEquipment": 106520462, "intangibleAssets": 236740, "otherAssets": 132864852, "deferredLongTermAssetCharges": 3314256, "totalAssets": 1542994246, "accountsPayable": 3416421, "otherCurrentLiab": 7783781, "longTermDebt": 70000000, "otherLiab": 10363497, "totalCurrentLiabilities": 145211098, "totalLiab": 225574595, "commonStock": 35027000, "retainedEarnings": 32392651, "treasuryStock": 1250000000, "otherStockholderEquity": 1250000000, "totalStockholderEquity": 1317419651, "netTangibleAssets": 1317182911}, {"maxAge": 1, "endDate": "2017-03-31", "cash": 534378198, "netReceivables": 19491903, "otherCurrentAssets": 90011440, "totalCurrentAssets": 643881541, "otherAssets": 793768419, "totalAssets": 1437649960, "longTermDebt": 1376800000, "otherLiab": 4943141, "totalCurrentLiabilities": 16374541, "totalLiab": 1398117682, "commonStock": 35027000, "retainedEarnings": 4505278, "totalStockholderEquity": 39532278, "netTangibleAssets": 39532278}], "maxAge": 86400}, "financialData": {"maxAge": 86400, "currentPrice": 101.95, "recommendationKey": "none", "grossProfits": 1152648000, "financialCurrency": "INR"}}}