{"CILSEC.BO": {"cashflowStatementHistory": {"cashflowStatements": [{"maxAge": 1, "endDate": "2020-03-31", "netIncome": 149732, "depreciation": 847495, "changeToNetincome": -8870630, "changeToAccountReceivables": 1270350, "changeToLiabilities": -137900104, "changeToOperatingActivities": 69256093, "totalCashFromOperatingActivities": -75019932, "capitalExpenditures": -208809, "investments": -4174954, "otherCashflowsFromInvestingActivities": 8591194, "totalCashflowsFromInvestingActivities": 4300431, "dividendsPaid": -2500000, "otherCashflowsFromFinancingActivities": -514420, "totalCashFromFinancingActivities": -3014420, "changeInCash": -73733921}, {"maxAge": 1, "endDate": "2019-03-31", "netIncome": 2169078, "depreciation": 992390, "changeToNetincome": -6627935, "changeToAccountReceivables": 20035039, "changeToLiabilities": 137241896, "changeToOperatingActivities": -24431180, "totalCashFromOperatingActivities": 129601083, "capitalExpenditures": -1182646, "investments": -4131470, "otherCashflowsFromInvestingActivities": 6346180, "totalCashflowsFromInvestingActivities": 1032064, "dividendsPaid": -2500000, "otherCashflowsFromFinancingActivities": -508942, "totalCashFromFinancingActivities": -3008942, "changeInCash": 127624205}, {"maxAge": 1, "endDate": "2018-03-31", "netIncome": 11851325, "depreciation": 1094591, "changeToNetincome": -3413473, "changeToAccountReceivables": -13729872, "changeToLiabilities": 7529603, "changeToOperatingActivities": -30565123, "totalCashFromOperatingActivities": -26951703, "capitalExpenditures": -1149657, "investments": -1420039, "otherCashflowsFromInvestingActivities": 3561288, "totalCashflowsFromInvestingActivities": 1004592, "dividendsPaid": -2500000, "otherCashflowsFromFinancingActivities": -508942, "totalCashFromFinancingActivities": -3008942, "changeInCash": -28956053}, {"maxAge": 1, "endDate": "2017-03-31", "netIncome": 4693828, "depreciation": 1275761, "changeToNetincome": -3712788, "changeToAccountReceivables": 31813108, "changeToLiabilities": 12358505, "changeToOperatingActivities": 446358, "totalCashFromOperatingActivities": 47150195, "capitalExpenditures": -1620893, "investments": 2129736, "otherCashflowsFromInvestingActivities": 3523622, "totalCashflowsFromInvestingActivities": 4313465, "dividendsPaid": -2500000, "otherCashflowsFromFinancingActivities": -545780, "totalCashFromFinancingActivities": -3045780, "changeInCash": 48417880}], "maxAge": 86400}, "institutionOwnership": {"maxAge": 1, "ownershipList": []}, "balanceSheetHistoryQuarterly": {"balanceSheetStatements": [{"maxAge": 1, "endDate": "2020-06-30", "totalStockholderEquity": 208183000, "netTangibleAssets": 207832000}, {"maxAge": 1, "endDate": "2020-03-31", "cash": 141090978, "netReceivables": 31305153, "otherCurrentAssets": 1246338, "totalCurrentAssets": 173642469, "longTermInvestments": 103841925, "propertyPlantEquipment": 4257225, "intangibleAssets": 350811, "otherAssets": 18480892, "deferredLongTermAssetCharges": 1004954, "totalAssets": 300573322, "accountsPayable": 83379328, "otherCurrentLiab": 3708699, "otherLiab": 4017780, "totalCurrentLiabilities": 88372271, "totalLiab": 92390051, "commonStock": 50000000, "retainedEarnings": 158155271, "treasuryStock": 28000, "otherStockholderEquity": 28000, "totalStockholderEquity": 208183271, "netTangibleAssets": 207832460}, {"maxAge": 1, "endDate": "2019-12-31", "totalStockholderEquity": 208019000, "netTangibleAssets": 207564000}, {"maxAge": 1, "endDate": "2019-09-30", "cash": 119246000, "netReceivables": 30299000, "otherCurrentAssets": 5375000, "totalCurrentAssets": 154920000, "longTermInvestments": 103937000, "propertyPlantEquipment": 4513000, "intangibleAssets": 455000, "otherAssets": 28123000, "deferredLongTermAssetCharges": 759000, "totalAssets": 291948000, "accountsPayable": 74323000, "otherCurrentLiab": 6161000, "otherLiab": 3445000, "totalCurrentLiabilities": 80484000, "totalLiab": 83929000, "commonStock": 50000000, "treasuryStock": 158019000, "otherStockholderEquity": 158019000, "totalStockholderEquity": 208019000, "netTangibleAssets": 207564000}], "maxAge": 86400}, "indexTrend": {"maxAge": 1, "symbol": "SP5", "peRatio": 19.7411, "pegRatio": 1.34172, "estimates": [{"period": "0q", "growth": 0.549}, {"period": "+1q", "growth": 0.431}, {"period": "0y", "growth": 0.305}, {"period": "+1y", "growth": 0.109}, {"period": "+5y", "growth": 0.120859005}, {"period": "-5y"}]}, "insiderTransactions": {"transactions": [{"maxAge": 1, "shares": 137110, "filerUrl": "", "transactionText": "", "filerName": "Canara Securities Ltd", "filerRelation": "Institution- Corporation", "moneyText": "", "startDate": "2014-04-07", "ownership": "D"}, {"maxAge": 1, "shares": 110390, "filerUrl": "", "transactionText": "", "filerName": "Gita Finvest Pvt Ltd", "filerRelation": "Institution- Corporation", "moneyText": "", "startDate": "2014-04-07", "ownership": "D"}, {"maxAge": 1, "shares": 247500, "filerUrl": "", "transactionText": "", "filerName": "Maheshwari (Pramila P M)", "filerRelation": "Promoter", "moneyText": "", "startDate": "2014-04-07", "ownership": "D"}, {"maxAge": 1, "shares": 61400, "filerUrl": "", "transactionText": "", "filerName": "Chowdary (Shobha)", "filerRelation": "UNREPORTED", "moneyText": "", "startDate": "2013-08-14", "ownership": "D"}, {"maxAge": 1, "shares": 311400, "filerUrl": "", "transactionText": "", "filerName": "Hiflex Hoses Pvt Ltd", "filerRelation": "Institution- Corporation", "moneyText": "", "startDate": "2013-08-14", "ownership": "D"}, {"maxAge": 1, "shares": 150000, "filerUrl": "", "transactionText": "", "filerName": "Maheshwari (Gitadevi)", "filerRelation": "Promoter", "moneyText": "", "startDate": "2013-08-14", "ownership": "D"}, {"maxAge": 1, "shares": 100000, "filerUrl": "", "transactionText": "", "filerName": "Maheshwari (Pramila P M)", "filerRelation": "Promoter", "moneyText": "", "startDate": "2013-08-14", "ownership": "D"}], "maxAge": 1}, "quoteType": {"exchange": "BSE", "quoteType": "EQUITY", "symbol": "CILSEC.BO", "underlyingSymbol": "CILSEC.BO", "shortName": "CIL SECURITIES LTD.", "longName": "CIL Securities Limited", "firstTradeDateEpochUtc": "2000-02-25 09:15:00", "timeZoneFullName": "Asia/Kolkata", "timeZoneShortName": "IST", "uuid": "914c97aa-2527-3bdd-a519-3ddef50c230e", "messageBoardId": null, "gmtOffSetMilliseconds": 19800000, "maxAge": 1}, "incomeStatementHistory": {"incomeStatementHistory": [{"maxAge": 1, "endDate": "2020-03-31", "totalRevenue": 41271056, "costOfRevenue": 3226650, "grossProfit": 38044406, "researchDevelopment": {}, "sellingGeneralAdministrative": 15915617, "nonRecurring": {}, "otherOperatingExpenses": 20597288, "totalOperatingExpenses": 40814182, "operatingIncome": 456874, "totalOtherIncomeExpenseNet": 96363, "ebit": 0, "interestExpense": {}, "incomeBeforeTax": 553237, "incomeTaxExpense": 403505, "minorityInterest": {}, "netIncomeFromContinuingOps": 149732, "discontinuedOperations": {}, "extraordinaryItems": {}, "effectOfAccountingCharges": {}, "otherItems": {}, "netIncome": 149732, "netIncomeApplicableToCommonShares": 149732}, {"maxAge": 1, "endDate": "2019-03-31", "totalRevenue": 42511209, "costOfRevenue": 2730757, "grossProfit": 39780452, "researchDevelopment": {}, "sellingGeneralAdministrative": 14519377, "nonRecurring": {}, "otherOperatingExpenses": 21728503, "totalOperatingExpenses": 40192822, "operatingIncome": 2318387, "totalOtherIncomeExpenseNet": 333258, "ebit": 0, "interestExpense": {}, "incomeBeforeTax": 2651645, "incomeTaxExpense": 482567, "minorityInterest": {}, "netIncomeFromContinuingOps": 2169078, "discontinuedOperations": {}, "extraordinaryItems": {}, "effectOfAccountingCharges": {}, "otherItems": {}, "netIncome": 2169078, "netIncomeApplicableToCommonShares": 2169078}, {"maxAge": 1, "endDate": "2018-03-31", "totalRevenue": 67578584, "costOfRevenue": 2453692, "grossProfit": 65124892, "researchDevelopment": {}, "sellingGeneralAdministrative": 14250508, "nonRecurring": {}, "otherOperatingExpenses": 34335925, "totalOperatingExpenses": 52415962, "operatingIncome": 15162622, "totalOtherIncomeExpenseNet": 18024, "ebit": 0, "interestExpense": {}, "incomeBeforeTax": 15180646, "incomeTaxExpense": 3329321, "minorityInterest": {}, "netIncomeFromContinuingOps": 11851325, "discontinuedOperations": {}, "extraordinaryItems": {}, "effectOfAccountingCharges": {}, "otherItems": {}, "netIncome": 11851325, "netIncomeApplicableToCommonShares": 11851325}, {"maxAge": 1, "endDate": "2017-03-31", "totalRevenue": 93112619, "costOfRevenue": 2349022, "grossProfit": 90763597, "researchDevelopment": {}, "sellingGeneralAdministrative": 13873658, "nonRecurring": {}, "otherOperatingExpenses": 26553260, "totalOperatingExpenses": 44327124, "operatingIncome": 48785495, "totalOtherIncomeExpenseNet": -43067142, "ebit": 0, "interestExpense": {}, "incomeBeforeTax": 5718353, "incomeTaxExpense": 1024525, "minorityInterest": {}, "netIncomeFromContinuingOps": 4693828, "discontinuedOperations": {}, "extraordinaryItems": {}, "effectOfAccountingCharges": {}, "otherItems": {}, "netIncome": 4693828, "netIncomeApplicableToCommonShares": 4693828}], "maxAge": 86400}, "fundOwnership": {"maxAge": 1, "ownershipList": []}, "summaryDetail": {"maxAge": 1, "priceHint": 2, "previousClose": 12.26, "open": 11.28, "dayLow": 11.28, "dayHigh": 12.33, "regularMarketPreviousClose": 12.26, "regularMarketOpen": 11.28, "regularMarketDayLow": 11.28, "regularMarketDayHigh": 12.33, "trailingPE": 44.581818, "volume": 156, "regularMarketVolume": 156, "averageVolume": 4010, "averageVolume10days": 472, "averageDailyVolume10Day": 472, "bid": 11.52, "ask": 12.28, "bidSize": 0, "askSize": 0, "marketCap": 61300000, "fiftyTwoWeekLow": 8.17, "fiftyTwoWeekHigh": 16.45, "fiftyDayAverage": 12.57, "twoHundredDayAverage": 11.158467, "trailingAnnualDividendRate": 0.5, "trailingAnnualDividendYield": 0.040783033, "currency": "INR", "fromCurrency": null, "toCurrency": null, "lastMarket": null, "algorithm": null, "tradeable": false}, "incomeStatementHistoryQuarterly": {"incomeStatementHistory": [{"maxAge": 1, "endDate": "2020-06-30", "totalRevenue": 12605000, "costOfRevenue": 0, "grossProfit": 12605000, "researchDevelopment": {}, "sellingGeneralAdministrative": 3651000, "nonRecurring": {}, "otherOperatingExpenses": 6897000, "totalOperatingExpenses": 10740000, "operatingIncome": 1865000, "totalOtherIncomeExpenseNet": 0, "ebit": 0, "interestExpense": {}, "incomeBeforeTax": 1865000, "incomeTaxExpense": 578000, "minorityInterest": {}, "netIncomeFromContinuingOps": 1287000, "discontinuedOperations": {}, "extraordinaryItems": {}, "effectOfAccountingCharges": {}, "otherItems": {}, "netIncome": 1287000, "netIncomeApplicableToCommonShares": 1287000}, {"maxAge": 1, "endDate": "2020-03-31", "totalRevenue": 11687056, "costOfRevenue": 3226650, "grossProfit": 8460406, "researchDevelopment": {}, "sellingGeneralAdministrative": 4126617, "nonRecurring": {}, "otherOperatingExpenses": 3252288, "totalOperatingExpenses": 10878182, "operatingIncome": 808874, "totalOtherIncomeExpenseNet": 89363, "ebit": 0, "interestExpense": {}, "incomeBeforeTax": 898237, "incomeTaxExpense": 119505, "minorityInterest": {}, "netIncomeFromContinuingOps": 778732, "discontinuedOperations": {}, "extraordinaryItems": {}, "effectOfAccountingCharges": {}, "otherItems": {}, "netIncome": 778732, "netIncomeApplicableToCommonShares": 778732}, {"maxAge": 1, "endDate": "2019-12-31", "totalRevenue": 9648000, "costOfRevenue": 0, "grossProfit": 9648000, "researchDevelopment": {}, "sellingGeneralAdministrative": 3961000, "nonRecurring": {}, "otherOperatingExpenses": 6249000, "totalOperatingExpenses": 10471000, "operatingIncome": -823000, "totalOtherIncomeExpenseNet": 7000, "ebit": 0, "interestExpense": {}, "incomeBeforeTax": -816000, "incomeTaxExpense": -202000, "minorityInterest": {}, "netIncomeFromContinuingOps": -614000, "discontinuedOperations": {}, "extraordinaryItems": {}, "effectOfAccountingCharges": {}, "otherItems": {}, "netIncome": -614000, "netIncomeApplicableToCommonShares": -614000}, {"maxAge": 1, "endDate": "2019-09-30", "totalRevenue": 9988000, "costOfRevenue": 0, "grossProfit": 9988000, "researchDevelopment": {}, "sellingGeneralAdministrative": 4024000, "nonRecurring": {}, "otherOperatingExpenses": 5249000, "totalOperatingExpenses": 9546000, "operatingIncome": 442000, "totalOtherIncomeExpenseNet": 0, "ebit": 0, "interestExpense": {}, "incomeBeforeTax": 442000, "incomeTaxExpense": 478000, "minorityInterest": {}, "netIncomeFromContinuingOps": -36000, "discontinuedOperations": {}, "extraordinaryItems": {}, "effectOfAccountingCharges": {}, "otherItems": {}, "netIncome": -36000, "netIncomeApplicableToCommonShares": -36000}], "maxAge": 86400}, "cashflowStatementHistoryQuarterly": {"cashflowStatements": [{"maxAge": 1, "endDate": "2020-06-30", "netIncome": 1287000, "changeToLiabilities": 0}, {"maxAge": 1, "endDate": "2020-03-31", "netIncome": 778732, "changeToLiabilities": 0}, {"maxAge": 1, "endDate": "2019-12-31", "netIncome": -614000, "changeToLiabilities": 0}, {"maxAge": 1, "endDate": "2019-09-30", "netIncome": -36000, "changeToLiabilities": 0}], "maxAge": 86400}, "insiderHolders": {"holders": [{"maxAge": 1, "name": "Canara Securities Ltd", "relation": "Institution- Corporation", "url": "", "transactionDescription": "Sale", "latestTransDate": "2014-04-07", "positionDirect": 563298, "positionDirectDate": "2014-04-07"}, {"maxAge": 1, "name": "Chowdary (Shobha)", "relation": "UNREPORTED", "url": "", "transactionDescription": "Acquisition", "latestTransDate": "2013-08-14", "positionDirect": 84300, "positionDirectDate": "2013-08-14"}, {"maxAge": 1, "name": "Gita Finvest Pvt Ltd", "relation": "Institution- Corporation", "url": "", "transactionDescription": "Sale", "latestTransDate": "2014-04-07", "positionDirect": 0, "positionDirectDate": "2014-04-07"}, {"maxAge": 1, "name": "Hiflex Hoses Pvt Ltd", "relation": "Institution- Corporation", "url": "", "transactionDescription": "Sale", "latestTransDate": "2013-08-14", "positionDirect": 0, "positionDirectDate": "2013-08-14"}, {"maxAge": 1, "name": "Maheshwari (Gitadevi)", "relation": "Promoter", "url": "", "transactionDescription": "Acquisition", "latestTransDate": "2013-08-14", "positionDirect": 1198550, "positionDirectDate": "2013-08-14"}, {"maxAge": 1, "name": "Maheshwari (Pramila P M)", "relation": "Promoter", "url": "", "transactionDescription": "Acquisition", "latestTransDate": "2014-04-07", "positionDirect": 768500, "positionDirectDate": "2014-04-07"}], "maxAge": 1}, "calendarEvents": {"maxAge": 1, "earnings": {"earningsDate": []}}, "price": {"maxAge": 1, "regularMarketChangePercent": 0.0, "regularMarketChange": 0.0, "regularMarketTime": "2021-04-29 15:27:02", "priceHint": 2, "regularMarketPrice": 12.26, "regularMarketDayHigh": 12.33, "regularMarketDayLow": 11.28, "regularMarketVolume": 156, "averageDailyVolume10Day": 472, "averageDailyVolume3Month": 4010, "regularMarketPreviousClose": 12.26, "regularMarketSource": "FREE_REALTIME", "regularMarketOpen": 11.28, "exchange": "BSE", "exchangeName": "BSE", "exchangeDataDelayedBy": 0, "marketState": "CLOSED", "quoteType": "EQUITY", "symbol": "CILSEC.BO", "underlyingSymbol": null, "shortName": "CIL SECURITIES LTD.", "longName": "CIL Securities Limited", "currency": "INR", "quoteSourceName": "Delayed Quote", "currencySymbol": "\u20b9", "fromCurrency": null, "toCurrency": null, "lastMarket": null, "marketCap": 61300000}, "balanceSheetHistory": {"balanceSheetStatements": [{"maxAge": 1, "endDate": "2020-03-31", "cash": 141090978, "netReceivables": 31305153, "otherCurrentAssets": 1246338, "totalCurrentAssets": 173642469, "longTermInvestments": 103841925, "propertyPlantEquipment": 4257225, "intangibleAssets": 350811, "otherAssets": 18480892, "deferredLongTermAssetCharges": 1004954, "totalAssets": 300573322, "accountsPayable": 83379328, "otherCurrentLiab": 3708699, "otherLiab": 4017780, "totalCurrentLiabilities": 88372271, "totalLiab": 92390051, "commonStock": 50000000, "retainedEarnings": 158155271, "treasuryStock": 28000, "otherStockholderEquity": 28000, "totalStockholderEquity": 208183271, "netTangibleAssets": 207832460}, {"maxAge": 1, "endDate": "2019-03-31", "cash": 214824899, "netReceivables": 31050328, "otherCurrentAssets": 52278074, "totalCurrentAssets": 298153301, "longTermInvestments": 113421088, "propertyPlantEquipment": 4899746, "intangibleAssets": 577942, "otherAssets": 22540082, "deferredLongTermAssetCharges": 814144, "totalAssets": 439592159, "accountsPayable": 221279431, "otherCurrentLiab": 3297095, "otherLiab": 3444782, "totalCurrentLiabilities": 225099956, "totalLiab": 228544738, "commonStock": 50000000, "retainedEarnings": 161019421, "treasuryStock": 28000, "otherStockholderEquity": 28000, "totalStockholderEquity": 211047421, "netTangibleAssets": 210469479}, {"maxAge": 1, "endDate": "2018-03-31", "cash": 87200694, "netReceivables": 50133477, "otherCurrentAssets": 31216539, "totalCurrentAssets": 168550710, "longTermInvestments": 112480939, "propertyPlantEquipment": 5074851, "intangibleAssets": 434377, "otherAssets": 15508327, "deferredLongTermAssetCharges": 532389, "totalAssets": 302049204, "accountsPayable": 84037535, "otherCurrentLiab": 1933719, "otherLiab": 3191571, "totalCurrentLiabilities": 86970348, "totalLiab": 90161919, "commonStock": 50000000, "retainedEarnings": 161859285, "treasuryStock": 28000, "otherStockholderEquity": 28000, "totalStockholderEquity": 211887285, "netTangibleAssets": 211452908}, {"maxAge": 1, "endDate": "2017-03-31", "cash": 116156747, "netReceivables": 36421266, "otherCurrentAssets": 847255, "totalCurrentAssets": 153425268, "longTermInvestments": 111060901, "propertyPlantEquipment": 5031539, "intangibleAssets": 715662, "otherAssets": 15657348, "deferredLongTermAssetCharges": 681410, "totalAssets": 285890718, "accountsPayable": 76507932, "otherCurrentLiab": 5512496, "otherLiab": 3007204, "totalCurrentLiabilities": 82847554, "totalLiab": 85854758, "commonStock": 50000000, "retainedEarnings": 150007960, "treasuryStock": 28000, "otherStockholderEquity": 28000, "totalStockholderEquity": 200035960, "netTangibleAssets": 199320298}], "maxAge": 86400}, "financialData": {"maxAge": 86400, "currentPrice": 12.26, "recommendationKey": "none", "grossProfits": 38044406, "financialCurrency": "INR"}}}