{"CINELINE.BO": {"recommendationTrend": {"trend": [{"period": "0m", "strongBuy": 0, "buy": 0, "hold": 0, "sell": 0, "strongSell": 0}, {"period": "-1m", "strongBuy": 0, "buy": 0, "hold": 0, "sell": 0, "strongSell": 0}, {"period": "-2m", "strongBuy": 0, "buy": 0, "hold": 0, "sell": 0, "strongSell": 0}, {"period": "-3m", "strongBuy": 0, "buy": 0, "hold": 0, "sell": 0, "strongSell": 0}], "maxAge": 86400}, "cashflowStatementHistory": {"cashflowStatements": [{"maxAge": 1, "endDate": "2020-03-31", "netIncome": 76329000, "depreciation": 54248000, "changeToNetincome": 13380000, "changeToAccountReceivables": 2779000, "changeToLiabilities": 8291000, "changeToOperatingActivities": 57759000, "totalCashFromOperatingActivities": 212786000, "otherCashflowsFromInvestingActivities": -1564891000, "totalCashflowsFromInvestingActivities": -380490000, "netBorrowings": 133288000, "otherCashflowsFromFinancingActivities": -181872000, "totalCashFromFinancingActivities": -48584000, "changeInCash": -216288000}, {"maxAge": 1, "endDate": "2019-03-31", "netIncome": 98488000, "depreciation": 36423000, "changeToNetincome": -2344000, "changeToAccountReceivables": -680000, "changeToLiabilities": -5575000, "changeToOperatingActivities": -149146000, "totalCashFromOperatingActivities": -22834000, "otherCashflowsFromInvestingActivities": 122467000, "totalCashflowsFromInvestingActivities": 34455000, "netBorrowings": 288257000, "otherCashflowsFromFinancingActivities": -89873000, "totalCashFromFinancingActivities": 198384000, "changeInCash": 210005000}, {"maxAge": 1, "endDate": "2018-03-31", "netIncome": 105500000, "depreciation": 35800000, "changeToNetincome": -22100000, "changeToAccountReceivables": -200000, "changeToLiabilities": 1900000, "changeToOperatingActivities": 646600000, "totalCashFromOperatingActivities": 767500000, "otherCashflowsFromInvestingActivities": 226700000, "totalCashflowsFromInvestingActivities": -577800000, "dividendsPaid": -14000000, "netBorrowings": -35900000, "otherCashflowsFromFinancingActivities": -140500000, "totalCashFromFinancingActivities": -190400000, "changeInCash": -700000}, {"maxAge": 1, "endDate": "2017-03-31", "netIncome": 105200000, "depreciation": 35700000, "changeToNetincome": 22700000, "changeToAccountReceivables": 9300000, "changeToLiabilities": -3600000, "changeToOperatingActivities": -89700000, "totalCashFromOperatingActivities": 79600000, "investments": 3600000, "otherCashflowsFromInvestingActivities": 17600000, "totalCashflowsFromInvestingActivities": 1200000, "dividendsPaid": -14000000, "netBorrowings": 65500000, "otherCashflowsFromFinancingActivities": -144600000, "totalCashFromFinancingActivities": -79100000, "changeInCash": 1700000}], "maxAge": 86400}, "institutionOwnership": {"maxAge": 1, "ownershipList": []}, "balanceSheetHistoryQuarterly": {"balanceSheetStatements": [{"maxAge": 1, "endDate": "2020-06-30", "totalStockholderEquity": 1219742000, "netTangibleAssets": 1219742000}, {"maxAge": 1, "endDate": "2020-03-31", "cash": 5223000, "netReceivables": 19414000, "otherCurrentAssets": 162781000, "totalCurrentAssets": 187418000, "longTermInvestments": 74300000, "propertyPlantEquipment": 1039932000, "otherAssets": 1950049000, "totalAssets": 3251699000, "accountsPayable": 9939000, "otherCurrentLiab": 196491000, "longTermDebt": 1684200000, "otherLiab": 140400000, "deferredLongTermLiab": 8372000, "totalCurrentLiabilities": 207202000, "totalLiab": 2031802000, "commonStock": 140000000, "treasuryStock": 1079897000, "otherStockholderEquity": 1079897000, "totalStockholderEquity": 1219897000, "netTangibleAssets": 1219897000}, {"maxAge": 1, "endDate": "2019-12-31", "totalStockholderEquity": 1160973000, "netTangibleAssets": 1160973000}, {"maxAge": 1, "endDate": "2019-09-30", "cash": 41137000, "netReceivables": 40297000, "otherCurrentAssets": 115928000, "totalCurrentAssets": 197362000, "longTermInvestments": 210110000, "propertyPlantEquipment": 1577160000, "otherAssets": 1182616000, "totalAssets": 3167248000, "accountsPayable": 3458000, "otherCurrentLiab": 163889000, "longTermDebt": 1697889000, "otherLiab": 140371000, "deferredLongTermLiab": 8712000, "totalCurrentLiabilities": 168015000, "totalLiab": 2006275000, "commonStock": 140000000, "treasuryStock": 1020973000, "otherStockholderEquity": 1020973000, "totalStockholderEquity": 1160973000, "netTangibleAssets": 1160973000}], "maxAge": 86400}, "earningsHistory": {"history": [{"maxAge": 1, "epsActual": {}, "epsEstimate": {}, "epsDifference": {}, "surprisePercent": {}, "quarter": {}, "period": "-4q"}, {"maxAge": 1, "epsActual": {}, "epsEstimate": {}, "epsDifference": {}, "surprisePercent": {}, "quarter": {}, "period": "-3q"}, {"maxAge": 1, "epsActual": {}, "epsEstimate": {}, "epsDifference": {}, "surprisePercent": {}, "quarter": {}, "period": "-2q"}, {"maxAge": 1, "epsActual": {}, "epsEstimate": {}, "epsDifference": {}, "surprisePercent": {}, "quarter": {}, "period": "-1q"}], "maxAge": 86400}, "indexTrend": {"maxAge": 1, "symbol": "SP5", "peRatio": 19.7411, "pegRatio": 1.34172, "estimates": [{"period": "0q", "growth": 0.549}, {"period": "+1q", "growth": 0.431}, {"period": "0y", "growth": 0.305}, {"period": "+1y", "growth": 0.109}, {"period": "+5y", "growth": 0.120865}, {"period": "-5y"}]}, "industryTrend": {"maxAge": 1, "symbol": null, "estimates": []}, "insiderTransactions": {"transactions": [{"maxAge": 1, "shares": 23000, "filerUrl": "", "transactionText": "", "filerName": "Kanakia (Himanshu)", "filerRelation": "Managing Director", "moneyText": "", "startDate": "2020-03-23", "ownership": "D"}, {"maxAge": 1, "shares": 6872800, "filerUrl": "", "transactionText": "", "filerName": "Kanakia (Rasesh B)", "filerRelation": "Director", "moneyText": "", "startDate": "2020-03-23", "ownership": "D"}, {"maxAge": 1, "shares": 6850000, "filerUrl": "", "transactionText": "", "filerName": "Kanakia (Rasesh B)", "filerRelation": "Director", "moneyText": "", "startDate": "2020-03-19", "ownership": "D"}, {"maxAge": 1, "shares": 10000, "filerUrl": "", "transactionText": "", "filerName": "Kanakia (Rasesh B)", "filerRelation": "Director", "moneyText": "", "startDate": "2020-03-19", "ownership": "D"}, {"maxAge": 1, "shares": 10200, "filerUrl": "", "transactionText": "", "filerName": "Kanakia (Rasesh B)", "filerRelation": "Director", "moneyText": "", "startDate": "2020-03-19", "ownership": "D"}, {"maxAge": 1, "shares": 25000, "filerUrl": "", "transactionText": "", "filerName": "Kanakia (Himanshu)", "filerRelation": "Managing Director", "moneyText": "", "startDate": "2019-12-16", "ownership": "D"}, {"maxAge": 1, "shares": 6000, "filerUrl": "", "transactionText": "", "filerName": "Kanakia (Rasesh B)", "filerRelation": "Director", "moneyText": "", "startDate": "2019-12-16", "ownership": "D"}, {"maxAge": 1, "shares": 2000, "filerUrl": "", "transactionText": "", "filerName": "Kanakia (Rasesh B)", "filerRelation": "Director", "moneyText": "", "startDate": "2019-12-16", "ownership": "D"}, {"maxAge": 1, "shares": 17000, "filerUrl": "", "transactionText": "", "filerName": "Kanakia (Rasesh B)", "filerRelation": "Director", "moneyText": "", "startDate": "2019-12-13", "ownership": "D"}, {"maxAge": 1, "shares": 15000, "filerUrl": "", "transactionText": "", "filerName": "Kanakia (Himanshu)", "filerRelation": "Managing Director", "moneyText": "", "startDate": "2019-09-24", "ownership": "D"}, {"maxAge": 1, "shares": 25000, "filerUrl": "", "transactionText": "", "filerName": "Kanakia (Rasesh B)", "filerRelation": "Chairman of the Board", "moneyText": "", "startDate": "2019-09-19", "ownership": "D"}, {"maxAge": 1, "shares": 10000, "filerUrl": "", "transactionText": "", "filerName": "Kanakia (Himanshu)", "filerRelation": "Managing Director", "moneyText": "", "startDate": "2019-09-19", "ownership": "D"}, {"maxAge": 1, "shares": 5283, "filerUrl": "", "transactionText": "", "filerName": "Kanakia (Rasesh B)", "filerRelation": "Chairman of the Board", "moneyText": "", "startDate": "2019-09-12", "ownership": "D"}, {"maxAge": 1, "shares": 5388, "filerUrl": "", "transactionText": "", "filerName": "Kanakia (Himanshu)", "filerRelation": "Managing Director", "moneyText": "", "startDate": "2019-09-12", "ownership": "D"}, {"maxAge": 1, "shares": 4717, "filerUrl": "", "transactionText": "", "filerName": "Kanakia (Rasesh B)", "filerRelation": "Non Independent Executive Chairman", "moneyText": "", "startDate": "2019-09-03", "ownership": "D"}, {"maxAge": 1, "shares": 4612, "filerUrl": "", "transactionText": "", "filerName": "Kanakia (Himanshu)", "filerRelation": "Managing Director", "moneyText": "", "startDate": "2019-09-03", "ownership": "D"}, {"maxAge": 1, "shares": 10000, "filerUrl": "", "transactionText": "", "filerName": "Kanakia (Himanshu)", "filerRelation": "Managing Director", "moneyText": "", "startDate": "2019-08-28", "ownership": "D"}, {"maxAge": 1, "shares": 10000, "filerUrl": "", "transactionText": "", "filerName": "Kanakia (Rasesh B)", "filerRelation": "Non Independent Executive Chairman", "moneyText": "", "startDate": "2019-08-28", "ownership": "D"}, {"maxAge": 1, "shares": 25000, "filerUrl": "", "transactionText": "", "filerName": "Kanakia (Himanshu)", "filerRelation": "Managing Director", "moneyText": "", "startDate": "2019-08-23", "ownership": "D"}, {"maxAge": 1, "shares": 25000, "filerUrl": "", "transactionText": "", "filerName": "Kanakia (Rasesh B)", "filerRelation": "Chairman of the Board", "moneyText": "", "startDate": "2019-08-23", "ownership": "D"}, {"maxAge": 1, "shares": 6893524, "filerUrl": "", "transactionText": "", "filerName": "Kanakia (Rasesh B)", "filerRelation": "Non Independent Executive Chairman", "moneyText": "", "startDate": "2019-08-21", "ownership": "D"}, {"maxAge": 1, "shares": 2533424, "filerUrl": "", "transactionText": "", "filerName": "Kanakia (Himanshu)", "filerRelation": "Managing Director", "moneyText": "", "startDate": "2019-08-21", "ownership": "D"}], "maxAge": 1}, "quoteType": {"exchange": "BSE", "quoteType": "EQUITY", "symbol": "CINELINE.BO", "underlyingSymbol": "CINELINE.BO", "shortName": "CINELINE INDIA LIMITED", "longName": "Cineline India Limited", "firstTradeDateEpochUtc": "2007-02-14 09:15:00", "timeZoneFullName": "Asia/Kolkata", "timeZoneShortName": "IST", "uuid": "8c5ffd60-0b79-3348-a8db-a6f89071b96f", "messageBoardId": null, "gmtOffSetMilliseconds": 19800000, "maxAge": 1}, "incomeStatementHistory": {"incomeStatementHistory": [{"maxAge": 1, "endDate": "2020-03-31", "totalRevenue": 256615000, "costOfRevenue": 52137000, "grossProfit": 204478000, "researchDevelopment": {}, "sellingGeneralAdministrative": 17163000, "nonRecurring": {}, "otherOperatingExpenses": 18858000, "totalOperatingExpenses": 142406000, "operatingIncome": 114209000, "totalOtherIncomeExpenseNet": -17957000, "ebit": 114209000, "interestExpense": -183443000, "incomeBeforeTax": 96252000, "incomeTaxExpense": 19923000, "minorityInterest": {}, "netIncomeFromContinuingOps": 76329000, "discontinuedOperations": {}, "extraordinaryItems": {}, "effectOfAccountingCharges": {}, "otherItems": {}, "netIncome": 76329000, "netIncomeApplicableToCommonShares": 76329000}, {"maxAge": 1, "endDate": "2019-03-31", "totalRevenue": 242298000, "costOfRevenue": 42894000, "grossProfit": 199404000, "researchDevelopment": {}, "sellingGeneralAdministrative": 19884000, "nonRecurring": {}, "otherOperatingExpenses": 18112000, "totalOperatingExpenses": 117313000, "operatingIncome": 124985000, "totalOtherIncomeExpenseNet": 10200000, "ebit": 124985000, "interestExpense": -86804000, "incomeBeforeTax": 135185000, "incomeTaxExpense": 36697000, "minorityInterest": {}, "netIncomeFromContinuingOps": 98488000, "discontinuedOperations": {}, "extraordinaryItems": {}, "effectOfAccountingCharges": {}, "otherItems": {}, "netIncome": 98488000, "netIncomeApplicableToCommonShares": 98488000}, {"maxAge": 1, "endDate": "2018-03-31", "totalRevenue": 222600000, "costOfRevenue": 44000000, "grossProfit": 178600000, "researchDevelopment": {}, "sellingGeneralAdministrative": 17200000, "nonRecurring": {}, "otherOperatingExpenses": 14600000, "totalOperatingExpenses": 111600000, "operatingIncome": 111000000, "totalOtherIncomeExpenseNet": 21900000, "ebit": 111000000, "interestExpense": -76400000, "incomeBeforeTax": 132900000, "incomeTaxExpense": 27400000, "minorityInterest": {}, "netIncomeFromContinuingOps": 105500000, "discontinuedOperations": {}, "extraordinaryItems": {}, "effectOfAccountingCharges": {}, "otherItems": {}, "netIncome": 105500000, "netIncomeApplicableToCommonShares": 105500000}, {"maxAge": 1, "endDate": "2017-03-31", "totalRevenue": 224300000, "costOfRevenue": 40700000, "grossProfit": 183600000, "researchDevelopment": {}, "sellingGeneralAdministrative": 17400000, "nonRecurring": {}, "otherOperatingExpenses": 8300000, "totalOperatingExpenses": 102100000, "operatingIncome": 122200000, "totalOtherIncomeExpenseNet": 20500000, "ebit": 122200000, "interestExpense": -82400000, "incomeBeforeTax": 142700000, "incomeTaxExpense": 37500000, "minorityInterest": {}, "netIncomeFromContinuingOps": 105200000, "discontinuedOperations": {}, "extraordinaryItems": {}, "effectOfAccountingCharges": {}, "otherItems": {}, "netIncome": 105200000, "netIncomeApplicableToCommonShares": 105200000}], "maxAge": 86400}, "fundOwnership": {"maxAge": 1, "ownershipList": []}, "summaryDetail": {"maxAge": 1, "priceHint": 2, "previousClose": 32.3, "open": 31.75, "dayLow": 31.6, "dayHigh": 32.15, "regularMarketPreviousClose": 32.3, "regularMarketOpen": 31.75, "regularMarketDayLow": 31.6, "regularMarketDayHigh": 32.15, "trailingPE": 10.118098, "volume": 1401, "regularMarketVolume": 1401, "averageVolume": 84111, "averageVolume10days": 49646, "averageDailyVolume10Day": 49646, "bid": 31.6, "ask": 33.0, "bidSize": 0, "askSize": 0, "marketCap": 887600000, "fiftyTwoWeekLow": 16.3, "fiftyTwoWeekHigh": 51.0, "fiftyDayAverage": 42.39, "twoHundredDayAverage": 33.582848, "trailingAnnualDividendRate": 0.5, "trailingAnnualDividendYield": 0.015479877, "currency": "INR", "fromCurrency": null, "toCurrency": null, "lastMarket": null, "algorithm": null, "tradeable": false}, "sectorTrend": {"maxAge": 1, "symbol": null, "estimates": []}, "incomeStatementHistoryQuarterly": {"incomeStatementHistory": [{"maxAge": 1, "endDate": "2020-06-30", "totalRevenue": 33759000, "costOfRevenue": 7521000, "grossProfit": 26238000, "researchDevelopment": {}, "sellingGeneralAdministrative": 1978000, "nonRecurring": {}, "otherOperatingExpenses": 8687000, "totalOperatingExpenses": 28578000, "operatingIncome": 5181000, "totalOtherIncomeExpenseNet": 19922000, "ebit": 5181000, "interestExpense": -47702000, "incomeBeforeTax": 25103000, "incomeTaxExpense": 8661000, "minorityInterest": {}, "netIncomeFromContinuingOps": 16442000, "discontinuedOperations": {}, "extraordinaryItems": {}, "effectOfAccountingCharges": {}, "otherItems": {}, "netIncome": 16442000, "netIncomeApplicableToCommonShares": 16442000}, {"maxAge": 1, "endDate": "2020-03-31", "totalRevenue": 54884000, "costOfRevenue": 12314000, "grossProfit": 42570000, "researchDevelopment": {}, "sellingGeneralAdministrative": 4149000, "nonRecurring": {}, "otherOperatingExpenses": 9500000, "totalOperatingExpenses": 37428000, "operatingIncome": 17456000, "totalOtherIncomeExpenseNet": 22933000, "ebit": 17456000, "interestExpense": -48092000, "incomeBeforeTax": 40389000, "incomeTaxExpense": 10809000, "minorityInterest": {}, "netIncomeFromContinuingOps": 29580000, "discontinuedOperations": {}, "extraordinaryItems": {}, "effectOfAccountingCharges": {}, "otherItems": {}, "netIncome": 29580000, "netIncomeApplicableToCommonShares": 29580000}, {"maxAge": 1, "endDate": "2019-12-31", "totalRevenue": 63935000, "costOfRevenue": 12277000, "grossProfit": 51658000, "researchDevelopment": {}, "sellingGeneralAdministrative": 4486000, "nonRecurring": {}, "otherOperatingExpenses": 5679000, "totalOperatingExpenses": 34938000, "operatingIncome": 28997000, "totalOtherIncomeExpenseNet": 11301000, "ebit": 28997000, "interestExpense": -47948000, "incomeBeforeTax": 40298000, "incomeTaxExpense": 11124000, "minorityInterest": {}, "netIncomeFromContinuingOps": 29174000, "discontinuedOperations": {}, "extraordinaryItems": {}, "effectOfAccountingCharges": {}, "otherItems": {}, "netIncome": 29174000, "netIncomeApplicableToCommonShares": 29174000}, {"maxAge": 1, "endDate": "2019-09-30", "totalRevenue": 67319000, "costOfRevenue": 14291000, "grossProfit": 53028000, "researchDevelopment": {}, "sellingGeneralAdministrative": 4326000, "nonRecurring": {}, "otherOperatingExpenses": 3446000, "totalOperatingExpenses": 36787000, "operatingIncome": 30532000, "totalOtherIncomeExpenseNet": -20816000, "ebit": 30532000, "interestExpense": -46245000, "incomeBeforeTax": 9716000, "incomeTaxExpense": -3281000, "minorityInterest": {}, "netIncomeFromContinuingOps": 12997000, "discontinuedOperations": {}, "extraordinaryItems": {}, "effectOfAccountingCharges": {}, "otherItems": {}, "netIncome": 12997000, "netIncomeApplicableToCommonShares": 12997000}], "maxAge": 86400}, "cashflowStatementHistoryQuarterly": {"cashflowStatements": [{"maxAge": 1, "endDate": "2020-06-30", "netIncome": 16442000, "changeToLiabilities": 0}, {"maxAge": 1, "endDate": "2020-03-31", "netIncome": 29580000, "changeToLiabilities": 0}, {"maxAge": 1, "endDate": "2019-12-31", "netIncome": 29174000, "changeToLiabilities": 0}, {"maxAge": 1, "endDate": "2019-09-30", "netIncome": 12997000, "changeToLiabilities": 0}], "maxAge": 86400}, "insiderHolders": {"holders": [{"maxAge": 1, "name": "Kanakia (Himanshu)", "relation": "Managing Director", "url": "", "transactionDescription": "Acquisition", "latestTransDate": "2020-03-23", "positionDirect": 9511424, "positionDirectDate": "2020-03-23"}, {"maxAge": 1, "name": "Kanakia (Rasesh B)", "relation": "Director", "url": "", "transactionDescription": "Acquisition", "latestTransDate": "2020-03-23", "positionDirect": 9511524, "positionDirectDate": "2020-03-23"}], "maxAge": 1}, "earnings": {"maxAge": 86400, "earningsChart": {"quarterly": [], "earningsDate": []}, "financialsChart": {"yearly": [{"date": 2017, "revenue": 224300000, "earnings": 105200000}, {"date": 2018, "revenue": 222600000, "earnings": 105500000}, {"date": 2019, "revenue": 242298000, "earnings": 98488000}, {"date": 2020, "revenue": 256615000, "earnings": 76329000}], "quarterly": [{"date": "3Q2019", "revenue": 67319000, "earnings": 12997000}, {"date": "4Q2019", "revenue": 63935000, "earnings": 29174000}, {"date": "1Q2020", "revenue": 54884000, "earnings": 29580000}, {"date": "2Q2020", "revenue": 33759000, "earnings": 16442000}]}, "financialCurrency": "INR"}, "calendarEvents": {"maxAge": 1, "earnings": {"earningsDate": []}}, "price": {"maxAge": 1, "regularMarketChangePercent": -0.018575804, "regularMarketChange": -0.5999985, "regularMarketTime": "2021-04-30 15:26:15", "priceHint": 2, "regularMarketPrice": 31.7, "regularMarketDayHigh": 32.15, "regularMarketDayLow": 31.6, "regularMarketVolume": 1401, "averageDailyVolume10Day": 49646, "averageDailyVolume3Month": 84111, "regularMarketPreviousClose": 32.3, "regularMarketSource": "FREE_REALTIME", "regularMarketOpen": 31.75, "exchange": "BSE", "exchangeName": "BSE", "exchangeDataDelayedBy": 0, "marketState": "CLOSED", "quoteType": "EQUITY", "symbol": "CINELINE.BO", "underlyingSymbol": null, "shortName": "CINELINE INDIA LIMITED", "longName": "Cineline India Limited", "currency": "INR", "quoteSourceName": "Delayed Quote", "currencySymbol": "\u20b9", "fromCurrency": null, "toCurrency": null, "lastMarket": null, "marketCap": 887600000}, "balanceSheetHistory": {"balanceSheetStatements": [{"maxAge": 1, "endDate": "2020-03-31", "cash": 5223000, "netReceivables": 19414000, "otherCurrentAssets": 162781000, "totalCurrentAssets": 187418000, "longTermInvestments": 74300000, "propertyPlantEquipment": 1039932000, "otherAssets": 1950049000, "totalAssets": 3251699000, "accountsPayable": 9939000, "otherCurrentLiab": 196508000, "longTermDebt": 1684200000, "otherLiab": 140538000, "deferredLongTermLiab": 8372000, "totalCurrentLiabilities": 207219000, "totalLiab": 2031957000, "commonStock": 140000000, "treasuryStock": 1079742000, "otherStockholderEquity": 1079742000, "totalStockholderEquity": 1219742000, "netTangibleAssets": 1219742000}, {"maxAge": 1, "endDate": "2019-03-31", "cash": 221418000, "netReceivables": 28643000, "otherCurrentAssets": 283470000, "totalCurrentAssets": 533531000, "longTermInvestments": 228000, "propertyPlantEquipment": 2308535000, "otherAssets": 39843000, "totalAssets": 2882137000, "accountsPayable": 1729000, "shortLongTermDebt": 18700000, "otherCurrentLiab": 23239000, "longTermDebt": 1560451000, "otherLiab": 121801000, "deferredLongTermLiab": 9052000, "totalCurrentLiabilities": 56478000, "totalLiab": 1738730000, "commonStock": 140000000, "retainedEarnings": 645305000, "treasuryStock": 1702000, "capitalSurplus": 356400000, "otherStockholderEquity": 1702000, "totalStockholderEquity": 1143407000, "netTangibleAssets": 1143407000}, {"maxAge": 1, "endDate": "2018-03-31", "cash": 11400000, "netReceivables": 48600000, "otherCurrentAssets": 4200000, "totalCurrentAssets": 64200000, "propertyPlantEquipment": 809100000, "otherAssets": 1601300000, "totalAssets": 2474600000, "accountsPayable": 7300000, "shortLongTermDebt": 48300000, "otherCurrentLiab": 23000000, "longTermDebt": 1242600000, "otherLiab": 92300000, "deferredLongTermLiab": 7700000, "totalCurrentLiabilities": 94700000, "totalLiab": 1429600000, "commonStock": 140000000, "retainedEarnings": 546900000, "treasuryStock": 1700000, "capitalSurplus": 356400000, "otherStockholderEquity": 1700000, "totalStockholderEquity": 1045000000, "netTangibleAssets": 1045000000}, {"maxAge": 1, "endDate": "2017-03-31", "cash": 12100000, "netReceivables": 824500000, "otherCurrentAssets": 5900000, "totalCurrentAssets": 842500000, "propertyPlantEquipment": 844800000, "otherAssets": 724700000, "totalAssets": 2412000000, "accountsPayable": 5400000, "shortLongTermDebt": 35900000, "otherCurrentLiab": 22100000, "longTermDebt": 1290900000, "otherLiab": 82300000, "deferredLongTermLiab": 8600000, "totalCurrentLiabilities": 82600000, "totalLiab": 1455800000, "commonStock": 140000000, "retainedEarnings": 458100000, "treasuryStock": 1700000, "capitalSurplus": 356400000, "otherStockholderEquity": 1700000, "totalStockholderEquity": 956200000, "netTangibleAssets": 956200000}], "maxAge": 86400}, "earningsTrend": {"trend": [{"maxAge": 1, "period": "0q", "endDate": null, "growth": {}, "earningsEstimate": {"avg": 0.0, "low": 0.0, "high": 0.0, "yearAgoEps": {}, "numberOfAnalysts": 0, "growth": {}}, "revenueEstimate": {"avg": 0, "low": 0, "high": 0, "numberOfAnalysts": 0, "yearAgoRevenue": {}, "growth": {}}, "epsTrend": {"current": 0.0, "7daysAgo": 0.0, "30daysAgo": 0.0, "60daysAgo": 0.0, "90daysAgo": 0.0}, "epsRevisions": {"upLast7days": 0, "upLast30days": 0, "downLast30days": 0, "downLast90days": {}}}, {"maxAge": 1, "period": "+1q", "endDate": null, "growth": {}, "earningsEstimate": {"avg": 0.0, "low": 0.0, "high": 0.0, "yearAgoEps": {}, "numberOfAnalysts": 0, "growth": {}}, "revenueEstimate": {"avg": 0, "low": 0, "high": 0, "numberOfAnalysts": 0, "yearAgoRevenue": {}, "growth": {}}, "epsTrend": {"current": 0.0, "7daysAgo": 0.0, "30daysAgo": 0.0, "60daysAgo": 0.0, "90daysAgo": 0.0}, "epsRevisions": {"upLast7days": 0, "upLast30days": 0, "downLast30days": 0, "downLast90days": {}}}, {"maxAge": 1, "period": "0y", "endDate": null, "growth": {}, "earningsEstimate": {"avg": 0.0, "low": 0.0, "high": 0.0, "yearAgoEps": {}, "numberOfAnalysts": 0, "growth": {}}, "revenueEstimate": {"avg": 0, "low": 0, "high": 0, "numberOfAnalysts": 0, "yearAgoRevenue": {}, "growth": {}}, "epsTrend": {"current": 0.0, "7daysAgo": 0.0, "30daysAgo": 0.0, "60daysAgo": 0.0, "90daysAgo": 0.0}, "epsRevisions": {"upLast7days": 0, "upLast30days": 0, "downLast30days": 0, "downLast90days": {}}}, {"maxAge": 1, "period": "+1y", "endDate": null, "growth": {}, "earningsEstimate": {"avg": 0.0, "low": 0.0, "high": 0.0, "yearAgoEps": {}, "numberOfAnalysts": 0, "growth": {}}, "revenueEstimate": {"avg": 0, "low": 0, "high": 0, "numberOfAnalysts": 0, "yearAgoRevenue": {}, "growth": {}}, "epsTrend": {"current": 0.0, "7daysAgo": 0.0, "30daysAgo": 0.0, "60daysAgo": 0.0, "90daysAgo": 0.0}, "epsRevisions": {"upLast7days": 0, "upLast30days": 0, "downLast30days": 0, "downLast90days": {}}}, {"maxAge": 1, "period": "+5y", "endDate": null, "growth": {}, "earningsEstimate": {"avg": {}, "low": {}, "high": {}, "yearAgoEps": {}, "numberOfAnalysts": {}, "growth": {}}, "revenueEstimate": {"avg": {}, "low": {}, "high": {}, "numberOfAnalysts": {}, "yearAgoRevenue": {}, "growth": {}}, "epsTrend": {"current": {}, "7daysAgo": {}, "30daysAgo": {}, "60daysAgo": {}, "90daysAgo": {}}, "epsRevisions": {"upLast7days": {}, "upLast30days": {}, "downLast30days": {}, "downLast90days": {}}}, {"maxAge": 1, "period": "-5y", "endDate": null, "growth": {}, "earningsEstimate": {"avg": {}, "low": {}, "high": {}, "yearAgoEps": {}, "numberOfAnalysts": {}, "growth": {}}, "revenueEstimate": {"avg": {}, "low": {}, "high": {}, "numberOfAnalysts": {}, "yearAgoRevenue": {}, "growth": {}}, "epsTrend": {"current": {}, "7daysAgo": {}, "30daysAgo": {}, "60daysAgo": {}, "90daysAgo": {}}, "epsRevisions": {"upLast7days": {}, "upLast30days": {}, "downLast30days": {}, "downLast90days": {}}}], "maxAge": 1}, "financialData": {"maxAge": 86400, "currentPrice": 31.7, "recommendationKey": "none", "grossProfits": 204478000, "financialCurrency": "INR"}}}