{"CINELINE.NS": {"assetProfile": {"address1": "215-Atrium", "address2": "10th Fl, Next to Courtyard by Marriott H Opposite Divine Child High School Andheri Kurla Road, Andheri (East)", "city": "Mumbai", "zip": "400093", "country": "India", "phone": "91 22 6726 6666", "fax": "91 22 6693 7777", "website": "http://www.cineline.co.in", "industry": "Real Estate Services", "sector": "Real Estate", "longBusinessSummary": "Cineline India Limited, together with its subsidiaries, engages in the ownership and leasing of real estate properties in India. It is involved in renting out commercial and retail properties, and parking and advertising spaces in high-street malls. The company owns and leases nine theatres, which include seven in and around Mumbai, as well as one each in Nasik and Nagpur to PVR Cinemas; and owns a mall under the Eternity Mall name located in Nagpur, as well as provides maintenance services. It also generates renewable energy through a windmill with capacity of 0.6 MWA located at Viswada in Gujarat; and a windmill with capacity of 1.6 MWA situated at Revangaon in Maharashtra. The company was formerly known as Cinemax Properties Limited and changed its name to Cineline India Limited in March 2013. Cineline India Limited was incorporated in 2002 and is headquartered in Mumbai, India.", "fullTimeEmployees": 29, "companyOfficers": [{"maxAge": 1, "name": "Mr. Rasesh Babubhai Kanakia", "age": 59, "title": "Non-Independent Exec. Chairman", "yearBorn": 1961, "fiscalYear": 2020, "totalPay": 1599996, "exercisedValue": 0, "unexercisedValue": 0}, {"maxAge": 1, "name": "Mr. Himanshu Babubhai Kanakia", "age": 56, "title": "MD & Exec. Director", "yearBorn": 1964, "fiscalYear": 2020, "totalPay": 1599996, "exercisedValue": 0, "unexercisedValue": 0}, {"maxAge": 1, "name": "Ms. Hiral Himanshu Kanakia", "age": 50, "title": "Exec. Whole-Time Director", "yearBorn": 1970, "fiscalYear": 2020, "totalPay": 1500000, "exercisedValue": 0, "unexercisedValue": 0}, {"maxAge": 1, "name": "Mr. Vipul N. Parekh", "age": 53, "title": "Chief Financial Officer", "yearBorn": 1967, "exercisedValue": 0, "unexercisedValue": 0}, {"maxAge": 1, "name": "Ketan  Chitnis", "age": 33, "title": "Mang. of Operations", "yearBorn": 1987, "exercisedValue": 0, "unexercisedValue": 0}, {"maxAge": 1, "name": "Ms. Manisha  Vora", "age": 61, "title": "Sr. Gen. Mang. of Fin. & Accounts", "yearBorn": 1959, "exercisedValue": 0, "unexercisedValue": 0}, {"maxAge": 1, "name": "Sheetal Thomas Dsouza", "age": 43, "title": "Sr. Mang. of Admin.", "yearBorn": 1977, "exercisedValue": 0, "unexercisedValue": 0}, {"maxAge": 1, "name": "Ms. Rashmi J. Shah", "title": "Compliance Officer & Company Sec.", "exercisedValue": 0, "unexercisedValue": 0}], "compensationAsOfEpochDate": "2020-12-31 05:30:00", "maxAge": 86400}, "recommendationTrend": {"trend": [{"period": "0m", "strongBuy": 0, "buy": 0, "hold": 0, "sell": 0, "strongSell": 0}, {"period": "-1m", "strongBuy": 0, "buy": 0, "hold": 0, "sell": 0, "strongSell": 0}, {"period": "-2m", "strongBuy": 0, "buy": 0, "hold": 0, "sell": 0, "strongSell": 0}, {"period": "-3m", "strongBuy": 0, "buy": 0, "hold": 0, "sell": 0, "strongSell": 0}], "maxAge": 86400}, "cashflowStatementHistory": {"cashflowStatements": [{"maxAge": 1, "endDate": "2020-03-31", "netIncome": 76329000, "depreciation": 54248000, "changeToNetincome": 13380000, "changeToAccountReceivables": 2779000, "changeToLiabilities": 8291000, "changeToOperatingActivities": 57759000, "totalCashFromOperatingActivities": 212786000, "otherCashflowsFromInvestingActivities": -1564891000, "totalCashflowsFromInvestingActivities": -380490000, "netBorrowings": 133288000, "otherCashflowsFromFinancingActivities": -181872000, "totalCashFromFinancingActivities": -48584000, "changeInCash": -216288000}, {"maxAge": 1, "endDate": "2019-03-31", "netIncome": 98479000, "depreciation": 36423000, "changeToNetincome": -2335000, "changeToAccountReceivables": -680000, "changeToLiabilities": -5575000, "changeToOperatingActivities": -149176000, "totalCashFromOperatingActivities": -22864000, "otherCashflowsFromInvestingActivities": 122467000, "totalCashflowsFromInvestingActivities": 34455000, "netBorrowings": 288257000, "otherCashflowsFromFinancingActivities": -89873000, "totalCashFromFinancingActivities": 198384000, "changeInCash": 209975000}, {"maxAge": 1, "endDate": "2018-03-31", "netIncome": 105500000, "depreciation": 35800000, "changeToNetincome": -22100000, "changeToAccountReceivables": -200000, "changeToLiabilities": 1900000, "changeToOperatingActivities": 646600000, "totalCashFromOperatingActivities": 767500000, "otherCashflowsFromInvestingActivities": 226700000, "totalCashflowsFromInvestingActivities": -577800000, "dividendsPaid": -14000000, "netBorrowings": -35900000, "otherCashflowsFromFinancingActivities": -140500000, "totalCashFromFinancingActivities": -190400000, "changeInCash": -700000}, {"maxAge": 1, "endDate": "2017-03-31", "netIncome": 105200000, "depreciation": 35700000, "changeToNetincome": 22700000, "changeToAccountReceivables": 9300000, "changeToLiabilities": -3600000, "changeToOperatingActivities": -89700000, "totalCashFromOperatingActivities": 79600000, "investments": 3600000, "otherCashflowsFromInvestingActivities": 17600000, "totalCashflowsFromInvestingActivities": 1200000, "dividendsPaid": -14000000, "netBorrowings": 65500000, "otherCashflowsFromFinancingActivities": -144600000, "totalCashFromFinancingActivities": -79100000, "changeInCash": 1700000}], "maxAge": 86400}, "indexTrend": {"maxAge": 1, "symbol": "SP5", "peRatio": 19.7411, "pegRatio": 1.34172, "estimates": [{"period": "0q", "growth": 0.549}, {"period": "+1q", "growth": 0.431}, {"period": "0y", "growth": 0.305}, {"period": "+1y", "growth": 0.109}, {"period": "+5y", "growth": 0.120865}, {"period": "-5y"}]}, "defaultKeyStatistics": {"maxAge": 1, "priceHint": 2, "enterpriseValue": 2588931328, "profitMargins": 0.54437, "floatShares": 6911826, "sharesOutstanding": 28000000, "heldPercentInsiders": 0.70359004, "heldPercentInstitutions": 0.0, "beta": 0.928734, "category": null, "bookValue": 45.109, "priceToBook": 0.7016338, "fundFamily": null, "legalType": null, "lastFiscalYearEnd": "2020-03-31 05:30:00", "nextFiscalYearEnd": "2022-03-31 05:30:00", "mostRecentQuarter": "2020-12-31 05:30:00", "earningsQuarterlyGrowth": 0.094, "netIncomeToCommon": 100444000, "trailingEps": 3.586, "lastSplitFactor": null, "enterpriseToRevenue": 14.031, "enterpriseToEbitda": 23.828, "52WeekChange": 0.55147064, "SandP52WeekChange": 0.48148263, "lastDividendValue": 0.5, "lastDividendDate": 1505088000}, "industryTrend": {"maxAge": 1, "symbol": null, "estimates": []}, "quoteType": {"exchange": "NSI", "quoteType": "EQUITY", "symbol": "CINELINE.NS", "underlyingSymbol": "CINELINE.NS", "shortName": "CINELINE INDIA LTD", "longName": "Cineline India Limited", "firstTradeDateEpochUtc": "2007-02-14 09:15:00", "timeZoneFullName": "Asia/Kolkata", "timeZoneShortName": "IST", "uuid": "1453504d-329b-3458-98d2-e51205a05003", "messageBoardId": "finmb_23827493", "gmtOffSetMilliseconds": 19800000, "maxAge": 1}, "incomeStatementHistory": {"incomeStatementHistory": [{"maxAge": 1, "endDate": "2020-03-31", "totalRevenue": 256615000, "costOfRevenue": 52137000, "grossProfit": 204478000, "researchDevelopment": {}, "sellingGeneralAdministrative": 18001000, "nonRecurring": {}, "otherOperatingExpenses": 17940000, "totalOperatingExpenses": 142326000, "operatingIncome": 114289000, "totalOtherIncomeExpenseNet": -18037000, "ebit": 114289000, "interestExpense": -182583000, "incomeBeforeTax": 96252000, "incomeTaxExpense": 19923000, "minorityInterest": {}, "netIncomeFromContinuingOps": 76329000, "discontinuedOperations": {}, "extraordinaryItems": {}, "effectOfAccountingCharges": {}, "otherItems": {}, "netIncome": 76329000, "netIncomeApplicableToCommonShares": 76329000}, {"maxAge": 1, "endDate": "2019-03-31", "totalRevenue": 242298000, "costOfRevenue": 42894000, "grossProfit": 199404000, "researchDevelopment": {}, "sellingGeneralAdministrative": 19884000, "nonRecurring": {}, "otherOperatingExpenses": 18112000, "totalOperatingExpenses": 117313000, "operatingIncome": 124985000, "totalOtherIncomeExpenseNet": 10200000, "ebit": 124985000, "interestExpense": -86804000, "incomeBeforeTax": 135185000, "incomeTaxExpense": 36706000, "minorityInterest": {}, "netIncomeFromContinuingOps": 98479000, "discontinuedOperations": {}, "extraordinaryItems": {}, "effectOfAccountingCharges": {}, "otherItems": {}, "netIncome": 98479000, "netIncomeApplicableToCommonShares": 98479000}, {"maxAge": 1, "endDate": "2018-03-31", "totalRevenue": 222600000, "costOfRevenue": 44000000, "grossProfit": 178600000, "researchDevelopment": {}, "sellingGeneralAdministrative": 17200000, "nonRecurring": {}, "otherOperatingExpenses": 14600000, "totalOperatingExpenses": 111600000, "operatingIncome": 111000000, "totalOtherIncomeExpenseNet": 21900000, "ebit": 111000000, "interestExpense": -76400000, "incomeBeforeTax": 132900000, "incomeTaxExpense": 27400000, "minorityInterest": {}, "netIncomeFromContinuingOps": 105500000, "discontinuedOperations": {}, "extraordinaryItems": {}, "effectOfAccountingCharges": {}, "otherItems": {}, "netIncome": 105500000, "netIncomeApplicableToCommonShares": 105500000}, {"maxAge": 1, "endDate": "2017-03-31", "totalRevenue": 224300000, "costOfRevenue": 40700000, "grossProfit": 183600000, "researchDevelopment": {}, "sellingGeneralAdministrative": 17400000, "nonRecurring": {}, "otherOperatingExpenses": 8300000, "totalOperatingExpenses": 102100000, "operatingIncome": 122200000, "totalOtherIncomeExpenseNet": 20500000, "ebit": 122200000, "interestExpense": -82400000, "incomeBeforeTax": 142700000, "incomeTaxExpense": 37500000, "minorityInterest": {}, "netIncomeFromContinuingOps": 105200000, "discontinuedOperations": {}, "extraordinaryItems": {}, "effectOfAccountingCharges": {}, "otherItems": {}, "netIncome": 105200000, "netIncomeApplicableToCommonShares": 105200000}], "maxAge": 86400}, "fundOwnership": {"maxAge": 1, "ownershipList": []}, "summaryDetail": {"maxAge": 1, "priceHint": 2, "previousClose": 32.3, "open": 31.85, "dayLow": 31.55, "dayHigh": 32.25, "regularMarketPreviousClose": 32.3, "regularMarketOpen": 31.85, "regularMarketDayLow": 31.55, "regularMarketDayHigh": 32.25, "exDividendDate": "2017-09-11 05:30:00", "payoutRatio": 0.0, "beta": 0.928734, "trailingPE": 8.82599, "volume": 12092, "regularMarketVolume": 12092, "averageVolume": 78139, "averageVolume10days": 42309, "averageDailyVolume10Day": 42309, "bid": 0.0, "ask": 0.0, "bidSize": 0, "askSize": 0, "marketCap": 886200000, "fiftyTwoWeekLow": 18.05, "fiftyTwoWeekHigh": 50.45, "priceToSalesTrailing12Months": 4.8028874, "fiftyDayAverage": 32.85857, "twoHundredDayAverage": 35.671875, "trailingAnnualDividendRate": 0.5, "trailingAnnualDividendYield": 0.015479877, "currency": "INR", "fromCurrency": null, "toCurrency": null, "lastMarket": null, "algorithm": null, "tradeable": false}, "insiderHolders": {"holders": [{"maxAge": 1, "name": "Kanakia (Himanshu)", "relation": "Managing Director", "url": "", "transactionDescription": "Acquisition", "latestTransDate": "2020-03-23", "positionDirect": 9511424, "positionDirectDate": "2020-03-23"}, {"maxAge": 1, "name": "Kanakia (Hiral H)", "relation": "Director (Executive)", "url": "", "transactionDescription": "Acquisition", "latestTransDate": "2009-11-19", "positionDirect": 328844, "positionDirectDate": "2009-11-19"}, {"maxAge": 1, "name": "Kanakia (Rasesh B)", "relation": "Director", "url": "", "transactionDescription": "Acquisition", "latestTransDate": "2020-03-23", "positionDirect": 9511524, "positionDirectDate": "2020-03-23"}, {"maxAge": 1, "name": "Kanakia (Rupal Rasesh)", "relation": "UNREPORTED", "url": "", "transactionDescription": "Acquisition", "latestTransDate": "2009-11-19", "positionDirect": 328844, "positionDirectDate": "2009-11-19"}], "maxAge": 1}, "calendarEvents": {"maxAge": 1, "earnings": {"earningsDate": []}, "exDividendDate": "2017-09-11 05:30:00"}, "price": {"maxAge": 1, "regularMarketChangePercent": -0.020123828, "regularMarketChange": -0.6499996, "regularMarketTime": "2021-04-30 15:29:05", "priceHint": 2, "regularMarketPrice": 31.65, "regularMarketDayHigh": 32.25, "regularMarketDayLow": 31.55, "regularMarketVolume": 12092, "averageDailyVolume10Day": 42309, "averageDailyVolume3Month": 78139, "regularMarketPreviousClose": 32.3, "regularMarketSource": "FREE_REALTIME", "regularMarketOpen": 31.85, "exchange": "NSI", "exchangeName": "NSE", "exchangeDataDelayedBy": 15, "marketState": "CLOSED", "quoteType": "EQUITY", "symbol": "CINELINE.NS", "underlyingSymbol": null, "shortName": "CINELINE INDIA LTD", "longName": "Cineline India Limited", "currency": "INR", "quoteSourceName": "Delayed Quote", "currencySymbol": "\u20b9", "fromCurrency": null, "toCurrency": null, "lastMarket": null, "marketCap": 886200000}, "balanceSheetHistory": {"balanceSheetStatements": [{"maxAge": 1, "endDate": "2020-03-31", "cash": 5130000, "netReceivables": 19414000, "otherCurrentAssets": 162874000, "totalCurrentAssets": 187418000, "longTermInvestments": 74300000, "propertyPlantEquipment": 1039932000, "otherAssets": 1950049000, "totalAssets": 3251699000, "accountsPayable": 9939000, "shortLongTermDebt": 29600000, "otherCurrentLiab": 149537000, "longTermDebt": 1684200000, "otherLiab": 128811000, "deferredLongTermLiab": 8372000, "totalCurrentLiabilities": 207219000, "totalLiab": 2031957000, "commonStock": 140000000, "retainedEarnings": 721640000, "treasuryStock": 1702000, "capitalSurplus": 356400000, "otherStockholderEquity": 1702000, "totalStockholderEquity": 1219742000, "netTangibleAssets": 1219742000}, {"maxAge": 1, "endDate": "2019-03-31", "cash": 221418000, "netReceivables": 28678000, "otherCurrentAssets": 283471000, "totalCurrentAssets": 533567000, "longTermInvestments": 242000, "propertyPlantEquipment": 2308535000, "otherAssets": 39793000, "totalAssets": 2882137000, "accountsPayable": 1729000, "shortLongTermDebt": 18700000, "otherCurrentLiab": 23239000, "longTermDebt": 1560451000, "otherLiab": 121801000, "deferredLongTermLiab": 9052000, "totalCurrentLiabilities": 56478000, "totalLiab": 1738730000, "commonStock": 140000000, "retainedEarnings": 645305000, "treasuryStock": 1702000, "capitalSurplus": 356400000, "otherStockholderEquity": 1702000, "totalStockholderEquity": 1143407000, "netTangibleAssets": 1143407000}, {"maxAge": 1, "endDate": "2018-03-31", "cash": 11400000, "netReceivables": 48600000, "otherCurrentAssets": 4200000, "totalCurrentAssets": 64200000, "propertyPlantEquipment": 809100000, "otherAssets": 1601300000, "totalAssets": 2474600000, "accountsPayable": 7300000, "shortLongTermDebt": 48300000, "otherCurrentLiab": 23000000, "longTermDebt": 1242600000, "otherLiab": 92300000, "deferredLongTermLiab": 7700000, "totalCurrentLiabilities": 94700000, "totalLiab": 1429600000, "commonStock": 140000000, "retainedEarnings": 546900000, "treasuryStock": 1700000, "capitalSurplus": 356400000, "otherStockholderEquity": 1700000, "totalStockholderEquity": 1045000000, "netTangibleAssets": 1045000000}, {"maxAge": 1, "endDate": "2017-03-31", "cash": 12100000, "netReceivables": 824500000, "otherCurrentAssets": 5900000, "totalCurrentAssets": 842500000, "propertyPlantEquipment": 844800000, "otherAssets": 724700000, "totalAssets": 2412000000, "accountsPayable": 5400000, "shortLongTermDebt": 35900000, "otherCurrentLiab": 22100000, "longTermDebt": 1290900000, "otherLiab": 82300000, "deferredLongTermLiab": 8600000, "totalCurrentLiabilities": 82600000, "totalLiab": 1455800000, "commonStock": 140000000, "retainedEarnings": 458100000, "treasuryStock": 1700000, "capitalSurplus": 356400000, "otherStockholderEquity": 1700000, "totalStockholderEquity": 956200000, "netTangibleAssets": 956200000}], "maxAge": 86400}, "earningsTrend": {"trend": [{"maxAge": 1, "period": "0q", "endDate": null, "growth": {}, "earningsEstimate": {"avg": 0.0, "low": 0.0, "high": 0.0, "yearAgoEps": {}, "numberOfAnalysts": 0, "growth": {}}, "revenueEstimate": {"avg": 0, "low": 0, "high": 0, "numberOfAnalysts": 0, "yearAgoRevenue": {}, "growth": {}}, "epsTrend": {"current": 0.0, "7daysAgo": 0.0, "30daysAgo": 0.0, "60daysAgo": 0.0, "90daysAgo": 0.0}, "epsRevisions": {"upLast7days": 0, "upLast30days": 0, "downLast30days": 0, "downLast90days": {}}}, {"maxAge": 1, "period": "+1q", "endDate": null, "growth": {}, "earningsEstimate": {"avg": 0.0, "low": 0.0, "high": 0.0, "yearAgoEps": {}, "numberOfAnalysts": 0, "growth": {}}, "revenueEstimate": {"avg": 0, "low": 0, "high": 0, "numberOfAnalysts": 0, "yearAgoRevenue": {}, "growth": {}}, "epsTrend": {"current": 0.0, "7daysAgo": 0.0, "30daysAgo": 0.0, "60daysAgo": 0.0, "90daysAgo": 0.0}, "epsRevisions": {"upLast7days": 0, "upLast30days": 0, "downLast30days": 0, "downLast90days": {}}}, {"maxAge": 1, "period": "0y", "endDate": null, "growth": {}, "earningsEstimate": {"avg": 0.0, "low": 0.0, "high": 0.0, "yearAgoEps": {}, "numberOfAnalysts": 0, "growth": {}}, "revenueEstimate": {"avg": 0, "low": 0, "high": 0, "numberOfAnalysts": 0, "yearAgoRevenue": {}, "growth": {}}, "epsTrend": {"current": 0.0, "7daysAgo": 0.0, "30daysAgo": 0.0, "60daysAgo": 0.0, "90daysAgo": 0.0}, "epsRevisions": {"upLast7days": 0, "upLast30days": 0, "downLast30days": 0, "downLast90days": {}}}, {"maxAge": 1, "period": "+1y", "endDate": null, "growth": {}, "earningsEstimate": {"avg": 0.0, "low": 0.0, "high": 0.0, "yearAgoEps": {}, "numberOfAnalysts": 0, "growth": {}}, "revenueEstimate": {"avg": 0, "low": 0, "high": 0, "numberOfAnalysts": 0, "yearAgoRevenue": {}, "growth": {}}, "epsTrend": {"current": 0.0, "7daysAgo": 0.0, "30daysAgo": 0.0, "60daysAgo": 0.0, "90daysAgo": 0.0}, "epsRevisions": {"upLast7days": 0, "upLast30days": 0, "downLast30days": 0, "downLast90days": {}}}, {"maxAge": 1, "period": "+5y", "endDate": null, "growth": {}, "earningsEstimate": {"avg": {}, "low": {}, "high": {}, "yearAgoEps": {}, "numberOfAnalysts": {}, "growth": {}}, "revenueEstimate": {"avg": {}, "low": {}, "high": {}, "numberOfAnalysts": {}, "yearAgoRevenue": {}, "growth": {}}, "epsTrend": {"current": {}, "7daysAgo": {}, "30daysAgo": {}, "60daysAgo": {}, "90daysAgo": {}}, "epsRevisions": {"upLast7days": {}, "upLast30days": {}, "downLast30days": {}, "downLast90days": {}}}, {"maxAge": 1, "period": "-5y", "endDate": null, "growth": -0.21493, "earningsEstimate": {"avg": {}, "low": {}, "high": {}, "yearAgoEps": {}, "numberOfAnalysts": {}, "growth": {}}, "revenueEstimate": {"avg": {}, "low": {}, "high": {}, "numberOfAnalysts": {}, "yearAgoRevenue": {}, "growth": {}}, "epsTrend": {"current": {}, "7daysAgo": {}, "30daysAgo": {}, "60daysAgo": {}, "90daysAgo": {}}, "epsRevisions": {"upLast7days": {}, "upLast30days": {}, "downLast30days": {}, "downLast90days": {}}}], "maxAge": 1}, "institutionOwnership": {"maxAge": 1, "ownershipList": []}, "majorHoldersBreakdown": {"maxAge": 1, "insidersPercentHeld": 0.70359004, "institutionsPercentHeld": 0.0, "institutionsFloatPercentHeld": 0.0, "institutionsCount": 0}, "balanceSheetHistoryQuarterly": {"balanceSheetStatements": [{"maxAge": 1, "endDate": "2020-12-31", "totalStockholderEquity": 1258589000, "netTangibleAssets": 1258589000}, {"maxAge": 1, "endDate": "2020-09-30", "cash": 78745000, "netReceivables": 51414000, "otherCurrentAssets": 174897000, "totalCurrentAssets": 305056000, "longTermInvestments": 80835000, "propertyPlantEquipment": 921502000, "otherAssets": 1956835000, "totalAssets": 3264228000, "accountsPayable": 12708000, "otherCurrentLiab": 86001000, "longTermDebt": 1763163000, "otherLiab": 142693000, "deferredLongTermLiab": 8031000, "totalCurrentLiabilities": 99783000, "totalLiab": 2005639000, "commonStock": 140000000, "treasuryStock": 1118589000, "otherStockholderEquity": 1118589000, "totalStockholderEquity": 1258589000, "netTangibleAssets": 1258589000}, {"maxAge": 1, "endDate": "2020-06-30", "totalStockholderEquity": 1219742000, "netTangibleAssets": 1219742000}, {"maxAge": 1, "endDate": "2020-03-31", "cash": 5130000, "netReceivables": 19414000, "otherCurrentAssets": 162874000, "totalCurrentAssets": 187418000, "longTermInvestments": 74300000, "propertyPlantEquipment": 1039932000, "otherAssets": 1950049000, "totalAssets": 3251699000, "accountsPayable": 9939000, "shortLongTermDebt": 29600000, "otherCurrentLiab": 149537000, "longTermDebt": 1684200000, "otherLiab": 128811000, "deferredLongTermLiab": 8372000, "totalCurrentLiabilities": 207219000, "totalLiab": 2031957000, "commonStock": 140000000, "retainedEarnings": 721640000, "treasuryStock": 1702000, "capitalSurplus": 356400000, "otherStockholderEquity": 1702000, "totalStockholderEquity": 1219742000, "netTangibleAssets": 1219742000}], "maxAge": 86400}, "earningsHistory": {"history": [{"maxAge": 1, "epsActual": {}, "epsEstimate": {}, "epsDifference": {}, "surprisePercent": {}, "quarter": {}, "period": "-4q"}, {"maxAge": 1, "epsActual": {}, "epsEstimate": {}, "epsDifference": {}, "surprisePercent": {}, "quarter": {}, "period": "-3q"}, {"maxAge": 1, "epsActual": {}, "epsEstimate": {}, "epsDifference": {}, "surprisePercent": {}, "quarter": {}, "period": "-2q"}, {"maxAge": 1, "epsActual": {}, "epsEstimate": {}, "epsDifference": {}, "surprisePercent": {}, "quarter": {}, "period": "-1q"}], "maxAge": 86400}, "summaryProfile": {"address1": "215-Atrium", "address2": "10th Fl, Next to Courtyard by Marriott H Opposite Divine Child High School Andheri Kurla Road, Andheri (East)", "city": "Mumbai", "zip": "400093", "country": "India", "phone": "91 22 6726 6666", "fax": "91 22 6693 7777", "website": "http://www.cineline.co.in", "industry": "Real Estate Services", "sector": "Real Estate", "longBusinessSummary": "Cineline India Limited, together with its subsidiaries, engages in the ownership and leasing of real estate properties in India. It is involved in renting out commercial and retail properties, and parking and advertising spaces in high-street malls. The company owns and leases nine theatres, which include seven in and around Mumbai, as well as one each in Nasik and Nagpur to PVR Cinemas; and owns a mall under the Eternity Mall name located in Nagpur, as well as provides maintenance services. It also generates renewable energy through a windmill with capacity of 0.6 MWA located at Viswada in Gujarat; and a windmill with capacity of 1.6 MWA situated at Revangaon in Maharashtra. The company was formerly known as Cinemax Properties Limited and changed its name to Cineline India Limited in March 2013. Cineline India Limited was incorporated in 2002 and is headquartered in Mumbai, India.", "fullTimeEmployees": 29, "companyOfficers": [], "maxAge": 86400}, "netSharePurchaseActivity": {"maxAge": 1, "period": "6m", "buyInfoCount": 0, "buyInfoShares": 0, "sellInfoCount": 0, "netInfoCount": 0, "netInfoShares": 0, "netPercentInsiderShares": 0.0, "totalInsiderShares": 19702990}, "insiderTransactions": {"transactions": [{"maxAge": 1, "shares": 6872800, "filerUrl": "", "transactionText": "", "filerName": "Kanakia (Rasesh B)", "filerRelation": "Director", "moneyText": "", "startDate": "2020-03-23", "ownership": "D"}, {"maxAge": 1, "shares": 23000, "filerUrl": "", "transactionText": "", "filerName": "Kanakia (Himanshu)", "filerRelation": "Managing Director", "moneyText": "", "startDate": "2020-03-23", "ownership": "D"}, {"maxAge": 1, "shares": 6850000, "filerUrl": "", "transactionText": "", "filerName": "Kanakia (Rasesh B)", "filerRelation": "Director", "moneyText": "", "startDate": "2020-03-19", "ownership": "D"}, {"maxAge": 1, "shares": 10000, "filerUrl": "", "transactionText": "", "filerName": "Kanakia (Rasesh B)", "filerRelation": "Director", "moneyText": "", "startDate": "2020-03-19", "ownership": "D"}, {"maxAge": 1, "shares": 10200, "filerUrl": "", "transactionText": "", "filerName": "Kanakia (Rasesh B)", "filerRelation": "Director", "moneyText": "", "startDate": "2020-03-19", "ownership": "D"}, {"maxAge": 1, "shares": 2000, "filerUrl": "", "transactionText": "", "filerName": "Kanakia (Rasesh B)", "filerRelation": "Director", "moneyText": "", "startDate": "2019-12-16", "ownership": "D"}, {"maxAge": 1, "shares": 6000, "filerUrl": "", "transactionText": "", "filerName": "Kanakia (Rasesh B)", "filerRelation": "Director", "moneyText": "", "startDate": "2019-12-16", "ownership": "D"}, {"maxAge": 1, "shares": 25000, "filerUrl": "", "transactionText": "", "filerName": "Kanakia (Himanshu)", "filerRelation": "Managing Director", "moneyText": "", "startDate": "2019-12-16", "ownership": "D"}, {"maxAge": 1, "shares": 17000, "filerUrl": "", "transactionText": "", "filerName": "Kanakia (Rasesh B)", "filerRelation": "Director", "moneyText": "", "startDate": "2019-12-13", "ownership": "D"}, {"maxAge": 1, "shares": 15000, "filerUrl": "", "transactionText": "", "filerName": "Kanakia (Himanshu)", "filerRelation": "Managing Director", "moneyText": "", "startDate": "2019-09-24", "ownership": "D"}, {"maxAge": 1, "shares": 25000, "filerUrl": "", "transactionText": "", "filerName": "Kanakia (Rasesh B)", "filerRelation": "Chairman of the Board", "moneyText": "", "startDate": "2019-09-19", "ownership": "D"}, {"maxAge": 1, "shares": 10000, "filerUrl": "", "transactionText": "", "filerName": "Kanakia (Himanshu)", "filerRelation": "Managing Director", "moneyText": "", "startDate": "2019-09-19", "ownership": "D"}, {"maxAge": 1, "shares": 5283, "filerUrl": "", "transactionText": "", "filerName": "Kanakia (Rasesh B)", "filerRelation": "Chairman of the Board", "moneyText": "", "startDate": "2019-09-12", "ownership": "D"}, {"maxAge": 1, "shares": 5388, "filerUrl": "", "transactionText": "", "filerName": "Kanakia (Himanshu)", "filerRelation": "Managing Director", "moneyText": "", "startDate": "2019-09-12", "ownership": "D"}, {"maxAge": 1, "shares": 4612, "filerUrl": "", "transactionText": "", "filerName": "Kanakia (Himanshu)", "filerRelation": "Managing Director", "moneyText": "", "startDate": "2019-09-03", "ownership": "D"}, {"maxAge": 1, "shares": 4717, "filerUrl": "", "transactionText": "", "filerName": "Kanakia (Rasesh B)", "filerRelation": "Non Independent Executive Chairman", "moneyText": "", "startDate": "2019-09-03", "ownership": "D"}, {"maxAge": 1, "shares": 10000, "filerUrl": "", "transactionText": "", "filerName": "Kanakia (Rasesh B)", "filerRelation": "Non Independent Executive Chairman", "moneyText": "", "startDate": "2019-08-28", "ownership": "D"}, {"maxAge": 1, "shares": 10000, "filerUrl": "", "transactionText": "", "filerName": "Kanakia (Himanshu)", "filerRelation": "Managing Director", "moneyText": "", "startDate": "2019-08-28", "ownership": "D"}, {"maxAge": 1, "shares": 25000, "filerUrl": "", "transactionText": "", "filerName": "Kanakia (Himanshu)", "filerRelation": "Managing Director", "moneyText": "", "startDate": "2019-08-23", "ownership": "D"}, {"maxAge": 1, "shares": 25000, "filerUrl": "", "transactionText": "", "filerName": "Kanakia (Rasesh B)", "filerRelation": "Chairman of the Board", "moneyText": "", "startDate": "2019-08-23", "ownership": "D"}, {"maxAge": 1, "shares": 6893524, "filerUrl": "", "transactionText": "", "filerName": "Kanakia (Rasesh B)", "filerRelation": "Non Independent Executive Chairman", "moneyText": "", "startDate": "2019-08-21", "ownership": "D"}, {"maxAge": 1, "shares": 2533424, "filerUrl": "", "transactionText": "", "filerName": "Kanakia (Himanshu)", "filerRelation": "Managing Director", "moneyText": "", "startDate": "2019-08-21", "ownership": "D"}, {"maxAge": 1, "shares": 78704, "filerUrl": "", "transactionText": "", "filerName": "Kanakia (Hiral H)", "filerRelation": "Director (Executive)", "moneyText": "", "startDate": "2009-11-19", "ownership": "D"}, {"maxAge": 1, "shares": 67704, "filerUrl": "", "transactionText": "", "filerName": "Kanakia (Rasesh B)", "filerRelation": "Chairman of the Board", "moneyText": "", "startDate": "2009-11-19", "ownership": "D"}, {"maxAge": 1, "shares": 78704, "filerUrl": "", "transactionText": "", "filerName": "Kanakia (Rupal Rasesh)", "filerRelation": "UNREPORTED", "moneyText": "", "startDate": "2009-11-19", "ownership": "D"}, {"maxAge": 1, "shares": 67704, "filerUrl": "", "transactionText": "", "filerName": "Kanakia (Himanshu)", "filerRelation": "Managing Director", "moneyText": "", "startDate": "2009-11-19", "ownership": "D"}], "maxAge": 1}, "sectorTrend": {"maxAge": 1, "symbol": null, "estimates": []}, "incomeStatementHistoryQuarterly": {"incomeStatementHistory": [{"maxAge": 1, "endDate": "2020-12-31", "totalRevenue": 47953000, "costOfRevenue": 11744000, "grossProfit": 36209000, "researchDevelopment": {}, "sellingGeneralAdministrative": 2172000, "nonRecurring": {}, "otherOperatingExpenses": 10089000, "totalOperatingExpenses": 33804000, "operatingIncome": 14149000, "totalOtherIncomeExpenseNet": 29500000, "ebit": 14149000, "interestExpense": -48501000, "incomeBeforeTax": 43649000, "incomeTaxExpense": 11725000, "minorityInterest": {}, "netIncomeFromContinuingOps": 31924000, "discontinuedOperations": {}, "extraordinaryItems": {}, "effectOfAccountingCharges": {}, "otherItems": {}, "netIncome": 31924000, "netIncomeApplicableToCommonShares": 31924000}, {"maxAge": 1, "endDate": "2020-09-30", "totalRevenue": 47917000, "costOfRevenue": 9446000, "grossProfit": 38471000, "researchDevelopment": {}, "sellingGeneralAdministrative": 1970000, "nonRecurring": {}, "otherOperatingExpenses": 21019000, "totalOperatingExpenses": 42410000, "operatingIncome": 5507000, "totalOtherIncomeExpenseNet": 21340000, "ebit": 5507000, "interestExpense": -48743000, "incomeBeforeTax": 26847000, "incomeTaxExpense": 4526000, "minorityInterest": {}, "netIncomeFromContinuingOps": 22321000, "discontinuedOperations": {}, "extraordinaryItems": {}, "effectOfAccountingCharges": {}, "otherItems": {}, "netIncome": 22321000, "netIncomeApplicableToCommonShares": 22321000}, {"maxAge": 1, "endDate": "2020-06-30", "totalRevenue": 33759000, "costOfRevenue": 7521000, "grossProfit": 26238000, "researchDevelopment": {}, "sellingGeneralAdministrative": 1978000, "nonRecurring": {}, "otherOperatingExpenses": 8687000, "totalOperatingExpenses": 28578000, "operatingIncome": 5181000, "totalOtherIncomeExpenseNet": 19922000, "ebit": 5181000, "interestExpense": -47702000, "incomeBeforeTax": 25103000, "incomeTaxExpense": 8661000, "minorityInterest": {}, "netIncomeFromContinuingOps": 16442000, "discontinuedOperations": {}, "extraordinaryItems": {}, "effectOfAccountingCharges": {}, "otherItems": {}, "netIncome": 16442000, "netIncomeApplicableToCommonShares": 16442000}, {"maxAge": 1, "endDate": "2020-03-31", "totalRevenue": 54884000, "costOfRevenue": 12314000, "grossProfit": 42570000, "researchDevelopment": {}, "sellingGeneralAdministrative": 5010000, "nonRecurring": {}, "otherOperatingExpenses": 7245000, "totalOperatingExpenses": 36034000, "operatingIncome": 18850000, "totalOtherIncomeExpenseNet": 21502000, "ebit": 18850000, "interestExpense": -47232000, "incomeBeforeTax": 40352000, "incomeTaxExpense": 10816000, "minorityInterest": {}, "netIncomeFromContinuingOps": 29536000, "discontinuedOperations": {}, "extraordinaryItems": {}, "effectOfAccountingCharges": {}, "otherItems": {}, "netIncome": 29536000, "netIncomeApplicableToCommonShares": 29536000}], "maxAge": 86400}, "cashflowStatementHistoryQuarterly": {"cashflowStatements": [{"maxAge": 1, "endDate": "2020-12-31", "netIncome": 31924000, "changeToLiabilities": 0}, {"maxAge": 1, "endDate": "2020-09-30", "netIncome": 22321000, "changeToLiabilities": 0}, {"maxAge": 1, "endDate": "2020-06-30", "netIncome": 16442000, "changeToLiabilities": 0}, {"maxAge": 1, "endDate": "2020-03-31", "netIncome": 29536000, "changeToLiabilities": 0}], "maxAge": 86400}, "earnings": {"maxAge": 86400, "earningsChart": {"quarterly": [], "earningsDate": []}, "financialsChart": {"yearly": [{"date": 2017, "revenue": 224300000, "earnings": 105200000}, {"date": 2018, "revenue": 222600000, "earnings": 105500000}, {"date": 2019, "revenue": 242298000, "earnings": 98479000}, {"date": 2020, "revenue": 256615000, "earnings": 76329000}], "quarterly": [{"date": "1Q2020", "revenue": 54884000, "earnings": 29536000}, {"date": "2Q2020", "revenue": 33759000, "earnings": 16442000}, {"date": "3Q2020", "revenue": 47917000, "earnings": 22321000}, {"date": "4Q2020", "revenue": 47953000, "earnings": 31924000}]}, "financialCurrency": "INR"}, "financialData": {"maxAge": 86400, "currentPrice": 31.65, "recommendationMean": 2.0, "recommendationKey": "buy", "totalCash": 78745000, "totalCashPerShare": 2.812, "ebitda": 108649504, "totalDebt": 1763163008, "totalRevenue": 184514000, "debtToEquity": 140.09, "revenuePerShare": 6.588, "grossProfits": 204478000, "earningsGrowth": 0.096, "revenueGrowth": -0.25, "grossMargins": 0.77766, "ebitdaMargins": 0.58884, "operatingMargins": 0.24821, "profitMargins": 0.54437, "financialCurrency": "INR"}}}