{"CINEVISTA.NS": {"assetProfile": {"address1": "Plot No. 1", "address2": "L.B.S. Marg Gandhi Nagar Kanjurmarg (West)", "city": "Mumbai", "zip": "400078", "country": "India", "phone": "91 22 2577 0446", "fax": "91 22 2577 0446", "website": "http://www.cinevistaas.com", "industry": "Entertainment", "sector": "Communication Services", "longBusinessSummary": "Cinevista Limited produces serials, films, and ad films in India and internationally. It offers commercial television content in the areas of action, adventure, kids programming, drama, and soap; produces and distributes movies; and produces advertising commercials for various clients and advertisers. The company also owns and operates a five-acre property that is a one-stop shop for shooting needs; creates television software; and provides post production services, as well as rents equipment, such as recorders, cameras, digital triax set ups, and SEG video switchers. It offers its programming in various channels, including Sony TV, Sahara One, Zee TV, and MTV. The company was formerly known as Cinevistaas Limited and changed its name to Cinevista Limited in October 2012. Cinevista Limited was founded in 1982 and is based in Mumbai, India.", "companyOfficers": [{"maxAge": 1, "name": "Mr. Prem Krishen Malhotra", "age": 67, "title": "Chairman", "yearBorn": 1953, "fiscalYear": 2020, "totalPay": 6300000, "exercisedValue": 0, "unexercisedValue": 0}, {"maxAge": 1, "name": "Mr. Sunil Vishnu Mehta", "age": 66, "title": "Vice Chairman, CEO & MD", "yearBorn": 1954, "fiscalYear": 2020, "totalPay": 6300000, "exercisedValue": 0, "unexercisedValue": 0}, {"maxAge": 1, "name": "Mr. Kuttan Bahuleyan Nair", "title": "Chief Financial Officer", "fiscalYear": 2020, "totalPay": 1968000, "exercisedValue": 0, "unexercisedValue": 0}, {"maxAge": 1, "name": "Ms. Kilpa M. Shah Goradia", "title": "Compliance Officer & Company Sec.", "fiscalYear": 2020, "totalPay": 800000, "exercisedValue": 0, "unexercisedValue": 0}], "compensationAsOfEpochDate": "2020-12-31 05:30:00", "maxAge": 86400}, "cashflowStatementHistory": {"cashflowStatements": [{"maxAge": 1, "endDate": "2020-03-31", "netIncome": -30726000, "depreciation": 9450000, "changeToNetincome": 35623000, "changeToAccountReceivables": -26400000, "changeToLiabilities": -24258000, "changeToInventory": 25545000, "totalCashFromOperatingActivities": -10766000, "capitalExpenditures": -1448000, "otherCashflowsFromInvestingActivities": 326000, "totalCashflowsFromInvestingActivities": -962000, "netBorrowings": 54196000, "otherCashflowsFromFinancingActivities": -42783000, "totalCashFromFinancingActivities": 11413000, "changeInCash": -315000}, {"maxAge": 1, "endDate": "2019-03-31", "netIncome": -13135000, "depreciation": 10521000, "changeToNetincome": 47410000, "changeToAccountReceivables": 7297000, "changeToLiabilities": 45089000, "changeToInventory": -79287000, "totalCashFromOperatingActivities": 17895000, "capitalExpenditures": -14172000, "otherCashflowsFromInvestingActivities": -21046000, "totalCashflowsFromInvestingActivities": -31827000, "netBorrowings": 42364000, "otherCashflowsFromFinancingActivities": -44288000, "totalCashFromFinancingActivities": -1924000, "changeInCash": -15856000}, {"maxAge": 1, "endDate": "2018-03-31", "netIncome": -24501000, "depreciation": 13245000, "changeToNetincome": 22663000, "changeToAccountReceivables": 34459000, "changeToLiabilities": 58450000, "changeToInventory": 1264000, "totalCashFromOperatingActivities": 105580000, "capitalExpenditures": -18915000, "otherCashflowsFromInvestingActivities": -1324000, "totalCashflowsFromInvestingActivities": -17808000, "netBorrowings": -29636000, "otherCashflowsFromFinancingActivities": -41828000, "totalCashFromFinancingActivities": -71464000, "changeInCash": 16309000}, {"maxAge": 1, "endDate": "2017-03-31", "netIncome": 1584085, "depreciation": 16112550, "changeToNetincome": -27277011, "changeToAccountReceivables": 37150330, "changeToLiabilities": -55496880, "changeToInventory": -46511720, "totalCashFromOperatingActivities": -74438650, "capitalExpenditures": -3991120, "otherCashflowsFromInvestingActivities": -177940, "totalCashflowsFromInvestingActivities": -2560610, "netBorrowings": 118389770, "otherCashflowsFromFinancingActivities": -41271750, "totalCashFromFinancingActivities": 77118020, "changeInCash": 118760}], "maxAge": 86400}, "institutionOwnership": {"maxAge": 1, "ownershipList": []}, "majorHoldersBreakdown": {"maxAge": 1, "insidersPercentHeld": 0.7087, "institutionsPercentHeld": 0.0, "institutionsFloatPercentHeld": 0.0, "institutionsCount": 0}, "balanceSheetHistoryQuarterly": {"balanceSheetStatements": [{"maxAge": 1, "endDate": "2020-12-31", "totalStockholderEquity": 1458765000, "netTangibleAssets": 1258071000}, {"maxAge": 1, "endDate": "2020-09-30", "cash": 4604000, "netReceivables": 95818000, "inventory": 478790000, "otherCurrentAssets": 138350000, "totalCurrentAssets": 717562000, "longTermInvestments": 1967000, "propertyPlantEquipment": 1135532000, "intangibleAssets": 200694000, "otherAssets": 106436000, "deferredLongTermAssetCharges": 88159000, "totalAssets": 2162191000, "accountsPayable": 104888000, "otherCurrentLiab": 79557000, "longTermDebt": 518981000, "totalCurrentLiabilities": 184445000, "totalLiab": 703426000, "commonStock": 117575000, "treasuryStock": 1341190000, "otherStockholderEquity": 1341190000, "totalStockholderEquity": 1458765000, "netTangibleAssets": 1258071000}, {"maxAge": 1, "endDate": "2020-06-30"}, {"maxAge": 1, "endDate": "2020-03-31", "cash": 788000, "netReceivables": 221421000, "inventory": 468349000, "otherCurrentAssets": 16250000, "totalCurrentAssets": 706808000, "longTermInvestments": 1976000, "propertyPlantEquipment": 1139583000, "intangibleAssets": 200694000, "otherAssets": 105503000, "deferredLongTermAssetCharges": 88159000, "totalAssets": 2154564000, "accountsPayable": 117174000, "otherCurrentLiab": 70584000, "longTermDebt": 462873000, "totalCurrentLiabilities": 202045000, "totalLiab": 664918000, "commonStock": 117575000, "retainedEarnings": -317211000, "treasuryStock": 938473000, "capitalSurplus": 750809000, "otherStockholderEquity": 938473000, "totalStockholderEquity": 1489646000, "netTangibleAssets": 1288952000}], "maxAge": 86400}, "indexTrend": {"maxAge": 1, "symbol": "SP5", "peRatio": 19.7411, "pegRatio": 1.34172, "estimates": [{"period": "0q", "growth": 0.549}, {"period": "+1q", "growth": 0.431}, {"period": "0y", "growth": 0.305}, {"period": "+1y", "growth": 0.109}, {"period": "+5y", "growth": 0.120865}, {"period": "-5y"}]}, "defaultKeyStatistics": {"maxAge": 1, "priceHint": 2, "enterpriseValue": 1235204736, "profitMargins": -1.0375199, "floatShares": 14689953, "sharesOutstanding": 57436500, "heldPercentInsiders": 0.7087, "heldPercentInstitutions": 0.0, "beta": 1.154865, "category": null, "bookValue": 25.936, "priceToBook": 0.4607495, "fundFamily": null, "legalType": null, "lastFiscalYearEnd": "2020-03-31 05:30:00", "nextFiscalYearEnd": "2022-03-31 05:30:00", "mostRecentQuarter": "2020-12-31 05:30:00", "netIncomeToCommon": -62079000, "trailingEps": -0.535, "lastSplitFactor": "5:1", "lastSplitDate": "2008-01-22 05:30:00", "enterpriseToRevenue": 20.644, "enterpriseToEbitda": -86.304, "52WeekChange": 1.4895833, "SandP52WeekChange": 0.48148263}, "summaryProfile": {"address1": "Plot No. 1", "address2": "L.B.S. Marg Gandhi Nagar Kanjurmarg (West)", "city": "Mumbai", "zip": "400078", "country": "India", "phone": "91 22 2577 0446", "fax": "91 22 2577 0446", "website": "http://www.cinevistaas.com", "industry": "Entertainment", "sector": "Communication Services", "longBusinessSummary": "Cinevista Limited produces serials, films, and ad films in India and internationally. It offers commercial television content in the areas of action, adventure, kids programming, drama, and soap; produces and distributes movies; and produces advertising commercials for various clients and advertisers. The company also owns and operates a five-acre property that is a one-stop shop for shooting needs; creates television software; and provides post production services, as well as rents equipment, such as recorders, cameras, digital triax set ups, and SEG video switchers. It offers its programming in various channels, including Sony TV, Sahara One, Zee TV, and MTV. The company was formerly known as Cinevistaas Limited and changed its name to Cinevista Limited in October 2012. Cinevista Limited was founded in 1982 and is based in Mumbai, India.", "companyOfficers": [], "maxAge": 86400}, "netSharePurchaseActivity": {"maxAge": 1, "period": "6m", "buyInfoCount": 0, "buyInfoShares": 0, "sellInfoCount": 0, "netInfoCount": 0, "netInfoShares": 0, "netPercentInsiderShares": 0.0, "totalInsiderShares": 40705232}, "insiderTransactions": {"transactions": [{"maxAge": 1, "shares": 226616, "filerUrl": "", "transactionText": "", "filerName": "Mehta (Mahesh Vishnu)", "filerRelation": "Promoter", "moneyText": "", "startDate": "2017-11-30", "ownership": "D"}, {"maxAge": 1, "shares": 16673, "filerUrl": "", "transactionText": "", "filerName": "Malhotra (Sunita P)", "filerRelation": "Promoter", "moneyText": "", "startDate": "2015-11-17", "ownership": "D"}, {"maxAge": 1, "shares": 81390, "filerUrl": "", "transactionText": "", "filerName": "Mehta (Mahesh Vishnu)", "filerRelation": "Promoter", "moneyText": "", "startDate": "2014-01-31", "ownership": "D"}], "maxAge": 1}, "quoteType": {"exchange": "NSI", "quoteType": "EQUITY", "symbol": "CINEVISTA.NS", "underlyingSymbol": "CINEVISTA.NS", "shortName": "CINEVISTA LIMITED", "longName": "Cinevista Limited", "firstTradeDateEpochUtc": "2002-07-01 09:15:00", "timeZoneFullName": "Asia/Kolkata", "timeZoneShortName": "IST", "uuid": "83840c76-c777-3f74-b371-ea5927c85416", "messageBoardId": "finmb_20334666", "gmtOffSetMilliseconds": 19800000, "maxAge": 1}, "incomeStatementHistory": {"incomeStatementHistory": [{"maxAge": 1, "endDate": "2020-03-31", "totalRevenue": 225500000, "costOfRevenue": 152468000, "grossProfit": 73032000, "researchDevelopment": {}, "sellingGeneralAdministrative": 109000, "nonRecurring": {}, "otherOperatingExpenses": 50838000, "totalOperatingExpenses": 212865000, "operatingIncome": 12635000, "totalOtherIncomeExpenseNet": -43069000, "ebit": 12635000, "interestExpense": -43713000, "incomeBeforeTax": -30434000, "incomeTaxExpense": 292000, "minorityInterest": {}, "netIncomeFromContinuingOps": -30726000, "discontinuedOperations": {}, "extraordinaryItems": {}, "effectOfAccountingCharges": {}, "otherItems": {}, "netIncome": -30726000, "netIncomeApplicableToCommonShares": -30726000}, {"maxAge": 1, "endDate": "2019-03-31", "totalRevenue": 408588000, "costOfRevenue": 279291000, "grossProfit": 129297000, "researchDevelopment": {}, "sellingGeneralAdministrative": 152000, "nonRecurring": {}, "otherOperatingExpenses": 82391000, "totalOperatingExpenses": 372355000, "operatingIncome": 36233000, "totalOtherIncomeExpenseNet": -49217000, "ebit": 36233000, "interestExpense": -47526000, "incomeBeforeTax": -12984000, "incomeTaxExpense": 151000, "minorityInterest": {}, "netIncomeFromContinuingOps": -13135000, "discontinuedOperations": {}, "extraordinaryItems": {}, "effectOfAccountingCharges": {}, "otherItems": {}, "netIncome": -13135000, "netIncomeApplicableToCommonShares": -13135000}, {"maxAge": 1, "endDate": "2018-03-31", "totalRevenue": 218204000, "costOfRevenue": 224480000, "grossProfit": -6276000, "researchDevelopment": {}, "sellingGeneralAdministrative": 138000, "nonRecurring": {}, "otherOperatingExpenses": 44160000, "totalOperatingExpenses": 282023000, "operatingIncome": -63819000, "totalOtherIncomeExpenseNet": 39550000, "ebit": -63819000, "interestExpense": -43136000, "incomeBeforeTax": -24269000, "incomeTaxExpense": 232000, "minorityInterest": {}, "netIncomeFromContinuingOps": -24501000, "discontinuedOperations": {}, "extraordinaryItems": {}, "effectOfAccountingCharges": {}, "otherItems": {}, "netIncome": -24501000, "netIncomeApplicableToCommonShares": -24501000}, {"maxAge": 1, "endDate": "2017-03-31", "totalRevenue": 237005162, "costOfRevenue": 174934734, "grossProfit": 62070428, "researchDevelopment": {}, "sellingGeneralAdministrative": 217960, "nonRecurring": {}, "otherOperatingExpenses": 72897762, "totalOperatingExpenses": 264163010, "operatingIncome": -27157848, "totalOtherIncomeExpenseNet": 29175158, "ebit": -27157848, "interestExpense": -42146714, "incomeBeforeTax": 2017310, "incomeTaxExpense": 433225, "minorityInterest": {}, "netIncomeFromContinuingOps": 1584085, "discontinuedOperations": {}, "extraordinaryItems": {}, "effectOfAccountingCharges": {}, "otherItems": {}, "netIncome": 1584085, "netIncomeApplicableToCommonShares": 1584085}], "maxAge": 86400}, "fundOwnership": {"maxAge": 1, "ownershipList": []}, "summaryDetail": {"maxAge": 1, "priceHint": 2, "previousClose": 12.55, "open": 11.95, "dayLow": 11.95, "dayHigh": 11.95, "regularMarketPreviousClose": 12.55, "regularMarketOpen": 11.95, "regularMarketDayLow": 11.95, "regularMarketDayHigh": 11.95, "payoutRatio": 0.0, "beta": 1.154865, "volume": 7010, "regularMarketVolume": 7010, "averageVolume": 78453, "averageVolume10days": 18292, "averageDailyVolume10Day": 18292, "bid": 0.0, "ask": 0.0, "bidSize": 0, "askSize": 0, "marketCap": 656832960, "fiftyTwoWeekLow": 4.6, "fiftyTwoWeekHigh": 16.95, "priceToSalesTrailing12Months": 10.977588, "fiftyDayAverage": 9.378788, "twoHundredDayAverage": 7.318085, "currency": "INR", "fromCurrency": null, "toCurrency": null, "lastMarket": null, "algorithm": null, "tradeable": false}, "incomeStatementHistoryQuarterly": {"incomeStatementHistory": [{"maxAge": 1, "endDate": "2020-12-31", "totalRevenue": 1277000, "costOfRevenue": 2572000, "grossProfit": -1295000, "researchDevelopment": {}, "sellingGeneralAdministrative": {}, "nonRecurring": {}, "otherOperatingExpenses": 5973000, "totalOperatingExpenses": 10550000, "operatingIncome": -9273000, "totalOtherIncomeExpenseNet": -11106000, "ebit": -9273000, "interestExpense": -11149000, "incomeBeforeTax": -20379000, "incomeTaxExpense": 0, "minorityInterest": {}, "netIncomeFromContinuingOps": -20379000, "discontinuedOperations": {}, "extraordinaryItems": {}, "effectOfAccountingCharges": {}, "otherItems": {}, "netIncome": -20379000, "netIncomeApplicableToCommonShares": -20379000}, {"maxAge": 1, "endDate": "2020-09-30", "totalRevenue": 2079000, "costOfRevenue": 3588000, "grossProfit": -1509000, "researchDevelopment": {}, "sellingGeneralAdministrative": {}, "nonRecurring": {}, "otherOperatingExpenses": 2600000, "totalOperatingExpenses": 8206000, "operatingIncome": -6127000, "totalOtherIncomeExpenseNet": -11080000, "ebit": -6127000, "interestExpense": -11633000, "incomeBeforeTax": -17207000, "incomeTaxExpense": 0, "minorityInterest": {}, "netIncomeFromContinuingOps": -17207000, "discontinuedOperations": {}, "extraordinaryItems": {}, "effectOfAccountingCharges": {}, "otherItems": {}, "netIncome": -17207000, "netIncomeApplicableToCommonShares": -17207000}, {"maxAge": 1, "endDate": "2020-06-30", "totalRevenue": 0, "costOfRevenue": 3343000, "grossProfit": -3343000, "researchDevelopment": {}, "sellingGeneralAdministrative": {}, "nonRecurring": {}, "otherOperatingExpenses": 1873000, "totalOperatingExpenses": 7215000, "operatingIncome": -7215000, "totalOtherIncomeExpenseNet": -6460000, "ebit": -7215000, "interestExpense": -7134000, "incomeBeforeTax": -13675000, "incomeTaxExpense": 0, "minorityInterest": {}, "netIncomeFromContinuingOps": -13675000, "discontinuedOperations": {}, "extraordinaryItems": {}, "effectOfAccountingCharges": {}, "otherItems": {}, "netIncome": -13675000, "netIncomeApplicableToCommonShares": -13675000}, {"maxAge": 1, "endDate": "2020-03-31", "totalRevenue": 56479000, "costOfRevenue": 23462000, "grossProfit": 33017000, "researchDevelopment": {}, "sellingGeneralAdministrative": 109000, "nonRecurring": {}, "otherOperatingExpenses": 30871000, "totalOperatingExpenses": 56823000, "operatingIncome": -344000, "totalOtherIncomeExpenseNet": -10458000, "ebit": -344000, "interestExpense": -10112000, "incomeBeforeTax": -10802000, "incomeTaxExpense": 16000, "minorityInterest": {}, "netIncomeFromContinuingOps": -10818000, "discontinuedOperations": {}, "extraordinaryItems": {}, "effectOfAccountingCharges": {}, "otherItems": {}, "netIncome": -10818000, "netIncomeApplicableToCommonShares": -10818000}], "maxAge": 86400}, "cashflowStatementHistoryQuarterly": {"cashflowStatements": [{"maxAge": 1, "endDate": "2020-12-31", "netIncome": -20379000, "changeToLiabilities": 0}, {"maxAge": 1, "endDate": "2020-09-30", "netIncome": -17207000, "changeToLiabilities": 0}, {"maxAge": 1, "endDate": "2020-06-30", "netIncome": -13675000, "changeToLiabilities": 0}, {"maxAge": 1, "endDate": "2020-03-31", "netIncome": -10818000, "changeToLiabilities": 0}], "maxAge": 86400}, "insiderHolders": {"holders": [{"maxAge": 1, "name": "Malhotra (Sunita P)", "relation": "Promoter", "url": "", "transactionDescription": "Acquisition", "latestTransDate": "2015-11-17", "positionDirect": 5181808, "positionDirectDate": "2015-11-17"}, {"maxAge": 1, "name": "Mehta (Mahesh Vishnu)", "relation": "Promoter", "url": "", "transactionDescription": "Sale", "latestTransDate": "2017-11-30", "positionDirect": 1104774, "positionDirectDate": "2017-11-30"}], "maxAge": 1}, "calendarEvents": {"maxAge": 1, "earnings": {"earningsDate": []}}, "price": {"maxAge": 1, "regularMarketChangePercent": -0.047808796, "regularMarketChange": -0.6000004, "regularMarketTime": "2021-04-30 15:06:12", "priceHint": 2, "regularMarketPrice": 11.95, "regularMarketDayHigh": 11.95, "regularMarketDayLow": 11.95, "regularMarketVolume": 7010, "averageDailyVolume10Day": 18292, "averageDailyVolume3Month": 78453, "regularMarketPreviousClose": 12.55, "regularMarketSource": "FREE_REALTIME", "regularMarketOpen": 11.95, "exchange": "NSI", "exchangeName": "NSE", "exchangeDataDelayedBy": 15, "marketState": "CLOSED", "quoteType": "EQUITY", "symbol": "CINEVISTA.NS", "underlyingSymbol": null, "shortName": "CINEVISTA LIMITED", "longName": "Cinevista Limited", "currency": "INR", "quoteSourceName": "Delayed Quote", "currencySymbol": "\u20b9", "fromCurrency": null, "toCurrency": null, "lastMarket": null, "marketCap": 656832960}, "balanceSheetHistory": {"balanceSheetStatements": [{"maxAge": 1, "endDate": "2020-03-31", "cash": 788000, "netReceivables": 221421000, "inventory": 468349000, "otherCurrentAssets": 16250000, "totalCurrentAssets": 706808000, "longTermInvestments": 1976000, "propertyPlantEquipment": 1139583000, "intangibleAssets": 200694000, "otherAssets": 105503000, "deferredLongTermAssetCharges": 88159000, "totalAssets": 2154564000, "accountsPayable": 117174000, "otherCurrentLiab": 70584000, "longTermDebt": 462873000, "totalCurrentLiabilities": 202045000, "totalLiab": 664918000, "commonStock": 117575000, "retainedEarnings": -317211000, "treasuryStock": 938473000, "capitalSurplus": 750809000, "otherStockholderEquity": 938473000, "totalStockholderEquity": 1489646000, "netTangibleAssets": 1288952000}, {"maxAge": 1, "endDate": "2019-03-31", "cash": 1103000, "netReceivables": 251913000, "inventory": 442803000, "otherCurrentAssets": 11288000, "totalCurrentAssets": 707107000, "longTermInvestments": 1976000, "propertyPlantEquipment": 1147745000, "goodWill": 23296000, "intangibleAssets": 200694000, "otherAssets": 97782000, "deferredLongTermAssetCharges": 88159000, "totalAssets": 2178600000, "accountsPayable": 121268000, "otherCurrentLiab": 56576000, "longTermDebt": 408678000, "totalCurrentLiabilities": 226255000, "totalLiab": 634933000, "commonStock": 117575000, "retainedEarnings": -263190000, "treasuryStock": 938473000, "capitalSurplus": 750809000, "otherStockholderEquity": 938473000, "totalStockholderEquity": 1543667000, "netTangibleAssets": 1319677000}, {"maxAge": 1, "endDate": "2018-03-31", "cash": 16960000, "netReceivables": 249841000, "inventory": 363516000, "otherCurrentAssets": 5845000, "totalCurrentAssets": 636162000, "longTermInvestments": 1976000, "propertyPlantEquipment": 1147413000, "goodWill": 23296000, "intangibleAssets": 200694000, "otherAssets": 98023000, "deferredLongTermAssetCharges": 88159000, "totalAssets": 2107564000, "accountsPayable": 67026000, "otherCurrentLiab": 97903000, "longTermDebt": 366314000, "deferredLongTermLiab": 23000, "totalCurrentLiabilities": 184448000, "totalLiab": 550762000, "commonStock": 117575000, "retainedEarnings": -250055000, "treasuryStock": 938473000, "capitalSurplus": 750809000, "otherStockholderEquity": 938473000, "totalStockholderEquity": 1556802000, "netTangibleAssets": 1332812000}, {"maxAge": 1, "endDate": "2017-03-31", "cash": 650559, "shortTermInvestments": 4144872, "netReceivables": 213577820, "inventory": 373153868, "otherCurrentAssets": 13700059, "totalCurrentAssets": 605227178, "longTermInvestments": 1975567, "propertyPlantEquipment": 1184861964, "goodWill": 23295680, "intangibleAssets": 200693589, "otherAssets": 88182452, "deferredLongTermAssetCharges": 88159470, "totalAssets": 2104236430, "accountsPayable": 56258358, "longTermDebt": 346196320, "otherLiab": 53838053, "deferredLongTermLiab": 22982, "totalCurrentLiabilities": 122898876, "totalLiab": 522933249, "commonStock": 117574750, "retainedEarnings": -225553711, "treasuryStock": 938472816, "capitalSurplus": 750809332, "otherStockholderEquity": 938472816, "totalStockholderEquity": 1581303187, "netTangibleAssets": 1357313918}], "maxAge": 86400}, "financialData": {"maxAge": 86400, "currentPrice": 11.95, "recommendationKey": "none", "totalCash": 4604000, "totalCashPerShare": 0.08, "ebitda": -14312250, "totalDebt": 518980992, "totalRevenue": 59834000, "debtToEquity": 35.577, "revenuePerShare": 3.926, "grossProfits": 73032000, "revenueGrowth": -0.983, "grossMargins": 0.44907, "ebitdaMargins": -0.2392, "operatingMargins": -0.38371, "profitMargins": -1.0375199, "financialCurrency": "INR"}}}